3809 5859
555 379 732 442 Hl'STOlRE
754 383 806 443 DU
827 371 955 444 REGNE
978 383 1029 442 DE
1050 384 1237 444 TlRlDATE.

83 522 269 579 accumulees
279 517 314 593 eir
329 527 357 572 et
368 515 394 571 l'a
405 526 433 571 et
446 515 587 570 tellement
601 516 709 571 eleve'es
729 535 785 590 que
799 518 868 574 l'oeil

84 630 120 667 ne
132 609 256 684 pouvait
265 603 465 662 lesatteindre.
480 602 516 660 Et
527 622 583 658 une
593 603 711 660 lumiire
722 607 869 680 repandue

84 719 135 754 sur
147 700 217 754 elles
230 693 395 751 descendait
406 691 519 765 jusqu'ai
535 693 562 746 la
581 701 670 758 terre,
684 704 712 748 et
726 712 762 748 en
778 695 870 750 meme

85 800 182 861 temps
196 802 252 859 que
272 785 299 838 la
315 780 447 848 lumiere,
473 779 718 835 d'innombrables
738 782 871 838 cohortes

86 876 251 931 d'hommes
262 871 425 926 e'tineelants
433 868 535 923 etailes
547 888 555 936 ;
569 877 598 923 et
606 869 680 923 leurs
691 870 758 924 ailes
768 871 872 925 etaient

85 961 308 1037 flamboyantes.
321 961 363 1014 La
374 955 492 1011 lumidre
505 957 571 1010 ‹itait
591 956 746 1011 semblable
763 975 818 1012 ουκ
831 958 873 1012 le-

86 1071 156 1128 gers
169 1061 275 1106 atomes
287 1047 323 1102 de
335 1047 362 1102 la
375 1044 535 1120 poussidre,
548 1045 606 1117 qui,
616 1062 653 1098 au
663 1055 789 1100 moment
799 1043 835 1100 de
844 1045 872 1099 la

71 1141 208 1197 -chaleur
220 1137 259 1192 du
273 1137 446 1210 printemps‚
457 1150 486 1186 se
493 1131 595 1202 jouent
604 1132 675 1186 dans
689 1133 715 1187 le
732 1151 823 1204 rayon
835 1131 871 1188 de

87 1229 171 1284 soleil
182 1221 363 1302 glissant'par
378 1239 436 1276 une
448 1219 556 1275 fenetre
578 1238 616 1274 ou
630 1237 683 1296 par
699 1230 779 1276 toute
791 1231 872 1275 autre

88 1319 174 1374 issue.
190 1318 226 1370 Et
235 1315 275 1369 les
291 1311 437 1374 cohortes,
454 1326 488 1364 en
501 1309 593 1363 milne
607 1318 699 1383 temps
715 1327 771 1382 que
785 1310 812 1364 la
826 1309 872 1364 lu·

89 1405 191 1474 misire,
205 1401 376 1457 inonderent
392 1408 471 1452 toute
486 1397 514 1451 la
528 1405 617 1471 terre3
630 1408 658 1451 et
668 1415 779 1451 comme
788 1397 815 1451 la
827 1398 872 1451 1ιι-

90 1493 181 1548 ιιιὶὲτε
194 1510 224 1546 se
235 1487 401 1564 re'panduit‚
416 1487 483 1540 elles
492 1502 521 1540 se
529 1484 714 1558 repandirent
723 1503 791 1540 avec
807 1486 869 1540 elle.

92 1585 129 1637 Et
142 1600 184 1635 un
197 1581 311 1634 homme
321 1594 358 1630 au
372 1575 465 1648 visage
480 1573 611 1640 terrible,
624 1572 717 1648 grand>
729 1585 757 1627 et
769 1571 874 1626 formi-

92 1669 195 1742 dable,
212 1664 359 1722 descendit
370 1663 397 1717 le
407 1662 532 1736 premier
543 1659 608 1715 d'en
620 1661 700 1714 haut.
717 1660 742 1717 ll
756 1661 844 1715 tenait
858 1661 873 1715 ri

92 1759 118 1812 la
134 1757 211 1818 main
224 1773 265 1809 un
277 1754 396 1807 inorme
408 1759 536 1804 marteau
548 1747 622 1816 d’or‚
644 1759 671 1804 et
687 1759 751 1802 tous
768 1749 794 1804 le
811 1749 871 1803 sui-

92 1847 198 1902 vaient.
212 1844 238 1897 ll
249 1841 365 1905 arrirait
377 1837 446 1893 d'un
454 1837 504 1892 vol
519 1835 631 1910 rapide,
645 1835 823 1891 semblableir
834 1855 875 1890 nn

92 1934 165 2007 aigle
180 1949 237 1988 aux
247 1930 313 1984 alles
320 1928 485 2002 puissantes.
502 1925 527 1979 ll
540 1923 684 1979 descendit
703 1934 731 1978 et
741 1925 801 1977 vinr
815 1922 875 1995 jus·

94 2021 163 2094 qu'ir
182 2030 273 2085 terre,
285 2035 321 2072 au
342 2015 439 2070 milieu
456 2011 492 2067 de
506 2013 535 2066 la
548 2011 630 2078 ville,
648 2020 677 2066 et
691 2013 711 2065 il
730 2009 830 2085 srappa
849 2012 875 2066 la

94 2108 198 2164 crodte
217 2107 323 2180 e'paisse
340 2103 375 2158 de
390 2101 686 2157 l’immensecoutree.
705 2101 740 2154 Et
754 2101 780 2154 le
800 2117 875 2174 coup

95 2216 132 2253 en
153 2195 269 2267 retentit
277 2193 380 2264 jusque
395 2190 465 2244 dans
485 2189 525 2244 les
537 2189 643 2242 abimes
664 2187 699 2242 de
721 2187 830 2255 l’enfer,
848 2198 877 2242 et

1645 387 1701 445 151

922 530 1002 574 toute
1016 519 1043 573 la
1059 529 1148 588 terre,
1161 517 1297 590 jusqu'oir
1311 519 1429 591 pouvait
1442 518 1581 574 atteitrdre
1592 519 1702 591 larue,

924 609 1023 663 devint
1036 608 1103 662 unie
1118 625 1228 661 comme
1239 626 1295 661 une
1309 608 1415 680 plaine.

966 694 994 769 [5
1007 692 1086 769 ειη]
1100 719 1112 743 ι
1122 697 1158 749 Et
1166 695 1305 768 J'aperqus
1315 713 1349 749 au
1359 695 1457 749 milieu
1468 695 1504 750 de
1515 695 1543 749 la
1551 695 1627 762 ville,
1639 695 1705 768 pris

926 784 967 838 du
978 785 1065 859 paleis
1080 783 1118 838 du
1132 784 1194 854 roi,
1214 802 1255 837 nn
1267 781 1404 855 piedestnl
1420 782 1494 837 rond
1510 801 1546 837 en
1564 801 1608 851 or,
1622 783 1702 858 large

927 890 1038 927 comme
1065 890 1104 925 un
1120 870 1212 945 grand
1232 871 1365 944 plateau,
1385 870 1493 944 duquel
1509 869 1635 926 s'elevait
1649 890 1705 927 une

929 961 1065 1015 immense
1088 961 1211 1014 colonne
1233 958 1269 1014 de
1283 959 1345 1028 feu,
1365 976 1434 1014 avec
1458 977 1500 1013 un
1519 977 1612 1034 nuage
1630 978 1706 1032 pour

927 1049 1096 1121 chapiteau,
1124 1049 1270 1102 surrnonte
1288 1046 1373 1102 d'une
1392 1048 1473 1101 croix
1500 1045 1703 1119 flamboyante.

928 1133 963 1191 Et
973 1135 1002 1206 je
1015 1135 1163 1209 regardai,
1180 1146 1210 1191 et
1222 1135 1251 1206 je
1264 1136 1307 1189 vis
1329 1137 1399 1190 trois
1414 1147 1507 1190 autres
1524 1135 1705 1209 ρὶέάεειοιιιι,

927 1243 966 1277 un
991 1223 1007 1277 'a
1030 1222 1164 1278 l'endroit
1187 1223 1226 1277 oir
1253 1223 1295 1277 fut
1323 1225 1471 1296 matyrisee
1492 1224 1580 1278 sainte
1600 1222 1704 1279 Gaiane

928 1329 996 1366 avec
1007 1309 1083 1365 deux
1094 1310 1130 1364 de
1143 1329 1186 1366 ses
1195 1329 1366 1386 compagnes
1376 1352 1384 1379 ,
1395 1311 1509 1379 l’autre,
1519 1312 1546 1365 la
1562 1311 1599 1366 οὺ
1615 1311 1705 1365 sainte

930 1398 1074 1472 llripsime
1094 1397 1137 1453 fut
1154 1401 1317 1472 martyriseie
1336 1416 1405 1453 arec
1419 1417 1462 1453 ses
1480 1410 1570 1454 trente
1590 1417 1706 1472 eompa-

929 1505 1011 1561 gnes3
1023 1487 1050 1540 le
1060 1486 1203 1541 troisieme
1213 1505 1261 1540 sur
1273 1486 1497 1559 l’emplacement
1506 1487 1541 1542 de
1550 1471 1579 1540 lu
1589 1505 1707 1541 resserre

929 1575 977 1630 des
990 1593 1080 1630 cuves.
1098 1573 1134 1630 Et
1156 1593 1200 1628 ces
1221 1574 1388 1647 piedestuux
1410 1575 1514 1628 etaient
1532 1573 1570 1627 de
1590 1574 1708 1628 couleur

931 1680 1021 1736 rouge
1035 1680 1122 1736 sang,
1139 1674 1168 1717 et
1181 1663 1221 1717 les
1237 1663 1373 1718 colonnes
1388 1662 1493 1716 etaient
1507 1660 1543 1715 de
1562 1678 1669 1734 nuages
1680 1672 1709 1716 et

929 1750 969 1804 les
978 1739 1146 1823 chapiteoux
1160 1750 1196 1804 de
1207 1750 1262 1808 seu.
1272 1752 1306 1805 Et
1315 1768 1362 1805 sur
1371 1751 1412 1806 les
1423 1751 1492 1803 trois
1503 1749 1648 1816 colonnes,
1659 1746 1709 1802 des

930 1827 1010 1892 croix
1021 1839 1189 1894 lumineuses
1196 1879 1204 1906 ‚
1226 1839 1423 1894 semblablesir
1445 1840 1473 1892 la
1494 1837 1575 1892 croix
1590 1836 1631 1893 du
1651 1836 1710 1890 Sei·

931 1942 1031 2000 gneur.
1050 1927 1086 1980 Et
1100 1926 1139 1981 les
1155 1927 1233 1981 croix
1247 1927 1284 1981 de
1298 1945 1343 1981 ees
1358 1928 1495 1982 colonnes
1510 1925 1615 1979 etaient
1632 1941 1708 1978 sem-

930 2013 1038 2068 blables
1053 2031 1090 2068 au
1103 2015 1252 2088 chapiteau
1266 2015 1337 2070 dela
1348 2016 1469 2069 colunne
1479 2013 1515 2068 de
1526 2011 1645 2067 lumiere
1658 2012 1710 2084 qui

932 2102 1001 2155 ‹itait
1016 2102 1080 2176 plus
1094 2103 1188 2158 elei-ee
1208 2122 1263 2175 que
1277 2114 1370 2157 tontes
1384 2104 1423 2157 les
1437 2111 1539 2156 autres.
1557 2103 1593 2154 Et
1607 2117 1655 2153 sur
1670 2099 1710 2154 les

933 2195 1012 2244 croix
1032 2189 1070 2245 de
1082 2209 1127 2245 ces
1149 2201 1250 2264 quatre
1264 2191 1399 2245 colonnes
1418 2190 1554 2244 s’unirent
1568 2187 1711 2243 ensemble

105 2305 1712 2330 m

95 2378 146 2448 die
161 2385 204 2444 καὶ
215 2375 266 2443 ὧδε
277 2377 518 2456 διαμεμερισμένα,
537 2373 667 2444 ἑστηκότα
682 2373 727 2432 καλ
742 2378 872 2432 συντεθει-

96 2473 174 2553 μένα,
189 2472 333 2530 ἐνείκαστα
348 2467 394 2526 καὶ
409 2463 585 2534 ἀκατάληπτα
601 2465 646 2532 τῆς
661 2463 711 2517 τῶν
731 2461 873 2538 ὀφθαλμῶν

97 2562 215 2642 θεωρίας.
232 2559 287 2620 Καὶ
298 2557 328 2616 τδ
343 2559 398 2638 φῶς
408 2543 475 2612 εἶδον
488 2550 543 2632 ῥέον
557 2549 666 2620 άνωθεν,
679 2547 724 2606 καλ
738 2547 817 2626 μέχρι
829 2553 875 2620 τῆς

96 2655 144 2729 γῆς
163 2647 271 2719 xersis,
292 2645 338 2703 καὶ
360 2640 428 2721 μετὰ
441 2645 487 2698 τοῦ
505 2637 588 2720 φωτὸς
602 2636 724 2715 στρατιαὶ
745 2634 873 2712 άμετροι,

98 2738 257 2819 φωτοειδεῑς,
272 2733 389 2811 δίπτεροι
400 2735 425 2790 ἐν
434 2727 523 2807 δράσει
537 2725 691 2805 ἀνθρώπων.
707 2714 797 2783 Ἦσαν
808 2721 835 2780 δέ
849 2725 875 2781 αἱ

97 2826 226 2906 πτέρυγες
251 2825 335 2882 αὐτῶν
358 2824 422 2898 πῦρ.
455 2815 597 2894 Κατῄεσαν
622 2810 650 2870 δέ
668 2815 728 2871 καθ’
748 2810 873 2884 ὁμοίωσιν

98 2911 264 2974 λεπτοτάτου
279 2913 427 2988 κονιορτοῦ,
443 2902 594 2980 κινουμένου
610 2900 662 2960 ἀπὸ
681 2905 727 2971 τῆς
749 2897 877 2978 θερμοτά-

99 3027 148 3072 της
163 3003 267 3067 ἀκτῖνος
280 3003 324 3058 τοῦ
340 2997 428 3068 ἡλίου,
449 2991 512 3052 ὅταν
532 2990 576 3048 διδι
596 2987 705 3066 θυρίδων
727 2987 771 3045 καὶ
792 3009 876 3065 ρωτο·

100 3099 133 3170 ρο
138 3112 190 3170 ρων
204 3086 367 3165 στρογγυλῶν
380 3080 517 3160 εἷσὸάλλη.
533 3077 625 3143 Otto<
636 3078 663 3134 αἱ
675 3072 796 3154 στρατιαὶ
808 3071 876 3150 μετθι

98 3185 146 3239 τοῦ
161 3175 248 3258 φωτὸς
263 3171 419 3250 ἐπλήρωσαν
432 3170 464 3229 τέ
482 3167 554 3227 κάτω
570 3164 653 3244 μέρη,
668 3164 713 3222 καὶ
735 3161 877 3242 προέτρεχε

98 3267 130 3327 τθ
143 3269 200 3347 φῶς
211 3265 257 3324 σὺν
272 3266 305 3342 τῇ
321 3269 446 3341 στρατιᾷ,
458 3256 502 3314 καὶ
517 3246 553 3322 εἷς
564 3252 672 3332 φούερθς
685 3253 712 3308 ἐν
728 3249 818 3328 ὁράσει
835 3253 878 3306 ἀν·

99 3355 221 3436 θρώπου,
235 3350 332 3431 ύψηλδς
344 3348 389 3407 καὶ
404 3344 500 3414 ἔνδοξος
513 3341 617 3421 ἐκράτει
632 3339 680 3412 τὴν
694 3337 777 3418 ἀρχὴν
792 3336 837 3396 καὶ
849 3337 880 3396 τδ

99 3445 174 3509 τέλος
188 3445 235 3513 τῆς
245 3446 382 3518 στρατιᾶς,
399 3433 444 3494 καθ
459 3436 575 3512 προῆγεν
593 3429 641 3495 έως
667 3426 758 3500 κάτω,
775 3424 821 3484 καὶ
834 3425 880 3491 τδις

101 3532 182 3614 ἄμφω
194 3527 278 3610 ἆρχδις
293 3526 447 3608 ἐφύλαττεν,
463 3522 509 3580 καὶ
531 3521 557 3577 ἐν
572 3523 606 3598 τῇ
620 3514 690 3595 χειρὶ
699 3517 779 3572 αὐτοῦ
794 3512 880 3593 σφύρα

104 3619 208 3699 μεγάλη
223 3619 321 3696 χρυσῆ,
338 3612 384 3674 καὶ
397 3611 494 3675 πάντες
514 3605 673 3679 ἠκολούθουν
691 3603 778 3662 αὐτόν.
796 3599 880 3668 Αὐτὸς

103 3710 149 3781 δέ,
167 3706 310 3782 πετόμενος
331 3700 425 3772 ὀξέως,
442 3693 700 3765 restrictiorem
718 3695 763 3750 τοῦ
786 3693 880 3761 ἀετοῦ,

102 3792 235 3856 κατελθὼν
257 3791 353 3874 ἔφθασε
368 3788 398 3847 τὸ
412 3788 505 3866 ἔδαφος
519 3788 565 3856 τῆς
578 3787 625 3858 γῆς
641 3783 677 3846 εἷς
695 3778 725 3838 τὸ
740 3778 819 3855 μέσον
836 3779 882 3846 τῆς

103 3885 218 3955 πόλεως,
234 3880 279 3941 καλ
294 3876 407 3946 ἐπάταξε
421 3874 452 3933 τὸ
469 3872 554 3952 πάχος
566 3875 611 3928 τοῦ
629 3867 743 3934 πλάτους
765 3869 811 3936 τῆς
825 3868 881 3943 γῆς.

105 3971 196 4051 Μέγας
216 3967 244 4028 δέ
262 3967 308 4027 καλ
328 3965 440 4044 άμετρος
456 3960 553 4026 κτύπος
572 3958 673 4038 ἤχησεν
685 3959 711 4014 ἐν
725 3955 777 4022 τοῖς
802 3975 882 4011 κατα·

103 4060 214 4140 χθονίοις
235 4060 289 4115 τῶν
312 4053 453 4123 ἀύύσσων,
471 4049 516 4112 καὶ
531 4058 606 4106 πᾶσα
625 4049 641 4118 ἡ
657 4048 691 4121 γῆ
705 4045 730 4100 ἐν
748 4041 882 4120 βλέμματι

103 4150 247 4229 ὀφθαλμῶν
267 4147 366 4211 ἱκανῶς
384 4141 558 4219 ύμαλισθεῖσα
580 4133 706 4204 ἐξεσώθη,
730 4129 775 4188 xri
794 4127 882 4187 πεδίον

105 4235 208 4317 γέγονε.

147 4327 166 4402 §
190 4333 256 4394 iil.
280 4319 334 4383 Καὶ
345 4319 435 4398 θεωρῶ
450 4317 476 4375 ἐν
489 4314 563 4396 μέσῳ
578 4318 624 4385 τῆς
638 4310 739 4375 πόλεως
753 4304 827 4387 ἐγγύς
839 4310 884 4363 τοῦ

104 4411 240 4472 παλατέου
256 4415 300 4469 τοῦ
321 4407 448 4489 βασιλέως
459 4400 662 4485 τετορνευμένην
679 4397 755 4478 βάσιν
770 4395 883 4475 χρυσῆν,

103 4507 146 4583 τῷ
162 4499 265 4579 μεγέθει
277 4502 311 4565 ὡς
326 4496 416 4577 βουνὸν
433 4492 527 4570 μέγαν,
538 4490 584 4550 καὶ
596 4487 685 4548 ἐπάνω
700 4488 780 4556 αὐτῆς
790 4482 884 4543 στῦλον

105 4591 192 4672 πυρὸς
205 4586 303 4668 ὑψηλὸν
320 4585 439 4666 σφόδρα,
454 4581 501 4641 καλ
516 4578 604 4638 ἐπάνω
617 4578 697 4634 αὐτοῦ
714 4571 843 4654 κεφαλίδα
856 4571 885 4628 ἐκ

107 4678 197 4764 νέφους
213 4675 257 4735 καὶ
276 4674 387 4754 σταυρὸν
403 4669 497 4755 φωτός·
516 4667 554 4728 ἔτι
576 4665 604 4726 δέ
618 4665 707 4744 θεωρῶ
722 4661 803 4727 ἄλλος
816 4667 886 4739 τρεῖς

107 4769 214 4848 βάσεις,
235 4763 299 4843 μίαν
315 4765 342 4822 ἐν
359 4765 397 4842 τῷ
421 4759 509 4839 τύπῳ,
532 4746 555 4838 ᾧ
578 4751 759 4833 ἐμαρτύρησεν
780 4753 798 4819 ἡ
824 4746 886 4824 δγέα

104 4853 210 4926 Γαιανὴ
228 4852 298 4930 perir
309 4855 361 4910 τῶν
376 4849 422 4909 δύο
434 4851 547 4927 έταιρῶν
561 4845 655 4915 αὐτῆς,
672 4839 717 4899 καὶ
732 4837 795 4915 μίαν
813 4838 839 4894 ἐν
850 4837 887 4914 τῷ

105 4935 192 5025 ἐέπῳ,
205 4935 227 5024 ᾧ
241 4940 423 5022 ἐμαρτύρησεν
436 4941 454 5009 ἢ
470 4935 533 5014 ἁγία
548 4931 661 5014 Ῥιψέμη
675 4926 742 5006 μετὰ
753 4930 805 4984 τῶν
814 4921 888 5002 τριά-

105 5055 189 5098 κοντα
202 5034 294 5110 τριῶν,
311 5029 357 5089 καὶ
374 5029 437 5106 μίαν
450 5028 478 5085 έν
492 5028 531 5106 τῷ
546 5021 618 5101 τύπῳ
633 5023 678 5078 τοῦ
693 5019 786 5089 ληνοῦ.
810 5015 846 5074 Αἱ
860 5009 888 5070 δέ

107 5121 200 5202 βάσεις
213 5121 311 5179 ἐκεῖναι
320 5112 388 5192 ἦσαν
404 5116 566 5196 πυροειδεῖς,
581 5109 626 5168 καλ
650 5109 740 5165 στῦλοι
753 5101 888 5162 ἐπέκειντο

109 5213 141 5271 ἐκ
154 5208 284 5292 νεφέλης,
297 5208 344 5267 καὶ
360 5208 388 5266 αἱ
411 5202 549 5286 κεφαλίδες
571 5201 600 5258 ἐκ
620 5193 716 5276 πυρδς,
734 5189 780 5250 κα1
804 5186 892 5248 ἐπάνω

933 2378 1095 2428 consistentes
1105 2383 1131 2429 et
1145 2380 1218 2431 simul
1234 2381 1397 2443 compositas,
1413 2378 1544 2429 homiuum
1565 2379 1711 2441 conspectui

932 2465 1069 2519 invisibiles
1082 2470 1107 2518 et
1118 2469 1384 2532 incomprehensibiles.
1402 2470 1496 2517 Lucem
1510 2467 1585 2516 etiam
1602 2464 1654 2515 ridi
1667 2456 1723 2516 de-¹

933 2555 1150 2618 superfluentem,
1169 2558 1196 2606 et
1206 2555 1239 2606 ad
1252 2559 1343 2606 terram
1359 2569 1439 2619 usque
1453 2554 1666 2605 descendentem:
1685 2556 1711 2604 et

933 2657 993 2694 cum
1009 2645 1064 2694 luce
1077 2647 1148 2694 erant
1159 2646 1255 2709 agmina
1274 2645 1409 2705 immensa,
1432 2657 1511 2707 eaque
1526 2643 1665 2693 lucidorum
1685 2645 1712 2694 et

932 2731 1075 2796 bipennium
1089 2735 1113 2782 in
1120 2733 1355 2797 aspectubomiuum
1366 2755 1372 2783 ι
1385 2733 1428 2782 sed
1439 2746 1526 2796 pennen
1537 2745 1623 2782 eorum
1636 2734 1708 2782 erant

933 2824 996 2874 sicul
1008 2824 1080 2889 ignis.
1090 2824 1277 2875 Descendebant
1290 2828 1372 2875 aulem
1384 2825 1410 2872 in
1423 2823 1612 2874 similitudinem
1626 2822 1708 2872 minu·

930 2913 1023 2964 tissimi
1031 2913 1153 2977 priveris,
1167 2913 1333 2976 quimoretur
1343 2926 1359 2962 a
1369 2911 1549 2962 lervenb'ssimo
1557 2910 1617 2960 solis
1628 2909 1708 2970 radio,

932 3000 1085 3065 quandoper
1095 3001 1247 3051 fenestraset
1257 3000 1421 3050 rotunditates
1433 2998 1548 3048 luciferas
1558 2996 1706 3060 ingreditur.
1740 3016 1743 3024 ·

933 3092 987 3138 Hoc
1008 3089 1083 3139 modo
1105 3089 1203 3154 agnrina
1228 3103 1286 3139 cum
1304 3088 1397 3139 lumine
1414 3086 1548 3150 implebant
1577 3085 1709 3136 interiores

932 3183 1016 3244 partes
1031 3201 1038 3230 ε
1052 3185 1078 3231 et
1092 3181 1252 3246 procurrebat
1268 3181 1312 3230 lus
1324 3194 1383 3230 eum
1396 3183 1512 3244 agmine,
1527 3181 1553 3228 et
1566 3177 1656 3240 aliquis
1673 3189 1715 3226 re-

936 3276 1013 3328 reuda
1036 3275 1143 3328 bominis
1168 3274 1264 3338 specie,
1289 3273 1399 3324 excelsus
1416 3275 1442 3320 et
1461 3270 1597 3336 gloriosus,
1615 3268 1714 3333 regebat

936 3369 1083 3435 principium
1090 3371 1115 3419 et
1124 3368 1198 3418 finem
1214 3366 1333 3431 agminis,
1351 3363 1473 3426 duxitque
1484 3361 1603 3411 deorsum
1616 3371 1713 3420 usque:

936 3468 962 3517 et
973 3465 1045 3515 ambo
1058 3463 1214 3513 custodiebat
1234 3461 1343 3525 agmina,
1361 3457 1516 3519 habebatque
1536 3456 1560 3504 in
1572 3466 1649 3502 manu
1667 3464 1713 3500 sua

937 3557 1054 3624 grandem
1073 3556 1190 3606 malleum
1208 3567 1320 3611 aureum,
1333 3553 1358 3601 et
1370 3551 1453 3614 ipsum
1468 3560 1554 3597 omnes
1576 3543 1714 3608 sequeban-

937 3655 988 3703 tur.
1005 3652 1050 3702 llle
1067 3651 1161 3710 autem,
1174 3646 1291 3696 velociter
1308 3643 1394 3692 volans
1409 3643 1486 3691 instar
1500 3639 1591 3688 velocis
1609 3633 1714 3698 aquilei,

938 3744 1092 3796 descendens
1115 3741 1183 3792 venit
1194 3738 1226 3789 ad
1243 3739 1323 3787 solum
1342 3734 1408 3783 orbis
1421 3735 1543 3782 terrarum
1564 3728 1590 3777 in
1608 3724 1715 3776 mediam

939 3841 1081 3900 civitatem,
1096 3840 1122 3887 et
1135 3833 1256 3900 percussit
1273 3829 1412 3882 crassitiem
1426 3822 1564 3876 latitudinis
1575 3823 1664 3877 terrur,
1674 3818 1715 3866 in-

939 3949 999 3998 gens
1015 3945 1076 3983 vero
1097 3935 1122 3981 et
1137 3930 1272 3978 immensus
1293 3923 1388 3974 sonitus
1406 3921 1431 3971 in
1451 3917 1552 3968 internis
1571 3914 1717 3978 abyssomm

937 4029 998 4081 locis
1014 4025 1131 4086 insonuit,
1145 4027 1172 4074 et
1182 4021 1263 4072 omnis
1276 4021 1342 4068 terre
1353 4014 1489 4067 seeundum
1497 4009 1625 4061 oculorum
1636 4005 1717 4054 risum

938 4121 1035 4173 abunde
1049 4120 1181 4183 explanata
1193 4115 1269 4166 estet
1283 4113 1313 4163 ad
1326 4108 1494 4174 aequalitatem
1511 4103 1626 4162 redacta,
1640 4099 1715 4148 lacta·

939 4231 989 4282 qne
998 4218 1037 4266 est
1047 4212 1169 4278 planities.

972 4311 987 4374 §
1006 4313 1059 4360 114.
1075 4303 1230 4358 Etinmedio
1239 4299 1347 4360 civitatis
1356 4309 1431 4361 prope
1440 4291 1560 4357 palatium
1571 4287 1636 4375 regis
1645 4285 1718 4336 video

939 4409 1020 4460 basim
1036 4419 1136 4457 auream
1149 4403 1271 4454 tornatam
1283 4393 1452 4461 magnitudine
1467 4390 1536 4441 collis
1554 4385 1674 4452 ingentis,
1690 4384 1716 4434 ei

940 4520 1016 4572 super
1030 4505 1109 4569 ipsam
1126 4501 1190 4566 ignis
1209 4499 1349 4549 columnam
1368 4491 1438 4542 valde
1451 4488 1587 4546 excelsam,
1602 4485 1629 4534 et
1643 4492 1719 4544 supra

942 4606 1022 4670 ipsam
1038 4601 1172 4666 capitulum
1184 4612 1216 4648 ex
1226 4595 1293 4646 nube
1310 4595 1337 4644 et
1348 4603 1447 4647 οτυοειο
1457 4584 1580 4636 lucidam:
1598 4581 1719 4644 preterea

941 4701 1015 4752 rideo
1028 4699 1088 4749 alias
1100 4700 1152 4746 tres
1162 4696 1246 4752 bases,
1260 4701 1335 4739 unam
1354 4687 1380 4735 in
1395 4685 1465 4745 loco,
1486 4678 1529 4730 nbi
1545 4673 1665 4737 martyrio
1678 4684 1718 4722 oo

942 4799 1030 4848 renata
1045 4796 1084 4846 est
1098 4794 1182 4844 sancta
1194 4788 1286 4839 Gaiana
1298 4797 1355 4834 eum
1367 4780 1464 4831 duabus
1480 4776 1533 4826 suis
1549 4770 1679 4829 sociabus3
1691 4769 1718 4816 et

942 4910 1018 4948 unam
1032 4894 1057 4944 in
1067 4893 1121 4942 loro
1130 4929 1137 4953 ‚
1147 4888 1189 4938 ubi
1202 4898 1273 4951 passa
1286 4883 1323 4933 est
1334 4881 1417 4930 sancta
1426 4873 1533 4939 liipsime
1545 4882 1603 4920 cum
1618 4863 1719 4928 triginta

942 4997 1036 5055 tribus,
1051 4994 1077 5042 et
1086 5001 1161 5040 unam
1173 4986 1198 5034 in
1208 4984 1263 5034 loco
1272 4977 1410 5034 torcularis.
1418 4976 1463 5024 liae
1471 4973 1554 5021 autem
1563 4967 1636 5015 bases
1649 4961 1719 5011 erant

943 5090 1008 5163 ignei
1026 5089 1157 5154 aspectus,
1174 5084 1200 5133 et
1214 5081 1336 5131 columnae
1354 5087 1385 5124 ex
1398 5069 1463 5121 nube
1475 5068 1505 5116 iis
1520 5057 1676 5117 insistebant,
1691 5055 1718 5105 et

914 5123 918 5238 i
944 5187 1051 5248 capitula
1070 5199 1102 5238 ex
1116 5182 1191 5245 igne:
1208 5180 1234 5230 et
1247 5187 1320 5241 supra
1337 5175 1389 5223 tres
1407 5165 1531 5218 columnas
1543 5157 1614 5210 erent
1630 5165 1718 5205 cmees
