3809 5859
425 309 674 372 MECHEMETIS
696 308 828 370 ANNUS
849 310 900 371 XI.
923 313 1003 373 6969
1028 311 1212 388 (44604464
1236 310 1271 370 Ρ.
1296 311 1353 389 (L).
1406 261 1410 268 Ι
1639 314 1692 373 444

38 448 232 526 μεκρῶςτῷ
245 443 392 523 παραλόγῳ
406 448 451 501 τοῦ
467 441 613 519 γεγονότος,
627 441 671 500 καὶ
685 439 774 519 ὥσπερ
789 439 821 498 διν
837 443 860 499 εί
916 441 985 521 έχων
1008 442 1064 517 μεθ’
1088 444 1183 500 ἑαυτοῦ
1211 442 1359 520 ἐπορεύετο.
1387 440 1441 503 Καὶ
1462 446 1476 501 ὁ
1502 440 1549 518 μὲν
1574 442 1695 521 βασιλεὺς

40 532 187 593 ἐπίασιν
202 539 227 593 οἱ
239 532 361 609 πολέμιοι
374 531 482 610 αίρνης,
497 530 709 604 ξυλλαμόάνεται
727 529 776 604 μέν
788 529 861 605 εὐθὺς
916 529 1008 597 οὕτως.

39 624 61 677 ὃ
82 622 233 690 κάκιστος
254 621 300 681 καί
324 620 468 699 δύστροπος
485 622 580 687 ἐκεῖνος
601 620 683 696 ἀνὴρ,
702 616 749 675 καὶ
767 617 861 696 πρὶνῆ
956 619 1018 681 Vll.
1040 624 1075 682 01
1094 622 1122 682 δὲ
1141 626 1185 682 τοῦ
1203 621 1296 678 στόλου
1320 618 1444 694 ἡγεμόνες
1467 616 1695 683 καταπλεύσαντες

39 710 157 787 λόγου
173 710 220 769 καλ
234 709 379 787 ἀπολογίας
397 715 486 787 τυχεῖν
498 708 589 766 δίδωσι
603 706 677 776 δίκην
699 711 746 778 τῆς
762 705 862 782 τόλμης
917 709 945 775 ἐς
958 710 1145 787 Τραπεζοῦντα
1171 707 1320 789 προσέσχον
1340 708 1393 773 τοῖς
1415 707 1517 781 λιμέσιν
1539 708 1634 778 αὐτῆς,
1650 705 1695 763 καί

41 798 115 869 τὴν
139 799 236 871 ἀξίαν,
251 797 411 864 κατακοπεὶς
425 796 476 855 ύπδ
491 801 538 868 τῆς
552 804 676 876 στρατιᾶς
696 795 796 854 άνοικτὶ
810 818 861 870 με·
917 797 1065 865 ἀποόάντες
1091 798 1249 867 ξυνάπτουσι
1263 794 1377 871 πόλεμον
1394 797 1420 855 Τ
1422 793 1612 873 ραπεζουντίοις
1623 792 1694 862 ἐπεξ-

45 886 178 960 ληδὸν,
194 887 272 963 μόνον
286 887 316 945 ού
330 885 437 945 πάντων
464 882 686 962 ἀπογευααμένων
706 885 758 940 τῶν
781 883 862 940 αὐτοῦ
917 884 1020 943 ελθοῦσι
1035 885 1145 967 πρὸτῆς
1160 884 1272 951 πόλεως·
1285 884 1330 943 καὶ
1344 884 1504 964 τρεψάμενοι
1517 883 1622 949 τούτους
1637 881 1695 951 ξυν-

46 980 186 1055 σαρκῶν
206 975 251 1033 καί
274 980 319 1033 τοῦ
341 960 461 1049 αἵματος.
484 973 517 1049 (ι)
536 970 665 1038 Βασιλεὺς
684 968 712 1029 δέ
731 969 863 1053 ξυσχεθιίς
916 976 1014 1031 ωθοῦσι
1046 973 1091 1055 βίερ
1121 973 1166 1033 καλ
1191 970 1391 1034 κατακλείουσιν
1416 972 1487 1039 ε’ντδς
1514 976 1559 1032 τοῦ
1589 972 1692 1039 ἄστεος,

47 1062 189 1145 ἀμέτρῳ
202 1062 274 1142 λύπη
292 1061 338 1119 καί
354 1059 455 1139 ἀγωνία
475 1060 521 1118 καλ
544 1058 618 1139 ρόύῳ
635 1060 674 1137 τῷ
689 1057 749 1138 περλ
764 1055 861 1134 αύτδν,
918 1059 953 1139 (2)
967 1062 1154 1137 Κρατησαντες
1177 1062 1205 1120 δέ
1225 1066 1271 1133 τῆς
1290 1060 1340 1130 ἔξω
1359 1061 1448 1141 χώρας
1465 1060 1570 1131 ἁπάσης
1588 1062 1696 1133 καὶτῆς

49 1152 83 1209 εἷ
117 1150 325 1228 ζημιωθήσεται
351 1148 433 1228 ἄνδρα
459 1150 615 1219 τηλικοῦτον
634 1146 680 1205 καί
703 1146 821 1223 μάλιστα
836 1149 862 1203 ἐν
917 1151 1034 1228 παρόδου
1050 1154 1098 1222 τῆς
1110 1152 1175 1230 πρὸς
1190 1150 1239 1221 τὴν
1261 1149 1412 1223 πόλιν,καὶ
1425 1149 1515 1229 κύκλῳ
1528 1149 1695 1229 περισχόντες

50 1238 192 1319 τοιούτῳ
205 1242 253 1308 τῆς
266 1238 382 1315 ἀνάγκης
400 1237 446 1295 καί
468 1240 520 1295 τῶν
536 1236 704 1314 πραγμάτοιν
718 1238 803 1315 καιρῷ
817 1235 862 1293 καὶ
918 1238 1011 1306 αύτούς
1022 1244 1060 1318 τῷ
1072 1244 1177 1321 στρατῷ
1190 1238 1260 1299 κατά
1275 1242 1324 1317 γῆν
1342 1238 1388 1298 καὶ
1404 1238 1473 1298 κατά
1490 1240 1626 1299 θάλασσαν
1637 1248 1695 1307 ταῖς

53 1326 177 1409 τόπῳ,
202 1327 279 1385 καλεῖ
303 1326 351 1400 μέν
372 1325 524 1406 παραυτίκα
545 1324 688 1402 Ἰαγούπην
714 1325 758 1384 τὸν
783 1326 862 1384 αὐτοῦ
916 1328 1008 1385 ναυσὶν
1033 1328 1219 1405 ἐπολιόρκουν,
1243 1326 1490 1408 παραφυλάττοντες
1513 1328 1627 1407 λσχυρῶς
1647 1332 1693 1386 τοῦ

54 1416 188 1495 ἰατρὸν,
200 1416 280 1492 ἄνδρα
305 1414 384 1496 σορδν
406 1415 452 1474 καλ
471 1415 505 1474 τδι
526 1417 620 1493 πρῶτα
637 1418 684 1484 τῆς
698 1412 792 1491 τέχνης
814 1412 860 1490 ρέ·
918 1413 998 1489 μήτι
1016 1417 1069 1472 τῶν
1093 1416 1164 1473 ἔνδον
1183 1414 1317 1493 ἐξαγαγεῖν
1332 1414 1349 1485 ἢ
1366 1418 1417 1474 τῶν
1439 1414 1531 1484 ἔξωθεν
1553 1416 1686 1492 ἐσιιομίσαι

58 1524 177 1581 ρυντα,
190 1502 238 1575 όοη
251 1504 312 1583 περί
326 1527 355 1561 τε
368 1503 399 1562 τδ
413 1500 559 1583 πρακτικὸν
569 1503 616 1561 καί
630 1499 787 1581 μαινόμενον
797 1500 862 1578 ἔχει,
917 1507 988 1563 σθαι.
1010 1504 1042 1579 (α)
1059 1501 1175 1582 Ἡμέραι
1189 1502 1236 1579 μέν
1252 1492 1296 1562 ούν
1315 1505 1450 1583 παρῆλθον
1469 1501 1527 1573 ἑξῆς
1549 1502 1618 1563 δκτῶ
1632 1504 1691 1585 πρὸς

57 1590 119 1649 καλ
139 1591 191 1663 ὅση
214 1592 275 1668 περὶ
289 1592 320 1651 τὸ
338 1591 496 1673 θεωρητικὸν
512 1592 558 1650 καί
574 1589 753 1670 δογματικδν,
768 1588 814 1647 καὶ
830 1587 862 1657 δὴ
915 1598 974 1657 ταῖς
997 1589 1080 1649 εἴκοσι
1103 1588 1347 1670 πολιορκουμένοις,
1364 1594 1390 1649 ἐν
1414 1581 1455 1657 αἷς
1480 1590 1604 1669 ἐκδρομαί
1628 1615 1696 1659 τινες

57 1682 119 1738 καὶ
139 1679 212 1760 μέγα
225 1681 369 1757 δυνάμενον
383 1681 447 1759 παρ’
461 1682 549 1760 αύτῷ,
566 1678 611 1738 καί
629 1678 788 1737 πυνθάνεται
802 1676 863 1756 περί
917 1677 1031 1757 ἐγίνοντο
1052 1683 1104 1738 τῶν
1127 1680 1180 1739 ἀπὸ
1202 1684 1250 1751 τῆς
1268 1680 1370 1745 πόλεως
1393 1678 1460 1757 πρδς
1480 1679 1538 1745 τοὺς
1561 1678 1625 1755 ἔξω,
1645 1682 1695 1739 κάν

58 1775 120 1827 τοῦ
139 1768 304 1848 τραύματος.
321 1768 353 1848 (ι)
368 1766 469 1828 Μαθὼν
484 1768 506 1825 δ’
521 1755 810 1827 ἐπεπόλαεονείναικαὶ
823 1764 861 1840 μὴ
916 1764 1027 1835 ταύταις
1052 1765 1124 1825 οὐδέν
1149 1767 1257 1826 ἔλαττον
1283 1757 1354 1845 εἶχον
1377 1758 1450 1827 οὗτοι
1469 1769 1522 1825 τῶν
1541 1769 1693 1845 πολεμίων,

57 1858 155 1934 πρὸς,
169 1856 289 1915 κίνδυνον
312 1855 405 1937 φέρον,
420 1854 562 1915 ἀνέπνευσέ
582 1879 610 1915 τε
638 1856 684 1915 καί
707 1858 754 1925 τῆς
777 1851 862 1925 λύπης
920 1851 992 1923 ὅμως
1006 1876 1036 1932 γε
1061 1852 1114 1930 μὴν
1135 1852 1344 1931 ξυνελαυνόμενοι
1365 1855 1410 1935 βία
1424 1853 1506 1933 ὀλίγοι
1526 1856 1576 1913 ὑπὸ
1590 1857 1693 1916 πολλῶν

60 1947 188 2023 ὖρεῖκε,
204 1945 251 2003 καί
271 1947 384 2003 πλεῖστοι
407 1944 492 2021 τούτῳ
516 1944 704 2023 δοιρησάμενος
727 1943 862 2002 ἐκέλευσεν
916 1933 990 2009 αύθις
1002 1945 1145 2002 ἐσωθοῦντο
1159 1944 1204 2001 καὶ
1217 1942 1399 2003 κατακλείοντα
1409 1946 1434 2009 ἐς
1444 1940 1474 2000 τδ
1485 1940 1560 2001 ἄστυ.
1573 1945 1605 2021 (ι)
1617 1945 1695 2005 Μετὰ

61 2033 263 2109 ἐπιμελεῖσθαι
284 2032 359 2111 πάσῃ
383 2036 496 2111 σπουδῇ.
519 2031 609 2092 Kal&
636 2032 683 2100 μέν
712 2030 862 2105 ἐπιμελείας
917 2030 945 2088 δέ
959 2034 1044 2089 ταῦτα
1059 2030 1235 2107 παραγίνεται
1249 2029 1587 2109 Μαχουμούτηςδπασίας
1603 2031 1646 2100 ξὺν
1658 2057 1690 2111 ιη

61 2124 124 2191 τῆς
156 2120 339 2199 προσηκούσης
370 2119 458 2200 τυχῶν
496 2120 599 2199 τειχίοις
634 2125 679 2177 τοῦ
710 2116 861 2198 τραύματος
916 2118 986 2177 κατὰ
996 2122 1046 2195 γῆν
1059 2118 1339 2199 στρατιᾷ,προλαύὼν
1353 2117 1440 2198 ἡμέρα
1452 2127 1502 2199 μιᾷ
1513 2118 1557 2176 τὸν
1573 2122 1694 2199 βασιλέα,

64 2207 293 2267 ἀπαλλάττεται.
915 2205 961 2262 καὶ
972 2206 1263 2283 στρατοπεδευσάμενος
1272 2206 1301 2265 οὗ
1312 2204 1403 2284 πόρρω
1412 2210 1459 2261 τοῦ
1470 2204 1577 2282 άστεσς,
1588 2206 1694 2287 πέμψας

115 2296 171 2356 vl.
194 2296 323 2363 Βασιλεὺς
349 2296 376 2354 δέ
399 2294 499 2375 ἡμέρας
527 2294 595 2355 ἐπτδι
618 2297 682 2375 πρὸς
709 2299 768 2361 ταῖς
796 2294 860 2352 δέκα
916 2290 1027 2372 ἄγγελον
1041 2295 1145 2369 θωμᾶν
1160 2294 1204 2353 τδν
1221 2291 1535 2370 Καταόοληνοῶ,λύγους
1553 2297 1695 2375 προσρέρει

64 2382 247 2464 προελαύνων
276 2383 334 2460 ἀεί,
353 2384 399 2444 καί
425 2384 563 2465 φάραγγας
588 2384 694 2463 βαθείας
725 2381 771 2441 καί
795 2406 860 2462 κρη-
915 2388 968 2446 τοῖς
983 2384 1009 2439 ἐν
1029 2405 1061 2459 τη
1083 2382 1158 2441 πόλει
1184 2383 1229 2441 καί
1252 2380 1476 2462 βασιλεῖ,τούτοιν
1498 2380 1692 2463 ξυμύατηρίους

66 2468 161 2548 μνοὺς
175 2470 325 2548 ἀποτόμους
339 2472 385 2530 καί
400 2473 547 2551 δυσχωρίας
563 2471 689 2549 μεγίστας
707 2471 752 2529 καί
766 2468 861 2536 τόπους
916 2468 977 2549 περὶ
990 2469 1113 2537 ἐνδόσεως
1122 2473 1224 2528 ἑαυτῶν
1238 2493 1265 2529 τε
1279 2470 1379 2541 καὶτῆς
1389 2469 1502 2544 πόλεοις,
1514 2470 1615 2549 βέλτιον
1628 2462 1694 2531 εἶναι

68 2558 226 2626 δυσύάτους
242 2559 288 2618 καλ
306 2559 470 2639 ἀποκρύτους
486 2560 533 2618 καλ
549 2559 636 2619 πολλὰ
652 2566 760 2619 τοιαῦτα
772 2582 861 2636 προσ·
915 2556 999 2635 λέγων
1016 2560 1104 2625 αὐτοῖς
1119 2557 1164 2617 καί
1177 2562 1230 2617 τῶν
1242 2558 1311 2617 κατδι
1325 2558 1393 2617 πολὺ
1410 2556 1593 2638 ξυμφερόντων
1609 2582 1692 2619 κατα·

69 2651 147 2716 άντη
170 2646 217 2705 καλ
235 2647 351 2728 δυσχερῆ
373 2648 449 2724 μόλις
467 2671 518 2706 που
543 2646 588 2706 καί
608 2646 652 2715 ἲυν
674 2647 746 2727 πόνῳ
771 2648 861 2727 πολλῷ
915 2652 1057 2706 πιστεύσαι
1073 2646 1182 2714 έαυτούς
1197 2671 1225 2705 τε
1243 2648 1289 2706 καί
1305 2648 1353 2717 τὴν
1376 2648 1453 2707 πάλιν
1468 2650 1507 2729 τῷ
1521 2648 1628 2728 μεγάλῳ
1642 2652 1693 2727 βα-

70 2733 204 2808 διελθὼν,
227 2734 273 2793 καί
304 2735 429 2816 μεγίστας
453 2735 598 2811 ὑπομείνας
625 2733 807 2808 ταλαιπωρίας
834 2736 861 2791 ἐν
916 2735 984 2793 σιλεῖ
1006 2736 1074 2811 μετά
1096 2760 1125 2813 γε
1152 2734 1309 2812 ξυμόάσεων
1332 2734 1376 2793 καλ
1399 2733 1482 2814 ὅρκων
1506 2734 1622 2813 βεόαίων
1647 2738 1693 2795 καί

69 2821 172 2892 δπλοις
184 2822 320 2890 αὐτόςτε
346 2824 391 2883 καὶ
412 2832 489 2883 πᾶσα
503 2827 520 2896 ἡ
534 2823 647 2903 στρατιά
665 2820 794 2881 διαόαίνε·Ι
816 2823 860 2879 τδν
915 2822 1046 2889 πίστεωςτ
1058 2828 1135 2882 τοῦτο
1150 2822 1202 2901 γάρ
1216 2822 1292 2883 ἔσται
1307 2822 1371 2903 πρὸς
1384 2824 1467 2881 καλοῦ
1486 2823 1531 2881 καί
1544 2825 1693 2902 ἐπωφελοῦς

69 2914 203 2989 Ταῦρον,
219 2910 264 2969 καί
280 2910 400 2978 καταύάς
423 2914 451 2977 ἐς
469 2910 500 2971 τδ
518 2911 608 2969 πεδίον
625 2906 861 2990 στρατοπεδεύεται
917 2913 1004 2977 αὐτοῖς
1026 2934 1055 2969 τε
1076 2915 1150 2991 κοινῇ
1173 2914 1211 2992 τῷ
1229 2935 1257 2971 τε
1280 2913 1384 2992 βασιλεῖ
1406 2910 1458 2991 ἰδία
1479 2910 1525 2971 καὶ
1540 2912 1617 2971 παισί
1641 2921 1694 2980 τοῖς

70 3001 104 3059 οὗ
120 3000 215 3081 πόρρω
226 3002 251 3059 Τ
254 3001 456 3079 ιγρανοκέρτων.
469 2997 505 3078 (α)
518 2998 645 3069 Χασάνης
657 3000 684 3056 δέ
701 2997 748 3067 τὴν
762 2996 860 3076 ἀθρόαν
915 2998 996 3057 αὑτοῦ
1017 2998 1062 3057 καὶ
1077 3006 1130 3067 τοῖς
1143 3022 1173 3077 γε
1188 2998 1250 3079 περί
1271 2997 1350 3059 αύτδν
1363 2996 1445 3073 πᾶσι,
1459 3002 1496 3079 τῷ
1512 2999 1574 3075 μέν,
1587 3000 1693 3081 τυχόντι

73 3088 173 3170 ἔφοδον
182 3087 364 3165 τοῦβασιλέως
371 3087 471 3163 μαθῶν,
479 3086 721 3166 καίῶςδυσχωρίαν
729 3085 860 3155 τοσαύτην
915 3086 1040 3166 προνοίας
1062 3088 1135 3165 παρὰ
1166 3093 1211 3147 τοῦ
1238 3088 1354 3166 μεγάλου
1386 3086 1528 3168 βασιλέως,
1548 3087 1636 3169 χώρας
1665 3114 1693 3148 τε

72 3177 124 3235 καί
138 3176 200 3235 θδδν
216 3175 313 3255 ἀτριόῆ
327 3175 374 3235 καί
388 3175 516 3249 πλείστην
530 3174 619 3234 καλτδ
640 3174 699 3233 ὅλον
717 3173 816 3232 άύατον
836 3175 862 3237 ἐς
916 3176 1017 3246 πολλῆς
1030 3175 1075 3234 καί
1090 3175 1228 3253 προσόδων
1248 3178 1346 3235 ἱκανῶν
1362 3176 1387 3244 ἐς
1405 3199 1434 3235 τε
1449 3176 1591 3255 διατροφὴν
1607 3179 1694 3247 αὐτοῖς

73 3266 157 3343 δεῦρο
173 3263 255 3332 ούτως
268 3264 380 3330 εὐκόλως
398 3263 475 3337 διέύη
489 3263 536 3324 καί
547 3262 614 3340 μετὰ
636 3262 764 3333 τοσαύτης
778 3284 860 3341 στρα-
915 3261 962 3318 καὶ
986 3260 1135 3321 ἀνάπαυσιν
1151 3262 1199 3322 καί
1215 3270 1304 3322 πᾶσαν
1322 3263 1405 3336 ἀλλην
1420 3263 1512 3345 χρείαν
1530 3287 1564 3323 τε
1582 3264 1628 3324 καί
1643 3267 1693 3325 αύ·

73 3362 135 3419 τεᾶς
149 3354 240 3412 τεκαὶ
254 3352 344 3413 ὅπλων
360 3354 427 3434 (καί)
443 3356 593 3425 ἀποσκευῆς
601 3398 612 3428 ,
627 3350 673 3411 καλ
687 3349 752 3431 ετρδς
775 3352 861 3417 αὐτοῖς
914 3347 1056 3427 τάρκεταν,
1070 3357 1122 3414 τοῖς
1144 3350 1186 3422 δέ,
1198 3355 1330 3421 καθῆσθαι
1349 3350 1394 3419 ξὺν
1412 3350 1513 3431 γυναιξὶ
1530 3352 1576 3413 καὶ
1595 3354 1693 3421 τέκνοις

74 3441 166 3513 ἤλασε
180 3451 233 3507 τοῖς
249 3440 391 3520 βασιλείοις
407 3444 504 3514 αὐτοῦ,
520 3439 651 3516 ἐξεπλάγη
671 3462 700 3497 τε
714 3441 752 3515 τῷ
769 3460 860 3518 παρα·
915 3435 1043 3495 ἀπαθέσιν
1058 3434 1125 3503 δλως
1138 3440 1246 3509 κακῶν,
1261 3438 1414 3519 ἐχουσιτήν
1429 3463 1459 3499 τε
1473 3440 1587 3519 πατρίδα
1602 3442 1693 3501 καλτά
1737 3471 1740 3480 ·

74 3529 150 3609 λόγῳ
161 3536 208 3588 τοῦ
218 3528 366 3608 γεγονότος,
376 3528 422 3587 καλ
436 3519 489 3587 οἶόν
504 3551 554 3587 τινι
566 3526 638 3607 βελει
649 3530 700 3585 τῶν
712 3526 739 3594 ἐξ
750 3527 860 3606 ούρανοῦ
914 3526 1079 3605 ὑπάρχοντα.
1098 3522 1134 3605 (ι)
1150 3526 1184 3587 Εἰ
1199 3525 1226 3584 δέ
1241 3527 1455 3607 προκαλουμένου
1471 3532 1516 3585 νύν
1535 3528 1578 3588 ἐπὶ
1594 3527 1695 3605 ξυμύάὲ

76 3617 191 3697 πληγείς
207 3620 232 3685 ές
248 3616 401 3698 ἀμηχανίαν
417 3616 502 3689 δεινὴν
522 3616 568 3676 καλ
588 3616 666 3696 ρόύον
684 3615 807 3691 ἐνέπεσε,
822 3612 859 3693 μὴ
915 3637 969 3681 σεις
993 3618 1040 3673 τοῦ
1066 3614 1181 3692 μεγάλου
1212 3613 1342 3693 βασιλέως
1368 3615 1584 3693 παρακούσειαν,
1606 3618 1693 3677 οὐκέτι

79 3708 151 3785 ἔχων
164 3705 215 3765 δτι
227 3707 272 3766 καλ
283 3707 400 3784 δράσειε·
410 3705 456 3765 καὶ
471 3704 545 3771 τέλος
563 3706 589 3771 ἐς
605 3704 723 3781 ἀνάγκην
736 3703 862 3779 μεγίστην
916 3700 1002 3769 ἕξουσι
1014 3706 1060 3759 τοῦ
1077 3704 1169 3762 λοιποῦ
1183 3701 1247 3781 πρὸς
1263 3703 1340 3762 αύτδν
1354 3702 1508 3779 ξυμόάσειύν
1527 3728 1556 3763 τε
1573 3702 1619 3763 καί
1637 3704 1694 3773 ξυν·

77 3794 220 3861 καταστὰς
243 3795 374 3872 ἐκπέμποι
397 3795 447 3865 την
468 3798 546 3853 αὑτοῦ
568 3792 670 3872 μητέρα
693 3791 803 3870 πρίσύιν
827 3793 863 3857 ὡς
915 3793 1004 3862 θηκῶν
1019 3790 1086 3857 ύλως
1102 3793 1266 3866 μνησθῆναι,
1283 3788 1353 3858 άπαξ
1367 3792 1432 3869 ὀργῇ
1454 3788 1501 3851 καλ
1516 3795 1592 3871 θυμῷ
1608 3815 1691 3851 κατα-

82 3881 197 3960 βασιλία
212 3883 280 3960 μετὰ
303 3882 393 3961 δόιρων
408 3883 447 3941 δτι
464 3884 587 3954 πολλῶν,
602 3880 811 3957 ἀπολογούμενός
832 3901 860 3936 τε
916 3879 1025 3944 στάντος
1042 3881 1068 3945 ἐς
1087 3878 1118 3938 τὸ
1141 3880 1281 3955 πολεμεῖν,
1295 3878 1364 3937 ἀλλὰ
1389 3878 1557 3956 κριθήσονται
1577 3880 1609 3939 τά
1634 3884 1692 3940 κατ’

80 3971 149 4050 ὑπὲρ
173 3962 210 4029 ῶν
235 3971 306 4039 ἔδοξε
333 3973 445 4051 δρᾶσαι,
468 3969 514 4029 καί
537 3967 690 4048 ξυγγνώμην
715 3971 804 4040 αἰτῶν,
818 3967 862 4026 καὶ
916 3964 1010 4033 αύτούς
1034 3966 1124 4031 ὅπλοις
1146 3964 1246 4041 μᾶλλόν
1267 3965 1355 4025 τεκαὶ
1376 3964 1493 4046 σιδήρῳ,
1516 3966 1563 4024 καλ
1588 3956 1694 4036 δλόντες

82 4057 140 4133 ἅμα
155 4058 275 4136 δεόμενος
287 4057 423 4140 ξύμμαχος
437 4050 503 4117 εἶναι
516 4058 562 4118 καλ
576 4056 649 4134 φίλος
665 4063 710 4117 τοῦ
724 4054 862 4135 βασιλέως.
915 4052 1025 4133 πολέμῳ
1048 4054 1242 4125 ύπσστήσονται
1262 4053 1339 4135 φόνον
1366 4077 1395 4113 τε
1419 4054 1464 4113 καί
1481 4054 1631 4133 διαρπαγὴν
1648 4057 1693 4113 καλ

84 4146 117 4222 (ε)
134 4144 170 4205 ‘0
185 4146 213 4205 δὲ
229 4145 335 4227 δέχεται
349 4148 447 4221 ταύτην
465 4146 557 4225 φιλίως
575 4148 620 4205 καὶ
635 4153 702 4226 τιμᾷ
721 4146 778 4211 ταῖς
799 4168 863 4225 πρε·
916 4140 1035 4201 δουλείαν
1051 4141 1097 4199 καὶ
1119 4140 1169 4202 δσα
1189 4140 1307 4217 πολέμου
1330 4141 1375 4200 καί
1392 4140 1516 4208 ἁλύσεως
1535 4142 1618 4216 πάθη.
1639 4146 1693 4203 Καὶ

82 4233 194 4302 πούσαις
216 4244 320 4313 τιμαῖς,
340 4236 386 4294 καὶ
408 4236 528 4309 λαλήσεις
552 4233 671 4311 είρηνεκδι
701 4237 758 4312 μετ’
783 4238 862 4303 αὐτῆς
915 4231 991 4306 ὁμὲν
1005 4227 1096 4295 ούτως.
1113 4229 1147 4309 (ε)
1162 4231 1197 4289 Οἱ
1210 4229 1238 4287 δέ
1249 4228 1406 4307 ἐντῇπόλει
1416 4228 1462 4288 καί
1476 4228 1599 4309 βασιλεὺς
1609 4230 1693 4288 αὐτῶν

85 4321 226 4382 σπένδεται
240 4325 286 4384 καλ
303 4326 408 4403 δέχεται
422 4325 496 4386 οίλον
510 4324 555 4384 καὶ
573 4323 712 4404 ξύμμαχον
726 4313 793 4381 εἶναι
807 4324 862 4381 Χα-
916 4316 1076 4385 ἀκούσαντες
1095 4323 1179 4375 ταῦτα
1194 4314 1312 4384 ἐδέξαντό
1325 4336 1354 4375 τε
1375 4316 1435 4383 τοὺς
1455 4315 1547 4396 λόγους
1569 4316 1694 4397 ἡσύχως,

85 4411 180 4471 πάνια·
206 4416 238 4474 ὠ
262 4413 315 4491 μὴν
342 4394 484 4496 &staff
509 4437 539 4494 γε
565 4412 662 4486 ταύτην
690 4410 780 4489 εὐθὺς,
803 4410 862 4468 ἀλλ’
916 4405 964 4464 καί
988 4408 1034 4463 τοῦ
1060 4404 1175 4484 μεγάλου
1201 4404 1330 4486 βασιλέως
1353 4405 1454 4484 έρασαν
1480 4405 1693 4486 παραγενομένου

87 4607 213 4670 scriplum.
227 4608 279 4671 ss-
287 4606 497 4672 ἀπονευσαμένων]
507 4608 544 4658 sic
557 4621 632 4671 συρτει
640 4593 730 4657 Ιίιιεειιεῖ
744 4620 778 4655 m.
792 4612 816 4664 2,
828 4602 1001 4665 ἀπογενόμενον
1013 4616 1048 4651 m.
1063 4608 1082 4651 1.
1092 4602 1102 4667 ΙΙ
1112 4629 1144 4639 -
1153 4602 1167 4665 §
1177 4606 1201 4652 4.
1213 4601 1339 4664 Ἰαγούπην
1348 4606 1390 4651 τοῦ
1399 4600 1481 4663 αὐτοῦ]
1494 4598 1550 4649 add.
1559 4611 1624 4661 mgo,
1632 4597 1695 4647 sicut

88 4689 146 4725 mox
159 4679 236 4729 verba
250 4680 324 4743 ἀνδρα
340 4682 413 4743 σορὸν
424 4683 492 4730 etc...
509 4680 570 4743 μέγα
580 4679 714 4742 δυνάμενον.
728 4677 738 4740 ΙΙ
751 4675 807 4738 -§
820 4684 843 4727 5.
858 4676 924 4737 πόση
939 4674 1031 4735 σπουδῇ
1045 4673 1102 4723 add.
1115 4688 1180 4737 mgo.
1581 4716 1584 4724 ,

118 4749 162 4799 vl.
174 4750 189 4813 §
203 4755 224 4800 1.
239 4752 278 4808 ξύν
292 4750 369 4815 πόνῳ]
382 4751 497 4813 συμπύνῳ
513 4748 568 4799 cod.
586 4748 597 4812 ΙΙ
613 4774 646 4785 -
658 4748 673 4812 §
684 4755 707 4798 2.
721 4748 802 4812 ίροδον
854 4744 946 4810 μαθὼν]
958 4744 995 4794 sic
1006 4755 1041 4792 m'.
1055 4750 1068 4793 2
1084 4745 1109 4793 in
1123 4758 1212 4808 marg„
1223 4743 1332 4795 ὃιάδασει
1390 4743 1446 4792 ἰδών
1459 4754 1494 4790 m.
1509 4744 1529 4789 4.
1548 4738 1558 4803 ΙΙ
1578 4764 1611 4775 -
1627 4738 1692 4801 μεγί·

90 4818 157 4884 πον]
169 4820 225 4871 add.
241 4836 307 4884 mgo.
321 4822 332 4886 11
346 4850 373 4858 -
386 4822 401 4887 θ
413 4827 436 4872 3.
450 4823 542 4885 δέχεται
553 4839 577 4871 τι
587 4820 678 4884 φιλίως]
689 4820 730 4869 Os.
742 4817 828 4869 Chalc.
838 4832 863 4882 p.
874 4821 930 4868 491.
944 4814 1067 4866 sendedd.
1082 4828 1107 4879 p.
1121 4819 1176 4865 2⁰4.
1199 4836 1201 4842 ·
1332 4844 1334 4851 ν

119 4891 236 4955 V11.§3.
252 4893 312 4957 ἑξῆς]
324 4892 382 4943 add.
398 4906 464 4955 ωηο,
480 4893 491 4956 ΙΙ
504 4891 566 4955 —.§
577 4896 600 4941 ³.
614 4892 679 4941 δκτὼ
692 4891 750 4953 πρὸς
763 4896 814 4946 ταῖς
828 4887 915 4952 ιῑκοσι]
928 4888 965 4936 λό’
975 4900 1025 4937 sec.
1039 4886 1122 4937 Chalc.
1133 4900 1159 4950 p.
1172 4889 1227 4945 494,
1243 4892 1266 4935 6.
1282 4885 1294 4948 ΙΙ
1306 4882 1363 4946 -§
1377 4885 1401 4931 4.
1415 4883 1443 4930 οὐ
1454 4880 1533 4944 πόρσω
1546 4885 1589 4927 τοῦ
1603 4877 1694 4940 άατιος]

91 4962 115 5009 ἀν
124 4966 153 5024 τῇ
162 4963 274 5027 λεγομένῃ
286 4964 430 5027 Σκυλολίμνη
442 4963 529 5014 Chalc.
540 4976 565 5026 p.
577 4966 633 5023 494,
649 4966 686 5012 13.
700 4961 751 5025 ΙΙ-
761 4958 936 5023 Καταόοληνοῦ]
946 4958 984 5009 cf.
996 4971 1071 5021 supra
1080 4956 1122 5008 lib.
1136 4962 1160 5018 3,
1171 4962 1210 5016 20.
1221 4964 1244 5008 ⁵.
1258 4956 1269 5021 ΙΙ
1283 4984 1314 4993 -
1326 4952 1470 5017 ὑπάρχοντα]
1479 4954 1555 5003 οἰκεῖα
1565 4964 1630 5013 mgo.
1644 4950 1654 5011 Η
1664 4976 1697 4986 -

93 5032 131 5078 τον
147 5032 245 5097 θωμᾶν]
259 5047 293 5084 ιιι,
307 5040 331 5094 ε,
343 5036 383 5083 τὸν
396 5035 466 5084 αὐτὸν
477 5047 512 5084 m.
528 5036 549 5084 ι.
563 5032 636 5096 Apud
650 5031 767 5083 chelme,
780 5045 805 5095 p.
820 5036 876 5091 394,
888 5028 1098 5081 lamachumutes
1112 5028 1246 5091 Georgium
1262 5028 1342 5091 (cujus
1362 5026 1443 5073 ωειοι
1452 5026 1505 5074 erat
1522 5034 1594 5072 soror
1609 5022 1697 5071 ιιιεῑτίο

92 5101 261 5222 {Annamatia
275 5108 307 5155 v.
326 5102 817 5170 Fanmerayer.p.278)‚1>avidisregis
831 5099 1062 5169 ρτοιοναιθτήειω,
1072 5097 1213 5151 amandavit
1229 5101 1258 5147 ut
1269 5096 1301 5146 4ο
1313 5091 1432 5147 tradendo
1454 5104 1528 5155 τεςτιο
1542 5090 1620 5142 verba
1637 5104 1696 5157 ροτ-

103 5183 142 5219 err
168 5212 173 5223 .
