3809 5859
234 360 272 419 78
643 350 844 415 CRITOBULI
870 350 1133 412 HISTORIXRUM
1160 350 1231 409 ΗΒ.
1262 351 1290 423 1,
1308 351 1413 409 29-31.

232 490 375 570 φοτέριοθεν
400 488 622 556 κατεσκευάζοντο
642 490 678 555 εἷς
691 484 821 567 χωνείας,
835 484 1002 565 ἰσχυρότατοι
1057 506 1117 562 ρουν
1139 482 1230 543 ἔπειτα
1250 482 1357 561 κεραίας
1379 480 1497 560 μεγάλας
1514 480 1597 550 ξύλων
1621 481 1689 561 αύτῇ
1716 478 1842 539 κάτωθεν

231 580 319 655 μέντοι
333 574 378 635 καί
397 573 578 655 βεθαιότετοι,
593 574 626 635 τδι
640 575 688 651 μέν
697 576 777 635 ’ένδον
791 574 818 642 ἐξ
830 575 912 643 ὀπτῆς
923 573 1002 631 πλίν-
1055 570 1294 651 ύποστρωννύοντις
1307 568 1354 628 καὶ
1367 571 1455 636 καλῶς
1468 568 1672 649 ἐφαρμόζοντες,
1685 566 1736 625 καὶ
1749 565 1842 633 λίθους

230 672 274 724 θου
285 663 501 742 κατειργασμένοι
513 662 557 722 καί
572 666 657 735 πηλοῦ
668 664 755 729 καλῶς
769 660 939 741 εἰργασμένου
951 661 998 720 καὶ
1054 660 1187 719 έπετίθουν
1203 655 1395 736 παμμεγέθεις,
1409 656 1562 735 βαρύνοντες
1580 654 1660 726 αὖε-λυ
1680 657 1731 714 καὶ
1746 678 1840 713 κατα-

228 751 362 824 πιοτάτου,
374 750 406 809 τά
417 748 509 819 ἔξωθεν
518 749 545 809 δέ
556 750 611 811 όλοι
623 748 716 809 διόλων
727 748 807 815 λίθοις
818 748 1000 824 παμμεγέθεσι
1051 748 1221 828 σφαλίζοντες
1243 743 1340 805 ἄνωθέν
1360 768 1389 803 τε
1403 745 1450 805 καὶ
1464 745 1578 804 κάτωθεν
1596 743 1642 804 καί
1659 742 1772 802 όπισθεν
1793 744 1841 801 καί

227 839 274 898 καὶ
288 838 384 918 τιτάνῳ
400 838 445 898 καί
458 847 538 899 πᾶσιν
553 837 641 903 ἄλλοις
656 836 828 918 ὠχυρωμένον
845 836 908 916 πρδς
924 841 1000 896 τοῦτο
1054 835 1236 914 πανταχόθεν,
1250 832 1294 892 ἵνα
1307 832 1387 913 μήτῇ
1404 833 1451 913 βίφι
1467 832 1607 913 τῆςβύμης
1622 831 1667 891 καλ
1677 834 1719 912 τῷ
1729 835 1839 912 σφοδρῷ

226 924 379 1009 χρησίμοις.
422 925 455 1007 (ε)
478 927 587 987 Χαλκοῦ
600 924 627 985 δέ
647 926 694 983 καὶ
712 924 868 1003 κασσιτέρου
892 923 958 983 πολύ
974 948 1000 983 τι

225 1020 319 1096 χρῆμα
334 1015 380 1074 καὶ
393 1013 587 1079 πολυτάλαντος
602 1012 667 1084 ὁλκὴ
683 1012 841 1083 ίνεόέόλητο
855 1012 997 1091 χωνείαις,

222 1102 343 1163 ,τάλαντά
353 1124 404 1163 που
419 1102 535 1178 μάλιστα
552 1100 627 1180 χίλια
641 1100 687 1159 καὶ
701 1100 878 1176 πεντακόσια,
893 1102 929 1167 ῶς
941 1099 999 1157 ίλί-

225 1214 298 1271 γετο·
313 1191 358 1250 ἐπὶ
380 1188 480 1256 τούτοις
501 1190 636 1268 ἀνθράκων
651 1212 681 1248 τε
700 1188 766 1248 πολύ
785 1212 812 1247 τι
834 1188 931 1259 πλῆθος
953 1187 999 1246 καί

225 1282 332 1361 κορμῶν
364 1278 495 1338 ἐπετίθετο
528 1285 586 1344 ταῖς
618 1274 740 1356 χωνείαις
772 1275 881 1347 ἔξωθεν,
907 1274 999 1353 ὥσπερ

227 1365 454 1447 ίκιρκοδομημένα
474 1363 572 1423 άνωθέν
591 1386 620 1423 τε
638 1362 683 1421 καί
701 1361 817 1423 κάτωθεν
838 1360 883 1421 καὶ
897 1383 998 1419 παντο·

225 1456 301 1535 χύθεν
317 1458 343 1522 ἐς
356 1454 434 1533 βάθος
447 1453 507 1520 τοὺς
518 1450 605 1519 ἰπνοὺς
617 1450 845 1530 ἱυγκαλύπτοντοι,
861 1450 922 1511 ύνευ
935 1447 999 1526 μέν·

225 1566 265 1601 τοι
276 1565 307 1622 γε
325 1546 378 1602 τῶν
392 1539 518 1619 στομίων.
561 1538 596 1618 (υ)
609 1541 768 1617 Φυσητῆρες
782 1536 809 1597 δέ
830 1536 890 1616 περὶ
905 1535 997 1603 αὐτοὺς

224 1628 416 1705 ἐπιτεταμένως
439 1630 571 1709 φυσῶντες
590 1624 636 1685 καί
658 1626 807 1691 άδιακόπως
826 1622 873 1695 τὴν
897 1624 995 1685 έντικει·

227 1718 308 1795 μίνην
329 1716 393 1791 ύλην
408 1714 561 1783 ἐξάπτοντες
580 1714 607 1772 έν
628 1713 713 1795 τρισὶν
728 1711 802 1778 δλαις
821 1712 930 1791 ἡμέραις
951 1713 998 1771 καὶ

226 1806 296 1875 νυξὶν
309 1805 397 1879 ίσαις,
412 1804 460 1871 ἕως
474 1801 598 1882 ύχαλκδς
611 1802 670 1869 ὅλος
681 1801 768 1861 διόλου
777 1800 866 1867 τακεὶς
879 1800 924 1860 καὶ
941 1802 998 1860 δια·

223 1892 308 1962 λυθεὶς
328 1892 463 1972 ύδαρώδης
479 1892 524 1949 καὶ
549 1891 623 1971 βυτὸς
636 1887 756 1969 γένηται.
777 1878 844 1949 Εἶτα
865 1891 917 1947 τῶν
936 1912 997 1948 στο-

224 1982 291 2056 μίων
309 1980 476 2059 άνοιγέντων,
490 1980 609 2057 ἐσεχεῖτο
623 1975 744 2058 όχαλκδς
755 1978 799 2036 διδι
810 1978 861 2034 τῶν
872 1974 996 2046 σωλήνων

223 2072 250 2129 έν
267 2074 322 2139 τοῖς
341 2068 451 2141 τύποις,
468 2068 516 2135 έως
530 2071 641 2147 γεμισθῇ
661 2065 766 2132 τελείως
779 2069 849 2124 άπαν
870 2063 900 2123 τὸ
918 2065 997 2122 έσδε-

222 2157 349 2237 χύμενον,
360 2157 406 2217 καὶ
420 2157 527 2238 καλύψῃ
542 2154 588 2214 καί
600 2156 642 2215 τὸν
656 2153 725 2220 ἐντὸς
740 2152 821 2214 τύπον
835 2150 896 2212 iios
910 2151 998 2211 διόλου

222 2246 267 2305 καί
286 2244 437 2323 ὓπερθλύσῃ
448 2244 542 2303 τούτου
557 2248 646 2321 πῆχυν
660 2241 707 2301 ένα
724 2240 794 2299 κατά
814 2241 844 2298 τὸ
859 2237 924 2299 άνω.
943 2240 997 2298 Καὶ

222 2333 301 2401 ούτως
314 2334 365 2406 ἤδη
380 2332 553 2413 ἀπήρτισται]
564 2328 683 2409 μηχανή.
726 2330 759 2407 (ε)
774 2326 851 2389 Mari
863 2331 939 2385 τοῦτο
952 2326 996 2401 δέ,

222 2422 397 2491 άποζέσαντος
411 2426 457 2480 τοῦ
477 2422 580 2501 χαλκοῦ
595 2419 640 2477 καλ
655 2419 756 2499 ψυχροῦ
773 2414 920 2494 γεγονότος,
931 2416 995 2473 έκα·

221 2506 324 2588 θαίρετο
337 2514 389 2568 τῶν
406 2508 476 2575 ἐντὸς
486 2506 575 2568 τύπων
590 2506 636 2565 καὶ
650 2509 701 2565 τῶν
714 2504 807 2573 ίκτὸς,
823 2502 869 2563 καὶ
884 2502 996 2579 ξυομένη

221 2596 267 2665 καί
288 2596 438 2677 γλυφομένη
459 2594 614 2675 Ευστῆρσιν,
630 2592 811 2672 ἐλαμπρύνατο
830 2593 880 2657 όλη
896 2590 993 2653 διόλου.

222 2683 277 2747 Καὶ
292 2684 400 2758 τοιαύτη
421 2684 469 2760 μέν
484 2688 500 2755 ἡ
516 2680 666 2752 κατασκευὴ
685 2681 731 2740 καί
747 2681 777 2741 τ“ο
799 2670 864 2746 εἶδος
878 2681 924 2748 τῆς
940 2700 994 2755 μη-

220 2778 316 2852 χανῆς·
329 2771 396 2840 λέξω
413 2772 440 2831 δέ
450 2772 496 2831 καί
506 2770 555 2842 τὴν
571 2770 714 2850 ἐνέργειαν.

263 2862 353 2923 XXX.
367 2858 547 2930 Ἐνεόέύλητο
559 2862 662 2937 πρῶτον
679 2862 697 2928 ί]
710 2854 861 2933 καλουμένη
876 2852 993 2934 βοτάνη,

221 2950 361 3028 πληροῦσα
373 2951 488 3028 ἰσχυρῶς
503 2946 551 3017 τὴν
563 2947 669 3005 ύπισθεν
687 2944 750 3015 ὅλην
765 2944 879 3024 χωνείαν
891 2942 937 3001 καί
950 2943 995 3000 τὸν

219 3124 265 3183 λοῦ
282 3129 328 3183 τοῦ
346 3122 483 3197 δεξομένου
493 3124 537 3181 τὸν
549 3122 632 3183 λίθον.
650 3122 686 3200 (α)
702 3120 819 3183 Ἔπειτα
832 3122 870 3200 τῷ
881 3122 994 3197 στόματι

221 3210 304 3291 τούτῳ
312 3211 447 3276 πάσσαλος
457 3211 613 3282 ἐνεθίῦλητο
621 3209 731 3289 μεγίστη
741 3208 817 3277 ξύλου
829 3214 874 3267 τοῦ
888 3212 995 3285 ἰσχυρο-

1053 928 1103 997 τῆς
1122 932 1202 1005 φορᾶς
1224 926 1271 994 τῆς
1290 921 1385 989 οἰκείας
1400 920 1476 1000 ἔδρας
1499 924 1720 1003 παρατρσπιῖσα,
1743 921 1839 998 πόρρω

1054 1033 1101 1071 ποι
1113 1014 1157 1069 τοῦ
1169 1013 1270 1069 σκοποῦ
1282 1010 1361 1089 βάλῃ.
1405 1011 1439 1090 (ε)
1455 1000 1524 1072 Εἶτα
1537 1014 1590 1089 πῦρ
1601 1007 1733 1069 ἐπέῦαλον
1748 1011 1839 1085 αύτῇ,

1053 1098 1096 1158 δεδι
1113 1103 1161 1169 τῆς
1180 1097 1286 1157 ὄπισθεν
1308 1097 1435 1177 βραχείας
1448 1100 1593 1176 τρυμαλιᾶς
1606 1097 1760 1177 ἀνάψαντες
1783 1097 1835 1168 τὴν

1053 1184 1233 1265 βοτάνηνικαὶ
1242 1186 1339 1258 ταύτης
1346 1185 1498 1267 ἐξαφθείσης
1508 1182 1727 1263 θᾶττονῆλόγος,
1736 1189 1836 1266 πρῶτα

1052 1273 1100 1350 μέν
1115 1274 1214 1351 ἐγένετο
1237 1274 1374 1350 μυκηθμὸς
1395 1273 1504 1354 φοῦερδς
1518 1275 1564 1333 καὶ
1585 1273 1676 1342 κλόνος
1689 1278 1740 1346 τῆς
1763 1279 1835 1333 ὓπο-

1051 1360 1174 1438 κειμίνης
1186 1364 1235 1440 γῆς
1247 1360 1293 1419 καί
1308 1365 1355 1432 τῆς
1373 1363 1464 1443 πόρρω
1484 1360 1530 1420 καί
1544 1362 1641 1441 βρόμος
1656 1354 1711 1429 οἷος
1729 1363 1835 1427 οὗδείς.

1051 1448 1143 1508 ἔπειτα
1158 1447 1226 1524 μετίι
1242 1452 1352 1528 βροντῆς
1372 1449 1487 1519 ἐξαισίας
1500 1450 1546 1509 καὶ
1566 1448 1663 1509 δούπου
1678 1450 1835 1531 φραῶδαιε
1902 1433 1903 1460 ί

1051 1538 1097 1595 καὶ
1110 1538 1191 1615 πυρός
1204 1536 1238 1596 τά
1256 1536 1332 1618 πέριξ
1345 1538 1433 1597 πάντα
1455 1538 1645 1618 ξυμφλίγοντος
1661 1540 1710 1598 καὶ
1730 1540 1835 1614 μελαί-

1050 1649 1136 1693 νοντος
1156 1624 1256 1699 ίνδοθεν
1276 1626 1414 1704 ὠθουμίνη
1432 1631 1449 1698 ἡ
1466 1625 1600 1693 πάσσαλος
1612 1625 1749 1703 πνεύματι
1763 1626 1838 1705 ξηρῷ

1050 1712 1096 1772 καὶ
1110 1718 1198 1794 θερμῷ
1215 1712 1307 1791 βιαίως
1318 1714 1397 1772 ἐκίνει
1406 1713 1450 1771 τὀν
1463 1712 1533 1773 λίθον
1550 1712 1720 1792 ἔξερχομένη·
1770 1712 1835 1792 (εβδ

1051 1801 1079 1859 δέ
1087 1803 1226 1882 φερόμενος
1236 1801 1304 1879 μετά
1315 1802 1374 1881 βίας
1385 1800 1562 1881 σφοδροτάτης
1572 1803 1619 1859 καλ
1633 1800 1721 1881 ῥύμης
1732 1802 1838 1881 προσέ·

1050 1912 1130 1949 πιπτε
1145 1892 1183 1971 τῷ
1194 1890 1290 1970 τείχει,
1303 1892 1350 1950 καί
1358 1890 1433 1957 εὐθὺς
1445 1889 1565 1949 κατέσειί
1574 1913 1604 1948 τε
1614 1889 1677 1948 αύτδ
1692 1891 1739 1948 καὶ
1755 1890 1839 1949 κατέ·

1049 1977 1115 2036 θαλε
1130 1977 1175 2036 καὶ
1196 1980 1223 2043 ἐς
1243 1976 1330 2037 πολλὰ
1349 1976 1517 2058 παρερρήγνυ
1539 1977 1585 2036 καί
1599 1977 1738 2053 διαλίκμα,
1764 2001 1838 2037 παν-

1049 2070 1132 2141 ταχοῦ
1140 2064 1561 2143 τεδιασκεδάζωναῦτδικαὶφόνον
1569 2067 1836 2145 τῶνπροστυχόπων

1050 2154 1147 2210 ποιῶν·
1161 2150 1208 2209 καί
1220 2150 1283 2211 ποτί
1298 2152 1345 2229 μέν
1361 2152 1532 2233 κατερρίπτει
1546 2154 1624 2233 μέρος
1637 2153 1712 2227 όλον,
1724 2153 1796 2213 ποτέ
1810 2152 1839 2213 δέ

1050 2238 1147 2315 ἥμισυ,
1157 2240 1220 2299 ποτέ
1229 2238 1257 2299 δέ
1269 2239 1349 2300 πλέον
1360 2242 1378 2312 ἢ
1388 2240 1496 2300 ἔλαττον
1506 2243 1607 2320 πύργου
1618 2240 1636 2311 ἢ
1650 2243 1837 2321 μεταπυργίου

1049 2329 1066 2397 ἢ
1080 2327 1126 2387 καί
1139 2326 1287 2401 ἕπάλξεως,
1305 2328 1351 2386 καί
1364 2328 1439 2388 οῦδὲν
1452 2321 1485 2402 ἦν
1500 2328 1582 2396 οῦτως
1596 2330 1707 2409 ίοχυρδν
1724 2328 1743 2401 ἢ
1761 2332 1838 2389 ἄντί-

1050 2414 1164 2486 τυπονῆ
1180 2416 1266 2495 πάχος
1289 2416 1464 2495 ἐρυμνότατον
1484 2418 1602 2495 τείχους,
1624 2421 1659 2484 ὠς
1679 2419 1839 2489 ἀπεντῆσαι

1049 2505 1110 2578 γοῦν
1135 2504 1277 2575 δυνηθῆναι
1299 2503 1316 2576 ἢ
1341 2506 1473 2585 ἀντισχεῖν
1496 2506 1564 2571 ὅλως
1584 2528 1618 2583 τη
1643 2504 1766 2584 τοσαύτη
1786 2512 1836 2565 τοῦ
1902 2503 1903 2530 ¹

1049 2588 1122 2648 λίθου
1134 2590 1181 2672 βίᾳ
1192 2614 1221 2651 τε
1234 2593 1279 2651 καί
1289 2602 1368 2673 φορᾷ.
1410 2592 1445 2672 (ε)
1461 2591 1556 2660 Οὕτως
1568 2592 1678 2651 ἄπιστόν
1690 2616 1717 2652 τι
1733 2598 1838 2672 χρῆμα

1049 2677 1094 2736 καί
1108 2679 1257 2759 παράλογον
1271 2679 1300 2739 τὸ
1321 2672 1388 2747 εἶδος
1399 2686 1485 2739 τοῦτο.
1495 2685 1543 2752 τῆς
1561 2684 1702 2761 μηχανῆς,
1719 2680 1790 2761 ὅπερ
1810 2685 1836 2741 oi

1049 2765 1159 2824 παλαιοί
1170 2769 1218 2843 μέν
1232 2769 1349 2846 βασιλεῖς
1360 2790 1389 2826 τε
1404 2767 1449 2826 καὶ
1460 2768 1602 2848 στρατηγοί
1612 2766 1673 2827 ούτε
1685 2757 1761 2847 εἶχον
1773 2768 1833 2828 ούτε

1049 2852 1203 2928 ε’γίνωσκον·
1218 2858 1241 2914 εί
1254 2854 1306 2934 γάρ
1320 2846 1405 2935 εἶχον,
1423 2854 1495 2915 οὐδέν
1517 2855 1548 2915 δν
1563 2846 1634 2935 εἶχον
1647 2858 1739 2923 αιίτοίς
1756 2860 1832 2915 άντι-

1050 2943 1139 3002 θαῖνον
1152 2942 1193 3003 έτι
1206 2944 1265 3003 viii
1283 2944 1490 3025 προσιστάμενον
1508 2945 1576 3013 ὅλως
1593 2947 1620 3004 ἐν
1638 2955 1700 3014 ταῖς
1719 2950 1835 3026 πολιορ-

1048 3052 1128 3108 κιαις,
1142 3031 1200 3092 ουδὲ
1212 3035 1317 3092 πολλῶν
1329 3032 1360 3091 δν
1372 3021 1476 3094 ’ἐδέοντο
1491 3036 1517 3102 ές
1534 3034 1563 3094 τό
1577 3042 1736 3093 κατασεῐσαι
1752 3036 1835 3114 τείχτΙ

1047 3142 1075 3177 τε
1089 3122 1134 3180 καὶ
1144 3122 1306 3182 καταύαλεῖν
1320 3128 1365 3182 καί
1378 3121 1413 3181 τά
1426 3122 1602 3203 έρυμνότετα,
1612 3122 1674 3183 οὐδέ
1689 3124 1836 3204 πράγματ’

1048 3206 1081 3267 δν
1097 3200 1167 3290 εἶχον
1183 3210 1383 3289 έπιτειχίζοντες
1402 3212 1449 3271 καὶ
1463 3210 1635 3293 ταφρεύοντες
1649 3211 1697 3270 καὶ
1708 3212 1834 3290 χεύματα

221 3298 317 3369 τάτου,
335 3298 352 3369 ἢ
368 3298 483 3378 σιδηροῖς
498 3299 607 3378 μοχλοῖς
622 3297 771 3375 τυπτομένη
786 3296 876 3376 βιαίως
890 3296 993 3368 ὠθεῖτο,
1049 3296 1166 3375 αἴροντες
1186 3297 1232 3357 καὶ
1251 3298 1440 3378 ὑπορύσσοντες
1463 3298 1535 3359 ἔστιν
1556 3290 1586 3358 οῦ
1601 3299 1649 3358 καὶ
1666 3300 1734 3358 άλλα
1759 3301 1835 3359 άττα

221 3384 453 3467 στενοχωρουμίνη
467 3387 510 3445 ἐπὶ
522 3386 556 3445 τδι
571 3386 660 3459 ἔνδον,
677 3386 849 3443 άποκλείουσα
864 3384 909 3442 καὶ
923 3382 995 3451 ξυνέ-
1014 3460 1019 3470 .
1049 3388 1183 3453 ποιοῦντες
1197 3384 1265 3445 ὠστε
1285 3386 1509 3467 παραστήσασθαι
1529 3388 1618 3453 πόλεις
1632 3387 1680 3445 καὶ
1691 3387 1835 3467 χειρώσα·

218 3500 303 3558 χουσα
317 3476 365 3547 ris
381 3473 494 3555 βοτάνην
510 3474 579 3533 οὕτω
591 3497 631 3535 τοι
646 3474 774 3552 ἰσχυρῶς,
794 3476 829 3539 ὡς
844 3473 906 3547 μηδ’
919 3468 951 3528 ἂν
968 3470 992 3529 εἴ
1011 3478 1019 3495 “’
1049 3479 1110 3534 σθαι
1125 3474 1250 3554 φρούρια,
1263 3474 1333 3535 θλλδι
1349 3474 1428 3535 πάντ’
1442 3475 1474 3535 διν
1496 3468 1565 3535 εἶκεν
1588 3477 1677 3544 αὐτοῖς
1696 3482 1796 3537 θᾶττον
1815 3478 1835 3547 ἢ

218 3588 244 3622 τι
260 3565 306 3624 καὶ
325 3566 443 3643 γένοιτο,
467 3566 607 3635 δυνηθῆναι
627 3561 726 3633 ταύτην
749 3560 822 3640 άλλιρ
841 3583 879 3639 τῳ
903 3559 993 3639 τρόπῳ
1047 3560 1123 3641 λόγος
1145 3561 1190 3622 καὶ
1206 3562 1370 3641 προσεχώρει
1390 3562 1585 3640 κατασειόμενά
1598 3588 1628 3621 τε
1640 3563 1687 3622 καί
1701 3587 1833 3645 καταρρι-

218 3654 314 3712 έκεῖθεν
328 3652 508 3731 ίξαιρεθῆναι,
531 3650 569 3722 μὴ
595 3653 642 3723 τῆς
657 3648 768 3728 βοτάνης
782 3646 994 3727 άναφθείσηςτῇ
1049 3648 1181 3725 πτούμενα
1197 3657 1255 3717 ταῖς
1274 3657 1421 3729 μηχαναῖς·
1438 3651 1496 3709 ἀλλ’
1515 3654 1561 3710 οὒκ
1581 3642 1623 3722 ἦν.
1665 3651 1699 3728 (7)
1713 3650 1834 3729 Εῦρεμα

219 3740 273 3821 βίρ.
289 3731 356 3803 Εἶτα
368 3741 411 3799 τὸν
428 3739 499 3801 λίθον
511 3738 651 3819 ἐπεφόρουν
666 3738 791 3804 ὠθοῦντες
804 3736 890 3810 istic,
904 3734 952 3801 ἕως
964 3736 990 3791 ε’ν
1049 3737 1077 3795 δέ
1097 3742 1175 3796 τοῦτο
1199 3735 1255 3796 νέον
1279 3737 1334 3797 ἔστί
1361 3741 1504 3816 Γερμανῶν
1531 3741 1655 3809 Κελτῶν,
1681 3740 1748 3795 ἐτῶν
1775 3762 1834 3799 που

218 3834 275 3909 χρῷ
285 3830 393 3908 γένηται
407 3832 441 3909 τῇ
453 3826 595 3907 πασσάλῳ,
606 3825 651 3885 καὶ
664 3823 828 3903 ξυνέσφιγγον
843 3829 932 3883 τοῦτον
946 3822 994 3881 κύ·
1050 3826 1167 3903 μάλιστα
1185 3826 1348 3897 πεντήκοντα
1366 3826 1413 3885 καί
1432 3826 1525 3887 ἑκατὸν
1539 3824 1557 3898 ἢ
1576 3826 1624 3885 καὶ
1638 3826 1716 3906 όλίγορ
1729 3829 1834 3887 πλειό·

218 3918 326 3984 κλωβεν.
369 3916 406 3996 (ι)
420 3914 496 3975 Met&
511 3915 538 3974 δέ
560 3919 636 3974 τοῦτο
650 3911 793 3993 τρέψαντες
807 3910 856 3982 τλν
871 3908 994 3989 μηχανὴν
1049 3937 1116 3989 νων,
1137 3912 1287 3994 σοφώτατον
1310 3913 1380 3973 πάνυ
1400 3914 1447 3973 καί
1464 3915 1696 3997 περιντνοημάνον·
1710 3916 1761 3973 καὶ
1777 3920 1834 3993 μά·
1902 3955 1903 3964 ι

217 4004 282 4082 πρὸς
292 4002 306 4061 δ
318 4004 404 4063 παίειν
416 4002 520 4079 ἔμελλε,
531 4003 574 4061 καὶ
589 4002 787 4079 σταθμήσαντες
800 3999 879 4073 αὐτὴν
893 3998 995 4076 μέτροις
1048 4000 1127 4059 λιστα
1140 4002 1171 4073 δὴ
1186 4007 1203 4073 ἡ
1219 4004 1267 4072 τῆς
1282 4002 1395 4081 βοτάνης
1412 4002 1531 4079 ξυμῦολή
1549 4026 1577 4061 τε
1592 4002 1638 4061 καί
1651 4007 1787 4063 σκευασία
1807 4006 1834 4072 ἐξ
1902 4001 1903 4030 ί

219 4094 270 4151 τισὶ
282 4100 408 4171 τεχνικοῖς
421 4092 465 4151 καὶ
476 4091 623 4168 άναλογίαις
634 4090 697 4168 πρὸς
707 4090 749 4147 τὸν
766 4088 877 4161 σκοπὸν,
889 4087 988 4169 ἐπεφό-
1050 4089 1125 4146 είδῶν
1142 4088 1296 4169 ξυγκειμίνη
1317 4093 1484 4170 θερμοτάτων
1497 4092 1542 4150 καὶ
1562 4090 1722 4170 ξηροτάτων,
1739 4094 1833 4173 νίτρου
1902 4129 1903 4172 }

247 4327 296 4391 §ii¹
314 4326 456 4390 λνθράνων]
471 4327 606 4391 ναρθούνων
616 4340 708 4387 margo.
721 4326 758 4375 Oi.
775 4325 829 4389 ³0§
843 4330 869 4376 7.
885 4324 895 4388 ΙΙ
907 4340 939 4369 -·
952 4327 1035 4381 ἔξωθεν
1045 4324 1055 4389 ]
1064 4340 1140 4390 συρτει
1149 4340 1248 4376 versum
1258 4327 1367 4379 additur.

248 4400 320 4448 XXX.
342 4396 357 4461 §
372 4396 682 4459 1.ίνεθέθλητο]έθε’θλητο
698 4394 753 4445 eod.
765 4395 790 4447 b.
804 4396 821 4445 i.
835 4400 860 4447 ei
871 4397 886 4460 §
897 4403 919 4447 λ.
936 4398 947 4460 Ι]
961 4423 993 4435 -
1003 4395 1019 4459 §
1031 4400 1056 4447 2.
1070 4397 1210 4461 Πάσσαλος]
1223 4398 1330 4456 πάσαλος
1338 4400 1415 4451 αιθεε
1426 4400 1453 4449 h.
1468 4401 1485 4450 l.
1499 4404 1525 4452 ei
1536 4400 1648 4452 similiter
1667 4403 1685 4467 ς
1700 4410 1717 4456 3
1735 4410 1764 4457 ei
1781 4412 1833 4465 Η,

216 4471 338 4523 πάσσαλος
355 4481 400 4532 pro
416 4471 430 4517 ό
443 4484 518 4517 πασσ.
530 4468 674 4518 recentioris
687 4468 736 4517 ωνί
751 4480 800 4516 usu
813 4466 862 4518 dici
874 4468 983 4519 videtur.
1001 4469 1012 4532 Ι]
1025 4498 1053 4506 -
1064 4469 1231 4532 συνόσσιγγω]
1243 4472 1470 4533 συνέσφιγκονιιιιω.
1490 4477 1518 4532 1;
1533 4486 1582 4522 σαι.
1591 4486 1657 4524 man.
1674 4480 1699 4525 2.

247 4540 295 4604 §3.
306 4538 442 4603 Τεχνικοῖς]
451 4538 520 4587 addit
529 4552 621 4601 margo.
633 4538 644 4600 1]
657 4565 689 4575 -
700 4538 804 4587 κάτωθεν
818 4539 1033 4603 ὑποστρωννύοντες
1049 4544 1090 4590 καὶ
1104 4538 1160 4589 add.
1177 4552 1270 4602 margo.

247 4610 300 4674 §4.
311 4608 455 4671 Μυκηθμός]
469 4608 583 4670 μηκιθμδς
598 4609 652 4657 cod.

248 4682 298 4745 §a
311 4680 405 4744 ’ολως]
416 4692 491 4742 supra
504 4692 604 4729 versum
619 4678 741 4730 additum.

247 4752 295 4815 §7.
304 4754 319 4811 ἡ
329 4749 431 4813 Κελτῶν]
439 4751 479 4798 καὶ
490 4752 518 4799 Κ.
530 4748 706 4809 οοθ,Ι]-Ἐτῶν
719 4748 766 4812 ρι’]
776 4748 917 4799 Critobulus
927 4750 1019 4807 famam
1027 4754 1128 4800 secutus
1138 4751 1306 4814 essevidetur,
1316 4765 1367 4814 qua
1380 4751 1527 4802 Betthoidus
1534 4753 1834 4822 sehwmffimgeasis

217 4824 350 4872 monachus
362 4821 460 4871 ineunte
471 4819 555 4869 seculo
572 4821 628 4869 XIV
639 4819 765 4882 pulverem
774 4818 961 4873 tormentarium
978 4819 1099 4871 invenisse
1109 4820 1260 4883 perhibetur.
1278 4820 1324 4871 vei
1334 4821 1417 4872 σσοιιΙο
1432 4821 1562 4873 undecimo
1576 4827 1651 4875 notus
1660 4829 1717 4877 εεεῑ
1732 4828 1834 4890 Hispa·

218 4894 269 4947 nis,
280 4892 324 4955 qui
338 4892 386 4956 ipsi
396 4892 427 4941 ab
443 4889 562 4940 Arabibus
575 4903 647 4939 usum
656 4890 708 4952 ejus
718 4889 834 4941 didicisse
843 4890 964 4939 feruntur.
977 4892 1041 4940 Cum
1052 4891 1182 4942 critobulo
1194 4892 1225 4944 ci.
1234 4891 1442 4955 chaimoendyias
1457 4908 1483 4957 μ.
1497 4897 1541 4943 λεί
1558 4913 1565 4944 ι
1578 4896 1644 4945 δοκεῖ
1654 4897 1699 4958 μὶν
1707 4898 1832 4957 οὖνότη·

216 4963 309 5020 λεύόλος
319 4963 347 5012 ού
358 4963 419 5011 πάνυ
428 4962 527 5017 παλαιὸς
540 4961 614 5019 εἶναι,
625 4960 685 5009 ὥστε
696 4962 798 5009 συνιέναι
814 4963 874 5021 ἡμᾶς
889 4960 927 5009 ίπὶ
941 4965 996 5010 νοῦν
1008 4960 1140 5018 έληλνθὲναι
1156 4967 1205 5018 τοῖς
1221 4964 1328 5017 παλαιοῖς
1337 4963 1365 5012 τό
1380 4968 1501 5023 τοιοῦτον,·
1518 4964 1570 5013 ὅθεν
1581 4965 1661 5026 μέντοι
1680 4968 1762 5029 ἀρχὴν
1774 4969 1834 5030 ἐγέ-

215 5048 279 5091 νετο,
291 5034 335 5081 1καὶ
348 5032 407 5088 τίνες
421 5031 548 5095 ἀνθρώπων
561 5030 585 5085 ές
599 5030 641 5087 τὴν
650 5033 692 5079 τοῦ
702 5028 828 5088 τηλεθύλου
840 5030 951 5093 ἀφίκοντο
966 5034 1066 5092 πεῖραν,
1077 5032 1122 5079 οὐκ
1135 5030 1185 5094 ἔχω
1199 5031 1342 5091 διασημῆναι
1357 5034 1481 5095 ἀσφαλῶς·
1495 5033 1586 5083 οίονται
1604 5037 1683 5098 μέντοι
1699 5036 1751 5087 &a
1765 5042 1823 5101 rep·

216 5106 295 5162 μανῶν
306 5102 412 5163 γενέσθαι
423 5117 449 5150 τε
467 5102 580 5162 τούτους,
593 5100 633 5148 καὶ
644 5099 736 5156 τούτοις
756 5101 793 5149 ἐπὶ
806 5105 861 5149 νοῦν
873 5100 969 5163 ἀφῖχθαι
978 5099 1066 5159 ταύτην
1078 5102 1121 5158 τήν
1135 5101 1251 5164 μηχανήν.
1273 5099 1284 5164 ΙΙ
1303 5102 1480 5167 -σκενασία]
1496 5106 1633 5163 κατασκευή
1650 5118 1749 5168 mrsu.
1765 5110 1777 5169 X
1794 5134 1835 5146 -

215 5177 257 5222 τοῦ
267 5171 347 5235 λίθου]
364 5172 421 5223 add.
438 5184 502 5235 mgo.
527 5170 538 5237 1]
553 5201 582 5214 -
595 5172 716 5235 ἑλέπολιν]
730 5171 769 5221 Sic
781 5170 921 5221 bombardae
930 5170 1023 5234 saepius
1040 5175 1158 5221 vocantur
1169 5171 1236 5235 εφαθ
1247 5171 1393 5224 Ρλτεαῑεεια
1403 5187 1453 5225 σου.
1470 5172 1541 5227 editt
1552 5178 1666 5239 nostru,
1679 5177 1726 5228 σσθ
1742 5179 1834 5231 codex
