3809 5859
127 356 185 417 μθ
793 339 1056 403 acarnanas„

119 506 194 563 .que,
203 486 266 556 lai,il
275 502 304 540 se
315 479 516 555 reposuitdans
525 480 551 533 la
556 477 627 550 joie,
634 477 652 532 il
660 477 698 532 lui
707 475 787 531 vinti
795 475 901 550 l’esprit
956 476 1059 532 durant
1069 451 1218 551 ee’temps,
1230 480 1307 534 etant
1318 481 1429 535 montes
1439 498 1489 536 sur
1504 482 1578 536 lesus
1591 481 1730 548 chevaux,

128 577 246 632 delever
264 572 314 628 des
322 582 437 645 troupes
457 586 526 624 avec
546 565 693 639 lesquelles
706 565 726 618 il
739 565 846 618 risolut
865 563 901 619 de
955 564 1066 637 prirent
1080 563 1107 617 la
1130 563 1210 624 suite.
1233 567 1287 621 Les
1300 577 1425 640 satrapes
1449 567 1485 622 de
1507 567 1622 623 l'a'rmde
1637 570 1732 624 anag.

126 658 482 739 parcouriretderavager
505 654 541 709 de
559 669 691 709 nouveau
704 652 743 706 les
755 651 901 706 domaiues
955 651 1072 718 nieune,
1094 663 1179 723 ayant
1206 654 1301 728 appris
1322 655 1384 710 leur
1397 654 1482 725 suite,
1508 673 1536 711 se
1554 655 1734 731 partagerent

128 751 177 807 des
187 753 291 806 Perses.
308 749 348 803 Le
361 744 480 812 Partha,
493 753 578 817 ayant
591 742 687 815 appris
701 750 774 795 cette
787 739 901 795 resolu-

129 841 205 906 tion,
217 856 246 893 se
260 836 374 891 souvint
387 834 423 890 de
436 834 640 906 l'engagement
661 827 731 902 qu'il
744 827 819 892 avait
832 846 902 883 con·

130 927 219 982 tracte'
231 942 328 981 envers
339 923 366 978 le
374 923 420 976 roi
434 919 483 975 des
494 920 604 985 Perses,
616 926 644 972 et
659 935 688 972 se
699 917 816 990 rappela
829 916 902 970 aussi

129 1016 169 1070 lcs
184 1029 339 1088 promesses
361 1006 430 1083 qu’il
455 1007 495 1062 lui
512 1007 586 1062 avait
605 1005 695 1063 faites.
717 1001 815 1078 bussi,
830 1003 903 1058 desi·

130 1111 193 1157 rant
214 1115 367 1155 recouvrer
383 1114 433 1151 sou
446 1111 555 1170 propre
573 1111 642 1167 pays
655 1093 760 1166 ,appele
779 1089 900 1158 Pahlav,
917 1121 919 1124 ·

133 1188 161 1264 [S
174 1185 235 1262 15.]
253 1188 273 1240 il
294 1184 398 1240 medita
419 1201 458 1238 un
475 1180 569 1255 projet
589 1181 728 1235 criminel.
743 1182 840 1252 Ayant
849 1179 907 1253 pris

131 1278 256 1334 'al’ecart
275 1275 301 1330 le
319 1273 365 1328 roi
380 1283 408 1328 et
426 1290 480 1327 son
490 1287 595 1344 propre
609 1268 693 1354 frere,
710 1285 819 1324 comme
832 1286 908 1341 pour

132 1365 202 1420 faire
224 1380 281 1416 une
306 1357 476 1434 promenade
502 1367 531 1412 et
564 1355 741 1411 s'entretenir
769 1353 909 1408 d’aslaires

131 1449 266 1522 secretas,
293 1448 327 1502 ils
347 1464 376 1501 se
401 1445 543 1500 munirent
576 1442 687 1516 d'dpees
717 1441 907 1498 trauchantes.

132 1537 237 1594 Toutai
254 1552 329 1607 coup
346 1534 380 1588 ils
402 1531 521 1586 tirdrent
534 1531 608 1584 leurs
626 1547 717 1584 armes
731 1539 760 1584 et
773 1547 809 1583 en
826 1528 909 1601 frap-

133 1624 233 1699 perent
243 1623 269 1678 le
277 1621 323 1677 roi
335 1617 387 1695 (1).
399 1617 525 1674 Aussitbt
535 1618 563 1672 la
573 1617 704 1672 nouvelle
723 1615 759 1672 de
769 1626 814 1671 cet
824 1633 910 1672 assas·

134 1713 206 1767 sinat
218 1728 245 1765 se
255 1707 527 1782 repanditpartout3
539 1704 566 1759 la
576 1703 651 1759 soule
673 1714 703 1758 et
716 1704 755 1758 les
776 1703 911 1758 lamenta·

136 1801 209 1855 tions
222 1797 338 1852 alletent
351 1813 388 1850 en
401 1794 580 1868 grossissant;
600 1792 672 1846 mais
686 1792 725 1846 les
734 1791 910 1860 meurtriers,

167 1955 201 2018 (1)
213 1953 253 2002 Gi.
265 1953 340 2002 biotae
353 1901 384 2000 de
398 1949 524 2008 Kborena,
535 1947 580 1997 liv.
592 1947 631 2007 11,
644 1946 684 1995 cli.
695 1949 734 1996 74.
746 1970 776 1982 -
784 1943 865 1994 zenob
878 1943 909 1995 de
931 1979 937 2000 ,

137 2025 205 2088 Glag,
218 2038 243 2088 p.
256 2029 285 2072 ao
297 2024 323 2071 et
335 2020 399 2070 suiv.
412 2017 448 2068 du
458 2021 527 2068 texte
537 2019 563 2067 et
573 2030 597 2080 p.
609 2019 682 2066 att-27
693 2016 723 2066 de
734 2016 759 2064 la
769 2015 833 2065 trad.
846 2015 877 2064 ir.

167 2101 200 2158 (ν)
221 2095 292 2144 cette
308 2090 381 2150 ville,
399 2089 478 2139 situec
491 2102 524 2137 au
537 2087 661 2137 conducat
675 2086 706 2136 de
724 2085 820 2136 l'draxe
834 2089 860 2135 et
876 2085 910 2136 du

137 2165 284 2224 mmmmm,
293 2163 331 2210 sut
335 2159 442 2224 pendant
448 2160 584 2222 lougtemps
589 2157 615 2206 la
621 2156 724 2220 capitale
730 2155 762 2205 de
769 2154 913 2232 l'Armeuie3

138 2239 185 2286 Les
197 2237 274 2284 Grecs
284 2233 308 2281 la
318 2229 468 2281 nommaient
478 2228 601 2292 Ἀρτάξατα
613 2241 646 2276 ou
660 2227 828 2290 Ἀρταξιάσατα
840 2229 912 2286 (Stra-

138 2307 186 2357 bon
195 2344 201 2365 ,
211 2304 253 2354 liv.
264 2305 312 2363 Xl,
323 2303 363 2351 cb.
375 2303 412 2351 14.
422 2331 453 2342 -
461 2298 601 2358 Ptolemae,
613 2296 764 2360 ciceastre.
776 2298 808 2357 V,
818 2297 858 2347 ch.
875 2300 911 2348 ia

138 2372 277 2427 -Etieuno
286 2373 317 2424 dc
327 2372 394 2435 byn,
408 2370 441 2421 dc
455 2369 550 2429 Urbib„
562 2368 612 2418 bac
622 2367 717 2429 verbo).
728 2366 800 2417 selon
809 2367 914 2417 strabon

956 757 993 794 en
1006 737 1168 794 differentes
1180 749 1295 814 troupea
1305 750 1333 796 et
1345 742 1383 796 les
1390 743 1610 816 poursuivirent.
1619 745 1672 798 Les
1681 763 1734 800 uns

957 834 1113 881 courureut
1139 842 1176 880 au
1198 837 1269 899 pont
1290 828 1381 883 rudme
1400 829 1451 902 qui
1473 828 1555 884 mene
1580 829 1641 885 aila
1667 832 1734 888 ville

958 908 1148 967 d’Ardaschad
1178 909 1243 990 (a),
1267 932 1353 988 parce
1381 933 1437 988 que
1469 917 1496 971 le
1515 913 1607 972 fleuve
1641 917 1735 974 Araxe

959 1000 1026 1054 erait
1049 996 1145 1073 gonflc'
1167 999 1300 1074 jusqu'au
1316 1002 1393 1058 bord
1416 1003 1452 1059 de
1479 1021 1522 1058 ses
1536 1006 1624 1073 rivas,
1639 1016 1669 1060 et
1691 1024 1735 1062 ses

959 1105 1031 1144 eaux
1042 1087 1146 1143 etaient
1157 1090 1301 1146 troubldes
1312 1102 1340 1147 et
1352 1093 1471 1166 grossies
1483 1110 1535 1166 par
1547 1093 1576 1148 la
1590 1093 1669 1149 sonte
1686 1093 1736 1150 des

945 1217 946 1222 ι
960 1177 1055 1249 neiges
1068 1186 1097 1231 et
1112 1174 1161 1230 des
1174 1177 1274 1251 glaces.
1291 1179 1343 1235 Les
1355 1190 1465 1248 autres,
1478 1190 1563 1252 ayant
1580 1181 1690 1236 franchi
1708 1182 1735 1238 le

961 1274 1034 1337 pont
1045 1263 1118 1318 dela
1128 1265 1195 1320 ville
1209 1265 1245 1321 de
1267 1265 1512 1340 Vagharsehabad,
1522 1302 1524 1305 -
1536 1270 1636 1343 appele
1663 1279 1735 1343 pont

963 1352 1008 1407 de.
1019 1350 1183 1407 llledzamor
1195 1350 1254 1430 (3),
1272 1366 1429 1410 coururent
1446 1357 1521 1411 aussi
1538 1356 1735 1412 al'extre'mite

964 1440 1004 1495 du
1017 1450 1089 1514 pont
1103 1436 1307 1517 d’Ardaschad‚
1322 1454 1366 1512 et,
1380 1455 1466 1516 ayant
1478 1447 1561 1500 cerne
1576 1445 1615 1499 les
1628 1444 1735 1519 fugitifs

964 1527 1170 1584 damunerroit
1178 1547 1306 1606 passage,
1315 1531 1349 1586 ils
1358 1533 1607 1606 lesprdeipiterent
1617 1533 1656 1589 du
1665 1546 1736 1607 pont
1770 1586 1773 1589 .

965 1614 1002 1670 de
1012 1616 1126 1689 Dapher
1138 1611 1175 1694 (d)
1188 1617 1257 1672 dans
1270 1619 1297 1673 le
1310 1615 1413 1674 fleure.
1428 1621 1543 1675 Ensnite
1561 1622 1595 1674 ils
1616 1620 1676 1676 s’en
1690 1641 1736 1678 re·

966 1703 1131 1760 touruerent
1151 1722 1185 1759 en
1205 1717 1339 1779 poussant
1355 1707 1404 1762 des
1426 1709 1481 1763 cris
1505 1707 1541 1763 de
1560 1707 1691 1779 douleur,
1707 1721 1735 1767 et

967 1801 1032 1846 tout
1043 1792 1069 1848 le
1081 1809 1151 1866 pays
1164 1791 1199 1848 de
1212 1806 1327 1849 concert
1334 1795 1462 1869 ,pleurait
1472 1814 1524 1850 son
1534 1797 1589 1853 roi.
1600 1797 1733 1868 Celui-ci,

961 1945 1056 1996 ensuite
1065 1945 1101 1996 roi
1107 1946 1252 2001 d’Armtuie.
1261 1950 1377 2014 Tiridate,
1383 1952 1429 2014 qui
1435 1952 1460 2002 la
1468 1951 1558 2004 rebatit
1566 1954 1638 2017 apres
1645 1953 1735 2016 qu’elle

961 2018 1005 2066 eut
1016 2015 1056 2067 dte
1064 2017 1148 2073 ruinae
1159 2033 1204 2082 par
1212 2021 1351 2082 corbulon,
1362 2022 1398 2071 lui
1406 2022 1488 2071 donna
1496 2023 1519 2072 le
1530 2037 1589 2074 nom
1597 2023 1629 2074 de
1638 2023 1737 2089 l‘empe·

963 2100 1020 2137 reur
1034 2088 1115 2138 Neron
1131 2089 1174 2152 qui
1185 2090 1220 2140 lui
1231 2091 1297 2141 avait
1308 2091 1385 2142 rendu
1399 2106 1439 2142 aes
1451 2087 1521 2143 Etats
1533 2094 1607 2154 (Dion
1623 2095 1736 2154 cardus,

963 2157 1007 2207 liv.
1021 2162 1060 2219 ab,
1077 2159 1152 2224 apud
1169 2161 1280 2224 diphili.
1293 2164 1365 2213 cette
1376 2163 1433 2213 rille
1442 2164 1505 2214 n'est
1515 2164 1572 2228 plus
1583 2165 1738 2229 aujourd'bui

964 2227 1041 2290 qu'un
1053 2242 1173 2280 monceau
1185 2231 1216 2281 de
1230 2233 1322 2283 ruiues.

997 2299 1032 2361 (θ)
1044 2300 1191 2363 bledzamor,
1199 2304 1287 2366 grand
1293 2306 1404 2365 marcia,
1412 2305 1497 2369 appele
1503 2308 1569 2354 aussi
1579 2306 1654 2366 Azad,
1660 2305 1737 2368 ῑίθτες

965 2367 1027 2420 c’est
1037 2383 1086 2420 une
1098 2371 1188 2422 riridre
1203 2373 1248 2435 qui
1265 2374 1337 2424 ecula
1348 2374 1460 2425 ll’ouest
1472 2375 1529 2438 pris
1540 2375 1572 2426 de
1584 2376 1660 2426 Terin
1670 2380 1696 2427 et
1708 2391 1740 2427 ra

141 2445 166 2488 et
176 2441 306 2500 Plutarque
318 2440 373 2499 (tte
385 2437 417 2486 de
429 2436 565 2498 Lucullus)
575 2439 621 2486 elle
631 2438 668 2486 lut
679 2435 766 2485 ioodde
775 2435 872 2498 d’apres
880 2435 916 2484 les
966 2439 1087 2503 reioindre
1096 2441 1192 2493 l’Araxe
1202 2457 1236 2493 un
1246 2458 1296 2507 peu
1305 2444 1439 2495 au-dessus
1448 2444 1481 2496 de
1489 2448 1555 2496 cette
1567 2446 1633 2497 ville.

141 2509 195 2560 avis
203 2507 331 2557 d’Aunibal
340 2545 346 2568 ‚
356 2520 401 2571 par
413 2506 647 2571 Armms,d‘abord
654 2519 817 2570 gomorram,
826 2509 852 2556 ct
860 2506 917 2569 puis
937 2507 943 2560 l
1000 2511 1035 2573 (4)
1048 2511 1086 2561 ct.
1098 2512 1210 2577 ludjidji,
1227 2517 1319 2578 Ge‘ogr.
1333 2519 1475 2578 σπείσασα,
1485 2530 1511 2580 p.
1522 2520 1578 2566 tit.

150 2603 1732 2638 Ἣ-

144 2677 259 2758 πατρίδα
269 2679 331 2736 ἰδεῖν
344 2675 473 2748 έπεπάθει,
486 2674 531 2734 καί
541 2678 593 2733 τῶν
605 2673 771 2753 ὑποσχέσεων
783 2677 915 2755 ἐπιτυχεῖν

142 2767 288 2841 ἐπίστευεν,
297 2767 332 2830 ὣς
345 2765 449 2840 μέλλων
463 2767 509 2833 τῆς
527 2766 579 2821 τῶν
599 2763 713 2843 Πάρθων
724 2762 839 2831 ἐξουσίας
856 2767 913 2822 ἐπι·

144 2847 259 2936 κρατεῖν,
272 2851 318 2914 καί
334 2851 382 2924 τήν
397 2849 555 2931 προγονικὴν
567 2851 647 2926 τιμήν
658 2852 813 2913 άναλαὸεῐν.

184 2943 201 3018 S
219 2941 264 2998 15.
281 2938 383 3009 Βουλὴν
396 2930 440 2997 οὖν
461 2939 576 3017 πονηρὰν
593 2937 770 3018 σκεψάμενος,
784 2937 916 3015 λαμὸάνει

144 3026 188 3086 τδν
207 3025 315 3105 βασιλέα
330 3025 406 3092 αὐτάς
421 3049 450 3084 τε
466 3025 512 3086 καὶ
526 3029 540 3084 ὁ
554 3024 616 3092 ἴδιος
631 3027 709 3084 αὐτοῦ
724 3026 833 3106 ἀδελφὸς
847 3025 915 3084 ἰδιά-

144 3119 242 3189 ζοντες,
266 3117 301 3182 ὡς
324 3113 543 3196 προφασιζόμενοι
570 3113 661 3194 σκέψιν
690 3112 749 3171 τινὰ
777 3113 916 3171 ἀναθέσθαι

147 3205 237 3283 αὐτῷ,
251 3201 298 3269 τδις
312 3201 338 3263 δὲ
354 3203 483 3283 ῥομφαίας
505 3205 601 3274 αὐτῶν,
616 3201 788 3278 θλοστάμους,
803 3201 916 3280 παρελο-

145 3289 252 3357 σθέντας
269 3289 392 3369 ἐκράτουν
415 3288 536 3370 κρυφίως.
550 3288 652 3350 Αὐτίκα
671 3288 698 3347 δὲ
714 3288 916 3366 ἀπροσδοκήτως

146 3378 192 3446 τίς
202 3377 305 3446 σπάθας
315 3376 523 3453 ἀνασπάσαντες,
536 3377 667 3446 ἐπάταξαν
679 3377 724 3436 τὸν
737 3375 858 3456 βασιλέα,
870 3375 916 3434 καί

145 3471 181 3534 εἰς
188 3465 236 3538 τὴν
243 3470 292 3542 γῆν
299 3464 469 3546 κατέββαξαν.
476 3463 556 3530 Γνοὺς
564 3463 593 3522 δέ
600 3489 638 3531 τις
649 3463 741 3531 εὐθέως
746 3464 775 3522 τὸ
782 3464 916 3542 γινόμενον

145 3563 275 3636 πρᾶγμα,
291 3553 426 3631 ἐξέκραγεν
446 3555 584 3632 δλολυγμῷ
600 3553 726 3632 μεγάλῳ,
746 3553 791 3610 καὶ
809 3556 843 3619 ὡς
865 3543 916 3610 ὧδε

146 3643 191 3702 καὶ
203 3633 253 3702 ὧδε
268 3641 355 3714 abaci,
367 3641 502 3708 ἐπιθέντες
520 3645 573 3708 τοῖς
591 3640 664 3706 ἰδίοις
683 3640 788 3712 ἵπποις,
806 3631 918 3721 φυγάδες

147 3731 278 3808 ἐγένοντο,
294 3729 339 3789 καί
361 3734 437 3788 τοῦτο
453 3729 577 3806 μαθόντες
592 3733 617 3786 οἱ
631 3725 764 3808 σατράπαι
788 3731 839 3786 τῶν
860 3728 917 3808 Ἀρ-

147 3819 255 3893 μενίων,
275 3817 448 3898 νουμέραρχοι
472 3817 644 3897 διεμερίζοντο
662 3818 747 3876 ὀπίσω
765 3819 849 3875 αὐτῶν
866 3839 917 3874 κα-

54 3927 56 3932 ·
147 3905 334 3979 ταδιώκοντες,
347 3904 391 3964 καὶ
407 3905 598 3986 προδραμόντες
612 3905 677 3971 τινὲς
690 3904 918 3984 προκατελάὸοντο

149 3991 197 4063 τήν
213 3991 357 4070 διαὸάθραν
379 3993 422 4051 ἐπὶ
443 3993 538 4060 πάλαις
552 3991 711 4073 Ἀρταξάτης
724 3991 835 4060 πόλεως.
882 3994 918 4053 ‘0

148 4080 200 4160 γάρ
211 4081 328 4158 ποταμὸς
338 4079 460 4160 Ἐρασδιχ
470 4081 636 4162 πλημμάρυνν
648 4079 726 4160 μέχρι
737 4085 783 4152 τῆς
794 4081 919 4160 κρηπῖδος

148 4168 236 4250 έβρεεν
250 4170 280 4227 lx
293 4173 339 4238 τῆς
353 4168 471 4240 λυθείσης
483 4168 568 4247 χιόνος
582 4166 628 4227 σὺν
642 4173 680 4246 τῷ
694 4167 864 4246 κρυστάλλῳ,
879 4170 918 4224 cl-

149 4256 244 4316 δαίνων
258 4255 303 4314 καὶ
318 4256 470 4325 άναὸλάζων
484 4259 511 4314 έν
526 4264 583 4322 ταῖς
598 4255 708 4335 ἡμέραις
721 4251 757 4313 τίον
773 4259 820 4326 τῆς
840 4255 918 4312 αὐτοῦ

149 4343 343 4410 άναθολώσεως.
371 4341 460 4404 Ἄλλοι
488 4343 516 4402 δέ
538 4343 700 4422 περάσαντες
728 4342 775 4415 τήν
805 4340 918 4422 γέφυραν

149 4431 375 4513 Οὐαλεροκτίστης
394 4437 440 4504 τῆς
460 4431 575 4507 πόλεως,
590 4431 635 4490 καί
648 4429 695 4502 τήν
711 4428 855 4509 διαὸάθραν
872 4434 918 4487 τοῦ

148 4523 290 4600 λεγομένου
303 4525 423 4598 ποταμοῦ
446 4520 564 4594 Μάθεος,
578 4518 737 4598 συνέδραμον
759 4517 918 4577 καταλαὸεἶν

149 4609 196 4677 τδς
215 4607 348 4674 διαθέσεις
366 4612 412 4679 τῆς
435 4608 608 4690 προκειμένης
630 4605 731 4673 πόλεως
744 4604 916 4683 Ἇρταξάτης,

150 4697 195 4757 καί
210 4699 237 4754 ἐν
251 4698 303 4763 τοῖς
317 4705 414 4764 στενοῖς
428 4693 670 4774 περικυκλώσαντες
684 4692 743 4762 τοὺς
758 4695 873 4773 φυγάδας
891 4694 918 4750 ἐν

152 4784 225 4867 μέσῳ
239 4789 290 4845 τῶν
310 4788 428 4865 γεφυρῶν
448 4784 517 4842 ένθεν
537 4782 582 4842 καί
601 4783 680 4855 ἔνθεν,
692 4780 919 4863 ποταμοέρυχίους

151 4873 334 4945 πεποιήκασιν.
347 4872 428 4932 Αὐτοὶ
439 4871 482 4944 δὲ,
493 4870 699 4951 ἀναστρέψαντες
708 4872 861 4948 θλαλυγμοῖς
875 4869 920 4928 καί

152 4971 275 5042 κραυγαῖς
285 4961 330 5021 καί
338 4963 460 5027 ἐλεειναῖς
470 4967 566 5040 φωναῖς
577 4958 622 5017 σίιν
633 4958 705 5037 πάσῃ
713 4963 746 5040 τῇ
754 4957 830 5038 χώρᾳ
840 4979 920 5016 συνα-

151 5050 272 5130 χθέντες,
285 5050 328 5109 τὸν
342 5047 452 5130 βασιλέα
465 5047 595 5127 ἐθρήνουν.
605 5043 669 5108 'Era
679 5048 705 5105 δὲ
718 5045 814 5126 μικρὰν
826 5047 922 5112 ἐκεῖνος

155 5137 250 5219 θέρμην
272 5137 321 5196 θττδ
349 5139 382 5196 τδι
410 5136 503 5218 στέρνα
531 5136 674 5208 ἀναπνέων,
701 5139 747 5207 τῆς
774 5132 922 5201 τελευταίας

969 2678 1130 2732 obtenturum
1143 2695 1171 2733 sc
1187 2684 1306 2746 promissa
1320 2685 1368 2736 sibi
1382 2687 1463 2750 sacta,
1476 2687 1545 2738 velut
1553 2686 1742 2739 dominationem

970 2770 1116 2822 Parthorum
1123 2772 1265 2838 adeptums
1271 2775 1439 2841 honoremque
1448 2780 1631 2844 progenitorum
1642 2794 1743 2833 suorum

969 2856 1110 2911 habiturus.

1001 2945 1017 3009 §
1032 2951 1069 2998 15.
1083 2948 1169 3012 Igitur,
1182 2963 1258 3015 pravo
1268 2951 1329 3002 inito
1338 2953 1454 3014 coasilio,
1466 2960 1655 3019 assumpserunt
1663 2969 1743 3020 εεςεια

971 3044 1022 3108 ipse
1043 3046 1144 3110 ejusque
1171 3048 1247 3100 irater
1266 3052 1318 3102 sine
1339 3053 1386 3103 alio
1406 3055 1539 3127 comitatu,
1558 3059 1738 3120 praetexentes,

970 3143 1094 3205 quandam
1119 3146 1337 3200 considerationem
1357 3163 1384 3200 sc
1401 3150 1436 3200 illi
1454 3152 1636 3216 proposituras,
1651 3153 1743 3218 gladios

971 3257 1030 3295 vero
1051 3259 1125 3307 suos,
1139 3250 1204 3298 totos
1221 3253 1319 3312 acutos,
1333 3249 1459 3300 involutos
1476 3251 1571 3302 occulte
1584 3238 1740 3316 arripiebant.

971 3345 1101 3408 Extemplo
1120 3349 1204 3398 autem
1224 3347 1318 3412 gladios
1338 3348 1473 3412 improviso
1498 3327 1646 3419 educentes,
1662 3365 1744 3415 regem

971 3448 1145 3506 percusserint
1158 3450 1184 3497 et
1196 3447 1222 3496 in
1233 3451 1325 3498 terram
1339 3448 1487 3512 dejecerunt.
1500 3452 1565 3502 dum
1579 3464 1639 3501 vero
1652 3451 1743 3500 lactum

972 3542 1060 3606 aliquis
1073 3544 1189 3594 cautinus
1199 3541 1355 3607 rescivisset,
1366 3547 1511 3599 exclanmrit
1521 3561 1610 3612 magno
1621 3562 1678 3598 oum
1692 3548 1745 3596 ulu·

972 3640 1037 3702 latu;
1048 3645 1075 3692 et
1086 3656 1144 3693 cum
1153 3643 1201 3706 illi,
1216 3645 1324 3695 meensis
1338 3645 1485 3708 epulosum,
1497 3643 1548 3695 buc
1558 3646 1665 3709 illucque
1677 3645 1745 3709 iuge-

972 3742 1042 3802 rent,
1052 3741 1078 3790 et
1086 3739 1134 3789 boc
1144 3742 1315 3792 Armeniomm
1327 3745 1431 3806 satrape
1440 3742 1597 3804 didicissent3
1608 3741 1746 3793 cohortium

972 3839 1082 3902 prefecti
1099 3840 1272 3892 dividebantur
1284 3841 1316 3892 ad
1329 3856 1373 3892 eos
1384 3841 1579 3907 persequendos,
1594 3844 1621 3892 et
1633 3854 1743 3904 praecur-

972 3940 1055 3987 rentes
1063 3937 1140 4000 aliqui
1147 3942 1381 4003 praeomupdvenmt
1389 3941 1489 4004 pontem
1500 3939 1533 3989 ad
1543 3941 1628 4003 portas
1637 3937 1745 3988 civitatis

973 4039 1104 4086 ariarate.
1125 4039 1186 4088 Nam
1209 4037 1300 4088 liuvius
1320 4037 1428 4088 Erasacb
1448 4036 1588 4100 exundans,
1610 4048 1690 4099 usque
1711 4033 1746 4085 ad

973 4139 1122 4202 crepidinem
1141 4139 1231 4190 llucbat
1248 4153 1277 4190 er
1293 4138 1350 4189 nive
1365 4139 1445 4189 soluta
1461 4152 1519 4188 cum
1535 4137 1626 4202 glacie,
1646 4139 1747 4186 tumens

973 4238 999 4286 et
1012 4237 1148 4288 scaturiens
1159 4237 1185 4287 in
1197 4236 1284 4287 diebus
1294 4237 1348 4288 limi
1356 4237 1505 4288 ebullientis.
1532 4237 1651 4287 univero
1662 4238 1745 4286 trans·

973 4337 1061 4385 euntes
1069 4338 1168 4399 pontem
1175 4334 1283 4386 civitatis
1290 4336 1500 4399 l'aleroctistae‚et
1507 4338 1606 4399 pontem
1617 4333 1695 4394 ilarii,
1705 4333 1747 4400 cui

973 4446 1063 4484 nomen
1082 4435 1207 4495 matheus,
1222 4438 1400 4486 concurrerunt
1414 4435 1445 4486 ad
1458 4434 1613 4499 occupandos
1625 4433 1747 4484 nansitus

974 4533 1082 4586 civimtis
1111 4537 1245 4597 iduatas,
1267 4536 1431 4601 fugitivosque
1448 4536 1474 4585 in
1493 4536 1605 4586 looomm
1626 4534 1748 4599 angustiis

974 4615 1155 4698 circumdantes
1166 4634 1193 4684 in
1204 4634 1287 4685 medlo
1299 4636 1411 4699 pontium
1428 4634 1486 4684 bino
1501 4636 1528 4684 et
1543 4634 1623 4696 illinc,
1637 4634 1749 4684 lecerunt

975 4741 1004 4789 ut
1019 4737 1233 4800 submergerentur
1253 4735 1279 4785 in
1301 4735 1410 4786 flumine.
1432 4735 1471 4785 Illi
1492 4736 1575 4785 autem
1597 4733 1745 4793 redeuntes,

974 4837 1109 4888 ululatibus
1126 4838 1153 4886 et
1166 4835 1330 4896 clamoribus,
1344 4835 1495 4898 vodbusque
1514 4833 1673 4896 miserandis,
1686 4845 1745 4882 cum

975 4937 1043 4986 omni
1060 4935 1183 5000 provincia
1202 4935 1354 4998 cougregati,
1371 4948 1454 4999 regem
1470 4933 1595 4998 lugebant·
1614 4933 1658 4983 Ille
1671 4945 1747 4992 vero,

976 5036 1100 5087 modicum
1116 5035 1197 5086 adbuc
1212 5034 1319 5084 calorem
1336 5034 1361 5084 in
1379 5037 1478 5098 pectore
1499 5033 1609 5098 spirans,
1622 5034 1749 5096 postremo

977 5137 1121 5188 adveniente
1142 5135 1214 5195 datu,
1234 5134 1351 5199 praecepit
1372 5137 1401 5185 ut
1429 5133 1509 5184 omnis
1529 5146 1616 5183 corum
1635 5130 1750 5195 mgnatio
