3809 5859
445 376 691 440 denuntietis
712 376 840 438 ANNUS
862 376 938 437 Vlll.
962 376 1042 457 6966
1065 374 1253 455 ittet-1458
1274 378 1308 438 Ρ.
1332 378 1390 453 (h).

155 508 209 570 tlt.
231 509 361 576 Βασιλεύς
381 508 409 570 δλ
433 512 563 589 χειμῶνος
580 513 668 576 καλῶς
687 505 893 589 παρασκευασό-

114 622 191 677 μενος
203 600 250 657 καὶ
265 595 391 677 στρατιίιν
405 598 447 658 ὅτι
461 597 588 669 πλείστην
611 597 716 676 ἀγείρας
730 594 842 666 ἱππικήν
862 617 891 653 τε

1663 382 1717 442 ίθί

948 506 1071 577 ἀνόνητον
1083 496 1114 579 ήν
1129 506 1214 586 πσίντγ·Ι
1227 506 1286 568 τότε
1300 509 1345 568 καί
1361 508 1434 591 παρδ
1445 508 1489 569 τόν
1499 509 1606 591 καιρόν,
1620 514 1720 588 μᾶλλον

945 592 972 652 δὲ
988 594 1033 653 καὶ
1047 595 1114 661 δλως
1137 596 1266 667 ἀνόητον·
1280 598 1402 657 ἀπώλεσε
1424 598 1484 678 γάρ
1495 600 1541 659 καί
1560 598 1594 659 τδ
1613 601 1720 661 δοθέντα

113 687 160 746 καί
181 686 279 759 πεζήν,
294 685 384 758 ἐπειδὴ
408 685 457 765 ίαρ
482 684 621 766 ίιπίφαινεν
635 684 704 757 ήδη,
719 685 785 763 ἀρας
802 686 832 743 ἐκ
844 687 891 755 τῆς
942 680 989 738 καί
1003 681 1061 739 σῦδέ
1072 686 1118 752 τῆς
1130 682 1234 760 είρήνης
1244 684 1385 763 τετύχηκε.
1428 685 1460 765 (t)
1475 684 1603 754 Βασιλεύς
1614 687 1665 769 γὰρ
1674 688 1719 747 τὸν

113 772 247 853 Ἀδριανοῦ
260 772 391 852 παντίτῷ
405 772 675 853 στρατῷ,ἐπορεύετσ
690 769 733 830 διδ
752 774 800 841 τῆς
817 770 890 830 κότω
969 768 998 825 *a
1018 770 1119 845 δασμὸν
1142 770 1224 829 ἐλαόε
1250 770 1323 851 παρὰ
1350 775 1402 831 τῶν
1423 772 1576 853 πρόσθεσιν,
1592 801 1604 825 ι
1622 776 1669 841 τὰς
1691 776 1719 834 δέ

112 860 281 926 Μακεδονίας
295 861 331 924 ῶς
345 861 386 917 ἐπ’
399 857 555 938 Ἀμφίπολίν
570 882 599 918 τε
618 858 664 918 καί
680 857 820 936 Στρυμόνα
840 880 890 917 πο-
944 878 958 911 υ
1012 856 1056 922 δδς
1071 858 1133 915 όταν
1150 858 1237 934 ἐντὸς,
1254 858 1318 935 ἔφη,
1332 859 1467 940 γενώμεθα
1482 865 1529 933 τῆς
1552 863 1719 933 Πελοποννή·

112 946 214 1025 ταμὸν,
230 946 435 1023 ξυνιπαγόμενος
451 946 509 1024 ἅμα
529 950 553 1007 οἱ
571 946 618 1005 καί
639 945 709 1005 όπλα
733 943 820 1005 πολλδ
844 944 889 1002 καὶ

113 1036 237 1115 μηχανδς
252 1033 377 1102 παντοίας
390 1035 436 1094 καί
449 1034 549 1114 χαλκὸν
564 1034 603 1093 δτι
617 1038 738 1094 πλεῖστον
755 1032 800 1091 καὶ
814 1033 888 1103 σίδη·

114 1147 170 1203 ρον.
197 1121 233 1201 (ε)
248 1124 390 1199 Γενόμενος
401 1124 425 1181 δ’
436 1124 462 1181 ἐν
475 1122 607 1204 Στρυμόνι
619 1120 748 1181 διαόαίνεε
758 1126 888 1181 τετοῦτον

111 1211 159 1270 καί
170 1209 341 1291 παραμείψας
355 1209 404 1283 τλν
421 1214 568 1291 Κερκινῖτιν
581 1209 599 1281 ἢ
611 1209 715 1283 Βόλόην
731 1210 827 1289 λίμνην
843 1208 888 1267 καὶ

111 1298 296 1381 προσελαύνων
319 1298 363 1359 ἐπί
384 1300 418 1357 τὰ
439 1298 550 1379 πρόσω,
572 1298 703 1358 inituim
723 1299 887 1369 Θετταλίας,

113 1390 247 1446 κάνταῦθα
260 1387 551 1464 στρατοπεδευσόμενος
566 1386 632 1464 ίγνω
647 1386 738 1465 μικρδν
755 1388 888 1464 παραμεῖ·

113 1497 175 1548 ναι,
191 1472 258 1533 ὥστε
272 1473 450 1535 διαναπαῦσσί
464 1497 492 1533 τε
514 1474 561 1547 τλν
583 1471 708 1554 στρατιὰν
728 1473 774 1531 καὶ
796 1471 886 1550 ἑτέραν

114 1562 194 1620 αύτοῦ
212 1562 376 1640 περιμεῖναι,
391 1562 438 1620 καὶ
459 1561 516 1638 δίμα
539 1569 634 1641 πεῖραν
658 1558 810 1636 ποιούμενος
833 1562 886 1617 τῶν

114 1654 160 1719 τῆς
175 1648 374 1720 Πελοποννήσου
391 1650 540 1727 ἡγεμόνων,
554 1650 578 1709 εί
590 1673 645 1716 πως
659 1648 710 1728 ἀρα
725 1650 830 1720 ἐνδοῖεν,
840 1645 887 1717 τήν

113 1738 171 1794 κατ’
185 1740 270 1797 αὐτῶν
284 1738 453 1816 ἐκστρατείαν
470 1742 517 1797 τοῦ
540 1736 668 1816 βασιλέως
684 1737 827 1813 μαθόντες,
842 1735 887 1794 καὶ

111 1824 155 1883 τδν
172 1824 272 1900 δασμὸν
289 1826 419 1887 ἀποδοῖεν.
462 1825 496 1907 [a]
514 1825 637 1902 Ἐλέγετσ
656 1823 707 1904 γδρ
730 1824 776 1882 καὶ
799 1828 886 1897 τοῦτο,

112 1910 152 1969 δτι
167 1913 190 1970 εί
205 1903 269 1983 ἧκον
284 1910 316 1971 δν
329 1914 356 1971 ἐν
369 1916 408 1992 τῷ
426 1912 487 1971 τότε
503 1911 625 1991 πρέσόεις
638 1914 724 1971 αάτῶν
744 1910 817 1990 παρδ
836 1914 884 1990 βα-

111 1998 205 2072 σιλέα,
220 2000 368 2075 κομίζοντές
380 2023 410 2059 τε
420 2000 464 2058 τὸν
477 2000 577 2075 δασμὸν
592 2002 638 2059 καί
658 1999 774 2074 δεόμενοι
797 2002 886 2076 τυχεῖν

111 2087 229 2167 εἰρήνης,
244 2089 338 2168 ἔτυχον
361 2089 407 2161 διν,
428 2088 473 2149 καί
495 2091 542 2149 σιἰκ
561 2089 592 2150 διν
612 2088 656 2150 ἐπὶ
675 2086 818 2167 τάπρόσω
839 2093 886 2146 τοῦ

110 2173 203 2233 λοιποῦ
223 2197 244 2232 π
277 2174 372 2256 ’χώρει
393 2180 408 2235 ό
431 2175 571 2256 βασιλεὺς,
586 2177 638 2237 οὐδ’
652 2174 807 2256 ἐστράτευσε
825 2178 885 2241 κατ’

77 2285 83 2293 ·
112 2265 213 2323 αιἰτῶν·
226 2286 283 2343 εχε
297 2263 349 2342 γὰρ
363 2264 431 2324 ἄλλα
450 2264 484 2323 τὰ
497 2263 695 2343 κατεπείγοντα.
739 2265 771 2345 (ε)
789 2263 838 2330 Ὣς
858 2263 886 2324 δλ

110 2350 212 2430 ἡμέρας
222 2350 314 2419 ίκανδς
326 2353 405 2412 αὐτοῦ
419 2352 552 2432 διαγαγὼν
565 2352 638 2411 οὐδὲν
653 2353 705 2413 ἀπὸ
720 2352 886 2424 Πελοποννή·

110 2461 157 2499 σου
170 2439 308 2519 ἐφαίνετο,
319 2439 338 2511 ἥ
347 2464 376 2499 τε
388 2442 501 2521 στρατιδι
509 2439 703 2501 διανεπαύσατσ
714 2442 760 2501 καί
771 2445 789 2513 ἡ
803 2463 886 2519 προσ·

111 2528 247 2605 ῦσκωμένη
263 2532 373 2609 ἀφῖκτο,
389 2529 454 2609 ἄρας
469 2532 499 2589 ix
512 2530 659 2598 θετταλίας
675 2529 768 2610 ἐχώρει
784 2528 827 2588 δεδι
840 2531 887 2598 τῆς

111 2616 250 2694 μεσογείας
274 2618 371 2696 αθτῆς,
384 2619 539 2699 παρελάσας
559 2617 587 2677 δέ
610 2620 709 2691 ταύτην
729 2616 819 2678 τεκαὶ
837 2616 886 2687 τήν

110 2704 227 2762 Φθιῶτιν
249 2705 296 2763 καί
318 2705 475 2785 ῦπερόαλῶν
499 2707 532 2765 τοί
554 2730 583 2766 τε
606 2706 656 2786 όρη
673 2706 771 2778 ταύτης
792 2705 838 2764 καὶ
852 2702 886 2762 ad

111 2790 224 2872 Ἄχαῑκά
245 2791 306 2855 τούς
327 2815 356 2851 τε
377 2795 404 2851 ἐν
427 2797 465 2873 τῷ
493 2792 589 2867 μεταξύ
618 2793 752 2870 ποταμούς
777 2791 886 2859 διαόάς,

115 2880 261 2959 Σπερχειόν
276 2903 305 2940 τε
320 2880 365 2938 καὶ
381 2881 510 2953 Πηνειὸν,
521 2882 669 2960 ἀφικνεῖται
682 2884 708 2946 ἐς
723 2880 828 2953 Πύλας,
840 2879 886 2938 καί

109 2967 240 3026 διαόαίνει
251 2966 299 3046 τήν
312 2968 396 3046 ταύτῃ
408 2968 521 3046 πάροδον
535 2971 668 3046 ἀσφαλῶς,
715 2967 748 3046 (a)
762 2967 887 3035 Καταόδις

109 3052 139 3113 δὲ
158 3054 184 3122 ίς
202 3079 231 3115 τε
253 3056 301 3127 τήν
313 3057 425 3117 Φωκίδα
448 3057 493 3116 καί
518 3056 646 3117 Βοιωτίαν
670 3056 716 3116 καί
736 3057 899 3115 Πλαταιίδα

111 3143 345 3224 στρατοπεδεύεται
357 3146 434 3203 αὐτοῦ
446 3145 511 3224 πρὸς
526 3148 564 3223 τῷ
578 3146 690 3224 Ἀσωπῷ
699 3148 828 3225 ποταμῷ,
841 3145 888 3203 καὶ

110 3232 212 3308 πέμπει
227 3231 258 3302 δή
281 3230 339 3297 τσίις
362 3232 608 3312 κατασκεψομένους
630 3232 676 3298 τάς
690 3232 817 3312 παρόδους
839 3237 887 3291 τοῦ

115 3321 275 3398 Κιθαιρῶνος
288 3319 335 3386 τάς
349 3319 478 3400 φερούσας
496 3322 520 3387 ἐς
537 3312 581 3379 τὸν
596 3319 720 3398 Ἰσθμόν·
732 3319 823 3379 ἐδεδίει
836 3320 886 3400 γθρ

110 3408 150 3484 μή
173 3412 197 3468 σί
222 3408 428 3481 Πελοποννήσιοι
458 3408 655 3489 προεξελθόντες
679 3409 886 3490 προκατείσχωσι

109 3498 225 3570 ταύτας,
239 3498 286 3557 καὶ
300 3497 414 3577 ἐργώδης
428 3498 469 3569 εἴη
483 3499 554 3576 αύτῷ
568 3502 586 3569 ἡ
602 3500 628 3564 ἀς
644 3497 689 3556 τὸν
705 3497 810 3574 Ἰσθμδν
826 3498 885 3555 δισί-

109 3583 197 3651 6ασις.
241 3585 275 3664 (8]
293 3584 427 3646 Ἐνταῦθα
442 3585 469 3643 δὲ
483 3586 577 3657 ἥκουσι
597 3584 720 3665 πρέσόεις
741 3585 814 3664 παρὰ
841 3589 885 3644 τοῦ

111 3670 237 3732 δεσπότου
250 3674 353 3749 Θωμθ,
364 3673 512 3749 κομίζοντες
530 3674 577 3731 καί
599 3678 646 3731 τοῦ
669 3676 773 3749 δασμοῦ
791 3672 885 3751 μοῖρσίν

110 3782 185 3832 τινα,
208 3760 396 3825 πεντακοσίους
416 3762 462 3819 καὶ
488 3758 712 3840 τετρακισχιλίους
735 3758 888 3839 χρυσίνους,

110 3848 158 3907 καί
182 3848 298 3923 δεόμενοι
321 3849 439 3907 σπονδῶν
461 3852 549 3927 τυχεῖν
569 3848 615 3905 καὶ
637 3849 753 3927 εἰρήνης·
770 3852 847 3906 τοῦτο
864 3846 886 3904 δ’

944 966 990 1003 σου
998 988 1007 1017 ,
1018 945 1160 1022 ποιήσομεν
1176 974 1200 1019 ιν,
1215 946 1394 1025 διαχλευάζων
1408 949 1454 1008 καί
1468 948 1612 1019 διαπαίζων
1627 952 1719 1018 αὐτούς

943 1035 989 1102 τῆς
1004 1032 1129 1099 ἀόσυλίας
1143 1036 1189 1093 καὶ
1205 1034 1339 1114 ἀκαιρίας·
1351 1036 1409 1096 τότε
1422 1037 1473 1117 γὰρ
1487 1038 1540 1097 ἔδει
1551 1044 1627 1099 τοῦτο
1637 1044 1720 1111 ποιῆ-

943 1142 1005 1193 σαι,
1017 1119 1079 1178 όταν
1094 1121 1110 1179 ὅ
1122 1145 1150 1181 τε
1167 1120 1287 1199 βασιλεὺς
1299 1124 1386 1183 ἐκάλει
1401 1126 1446 1184 καί
1458 1130 1472 1184 ό
1486 1127 1574 1205 καιρὸς
1586 1128 1653 1203 μετὰ
1666 1131 1718 1186 τῶν

941 1208 1106 1286 πραγμάτων
1130 1208 1225 1269 ἐδίδου.
1269 1208 1301 1289 (ν)
1315 1208 1364 1277 Ὣς
1381 1210 1409 1270 δί
1423 1203 1488 1283 ἧκον
1507 1214 1532 1271 οἱ
1556 1212 1719 1273 κατάσκοποι

941 1294 1083 1371 φράζοντες
1094 1295 1175 1371 μηδὲν
1198 1288 1265 1355 εἶναι
1278 1306 1335 1365 ταῖς
1346 1300 1469 1379 παρόδοις
1483 1298 1622 1377 ἐμποδὼν,
1634 1305 1718 1383 ὁρμη-

942 1381 994 1449 θείς
1004 1385 1056 1443 ἀπὸ
1066 1390 1112 1441 τοῦ
1125 1384 1243 1444 ’λσωποῦ
1254 1384 1347 1466 ἐχώρει
1357 1387 1401 1447 ἐπὶ
1409 1388 1457 1454 τάς
1467 1389 1609 1469 παρόδους,
1620 1390 1719 1455 ταύτας

942 1469 971 1528 δέ
994 1470 1088 1540 διαόάς
1103 1475 1132 1531 ού
1147 1471 1190 1541 ξὺν
1207 1471 1295 1554 πόνιρ,
1310 1476 1463 1535 invadetur
1484 1479 1510 1543 ἐς
1532 1477 1562 1537 τδ
1584 1477 1673 1537 πεδίον
1688 1477 1717 1537 τό

941 1558 994 1637 πρὸ
1007 1564 1052 1617 τοῦ
1064 1560 1171 1637 Ἰσθμοῦ
1180 1561 1226 1619 καὶ
1237 1567 1282 1621 τοῦ
1296 1564 1413 1642 τείχους,
1423 1564 1467 1622 καλ
1484 1564 1717 1643 στρατοπεδεύεται

941 1649 1021 1707 αὐτοῦ
1046 1648 1110 1725 μίαν
1132 1647 1253 1729 ἡμέραν,
1275 1653 1345 1727 τῇδ’
1358 1652 1483 1731 ὑστεραία
1509 1653 1650 1713 ἀναλαόιλιν
1672 1654 1716 1713 τὸν

940 1733 1052 1812 στρατόν
1066 1736 1171 1794 ἅπαντα
1192 1736 1408 1816 ξυντεταγμένον,
1423 1740 1548 1801 ε’σόύλλει
1562 1745 1587 1808 ἐς
1601 1742 1649 1813 τήν
1665 1745 1717 1803 Κο·

941 1820 1055 1899 ρινθίων,
1072 1824 1233 1898 ἀκμάζοντος
1246 1824 1298 1897 ἤδη
1313 1830 1361 1885 τσῦ
1377 1828 1464 1899 σίτου,
1481 1829 1527 1886 καί
1542 1828 1715 1909 στρατόπεδον

939 1911 1026 1981 τίθησι
1039 1912 1069 1969 σύ
1084 1911 1203 1991 μακρὰν,
1217 1913 1277 1970 ἀλλ’
1291 1912 1356 1973 ὅσον
1372 1914 1425 1973 ἀπὸ
1447 1917 1579 1994 τεττάρων
1603 1918 1716 1977 σταδίων

941 1998 1039 2077 ἀπίχσν
1054 1999 1103 2069 τῆς
1115 2000 1225 2066 πόλεως.
1268 2006 1303 2077 (ν)
1315 2005 1358 2081 Τῇ
1370 2003 1394 2061 δ’
1407 2001 1498 2084 ἐφεξῆς
1513 2003 1653 2062 ἀναλαόὼν
1665 2009 1715 2064 τῶν

940 2087 968 2143 ἐν
990 2084 1060 2144 τέλει
1083 2086 1165 2153 ἐνίους
1183 2088 1230 2147 καὶ
1255 2092 1411 2169 στρατηγῶν
1430 2089 1475 2148 καὶ
1501 2095 1644 2169 σατραπῶν
1658 2090 1717 2157 τούς

941 2171 1076 2252 ἀρίστους,
1092 2175 1195 2255 περιῄει
1208 2176 1253 2235 τόν
1268 2200 1296 2236 τε
1315 2178 1393 2257 λόφον
1410 2178 1455 2238 καί
1469 2178 1517 2250 τήν
1533 2180 1610 2239 πόλιν
1623 2180 1716 2256 αὐτήν,

940 2264 1115 2321 κατασκοπῶν
1129 2264 1162 2322 τό
1176 2287 1203 2322 τε
1218 2265 1283 2331 δλως
1304 2267 1435 2347 ἀπόμαχα
1454 2272 1500 2325 τοῦ
1521 2267 1619 2346 χωρίου
1640 2268 1674 2326 τό
1688 2292 1717 2326 τε

939 2348 1060 2429 ἐπίμαχα
1085 2353 1217 2409 ὁπωσοῦν.
1261 2354 1306 2433 (10)
1331 2353 1386 2414 Καί
1406 2352 1489 2422 ἔδοξεν
1511 2356 1583 2434 αὐτῷ
1603 2354 1620 2426 ή
1643 2354 1717 2422 πόλις

940 2438 1110 2517 ἐχυρωτάτη,
1125 2436 1216 2520 ῶσπερ
1232 2440 1298 2509 δῆτα
1317 2441 1363 2500 καί
1382 2433 1428 2513 ἦν·
1442 2441 1609 2523 ὑπερύψηλόν
1624 2466 1652 2501 τε
1666 2443 1717 2522 γάρ

939 2515 973 2594 ἦν
986 2524 1016 2583 τδ
1030 2525 1127 2605 χοιρίον
1141 2526 1187 2585 καί
1204 2526 1336 2607 ἀπότομον
1349 2531 1394 2586 καὶ
1411 2532 1562 2608 κρημνῶδες
1577 2529 1716 2604 κύκλοθεν,

940 2611 987 2669 καί
1002 2612 1064 2688 μίαν
1078 2613 1160 2690 μόνην
1175 2614 1288 2694 πάροδον
1303 2616 1364 2697 ἔχον
1379 2616 1426 2689 τὴν
1442 2618 1487 2676 ἐπί
1501 2617 1548 2688 τήν
1561 2618 1657 2691 πολιν,
1671 2620 1716 2687 νριὶ

941 2700 1024 2772 αὐτὴν
1040 2700 1137 2774 ἀνάντη
1151 2726 1180 2761 τε
1192 2702 1238 2761 καί
1248 2707 1350 2785 τριπλῷ
1364 2704 1447 2785 τείχει
1459 2706 1658 2786 τετειχισμένην
1671 2706 1716 2765 καὶ

940 2788 1142 2869 πεφραγμένην·
1160 2796 1177 2863 ἡ
1201 2791 1229 2848 δέ
1244 2814 1274 2869 γε
1286 2792 1477 2872 Ἀκροκόρινθος
1490 2794 1536 2851 καί
1547 2794 1635 2873 πόντῃ
1651 2795 1717 2855 ἀπό·

941 2898 1042 2956 μαχσς,
1058 2880 1292 2959 θπερανιρκισμένη
1316 2903 1346 2939 τε
1365 2884 1411 2953 τῆς
1435 2885 1549 2961 κορυφῆς
1571 2885 1617 2939 τοῦ
1636 2881 1716 2959 λόφου

940 2965 987 3022 καὶ
1011 2969 1125 3045 τείχεσιν
1150 2965 1329 3046 ἰσχυροτάτας
1352 2966 1527 3047 ὠχυρωμένη.
1571 2968 1615 3049 (ιι)
1626 2967 1716 3050 Ἔγνω

940 3044 986 3111 ὀῦν
1005 3054 1057 3112 δεῖν
1079 3052 1169 3131 λόγους
1188 3058 1294 3135 πρῶτον
1314 3054 1469 3135 προσφέρειν
1485 3060 1537 3122 τοῖς
1552 3056 1579 3114 ἐν
1594 3060 1626 3135 τῇ
1641 3058 1716 3117 πολει

941 3142 1002 3223 περί
1019 3164 1048 3201 τε
1070 3141 1227 3220 ξυμῦοίσεων
1242 3144 1287 3202 καὶ
1300 3142 1424 3209 ἐνδόσεως
1442 3145 1535 3213 αὐτῆς·
1552 3142 1595 3201 καί
1616 3145 1717 3223 πέμπει

940 3231 973 3302 δὴ
986 3229 1045 3297 τοὺς
1060 3230 1192 3308 ἐροῦντας.
1236 3229 1286 3296 Ὦς
1308 3229 1335 3289 δέ
1357 3234 1403 3290 ούκ
1423 3232 1527 3303 ίπειθε,
1542 3236 1645 3311 πρῶτον
1669 3232 1716 3310 μὲν

940 3318 1026 3397 ἔκειρε
1040 3312 1128 3375 πᾶσαν
1144 3317 1191 3390 τὴν
1204 3316 1253 3387 ἐξω
1267 3319 1358 3398 χώραν
1375 3321 1461 3379 αὐτῶν
1474 3319 1519 3379 καὶ
1535 3320 1652 3400 ἐδῄωσε,
1665 3343 1716 3379 πα-

941 3407 1074 3486 ραδείσους
1085 3406 1115 3465 τέ
1124 3430 1192 3488 φημι
1205 3406 1249 3467 καί
1259 3406 1353 3486 ἀγροὺς
1365 3408 1411 3466 καὶ
1421 3408 1553 3485 ἀμπέλους
1564 3409 1610 3468 καὶ
1621 3400 1715 3481 τάλλα,

940 3495 1070 3556 κάλλιστοί
1085 3518 1113 3554 τε
1128 3495 1173 3553 καὶ
1189 3496 1325 3577 πολυφόρα
1339 3497 1424 3555 πάντα
1431 3532 1443 3570 ,-
1449 3497 1493 3556 τόν
1506 3520 1534 3555 τε
1549 3505 1619 3557 σῖτον
1630 3498 1717 3575 ἀκμό-

940 3588 1015 3653 ζοντα
1030 3584 1081 3655 ήδη
1096 3584 1246 3664 διέφθειρεν.
1292 3583 1341 3662 (ιε)
1353 3580 1469 3645 Ἔπειτα
1481 3584 1571 3667 κύκλῳ
1583 3584 1716 3665 περισχὼν

942 3670 1035 3739 αὐτούς
1047 3676 1085 3753 τῷ
1099 3675 1205 3753 στρατῷ
1223 3670 1268 3730 καὶ
1282 3672 1458 3739 κατακλείσας
1477 3672 1546 3737 ἐντὸς
1560 3678 1606 3733 τοῦ
1626 3674 1716 3741 ἄστεος

941 3760 1065 3838 ἀσφαλῶς
1077 3758 1124 3819 καί
1139 3758 1264 3839 μηχανδις
1278 3758 1422 3829 ἐπιστήσας
1438 3760 1594 3838 ἐπολιόρκει.
1609 3760 1657 3840 (ια)
1670 3760 1715 3827 Ὦς

941 3846 969 3905 δὲ
985 3845 1081 3925 συχνδς
1093 3847 1194 3926 ἡμέρας
1214 3846 1422 3925 περικαθήμενος
1440 3870 1472 3925 ιη
1496 3848 1572 3907 πόλει
1595 3846 1640 3910 καί
1663 3872 1715 3909 πο·

139 4018 186 4068 111.
202 4018 240 4067 De
251 4016 406 4080 expeditione
419 4016 446 4065 in
456 4015 651 4079 Peloponnesum
663 4028 743 4079 pauca
763 4015 839 4064 habes
850 4013 916 4077 apud
928 4012 1108 4062 Seadeddiuum
1123 4020 1146 4071 2,
1157 4026 1182 4075 p.
1196 4017 1308 4071 tetdttb,
1324 4012 1469 4063 Phruntzem
1478 4027 1503 4077 p.
1515 4018 1570 4073 887,
1584 4020 1663 4076 leet,
1677 4022 1713 4075 lb,

108 4091 241 4152 Ducamp.
258 4090 312 4146 839,
322 4090 400 4145 2-310,
416 4092 456 4146 1ος
472 4085 509 4136 hia
523 4089 548 4136 et
566 4086 620 4148 ipso
635 4085 762 4135 critobulo
779 4084 878 4134 uberior
892 4086 930 4134 est
945 4081 1153 4145 Chalcocoudylas
1167 4096 1190 4146 p.
1207 4087 1325 4144 til-4523
1338 4084 1454 4133 nonnulla
1474 4090 1556 4135 tamen
1576 4084 1715 4137 critobulus

108 4158 185 4209 habet
196 4171 252 4221 queo
266 4156 332 4222 apud
343 4155 563 4216 Chalcocondylnm
572 4154 751 4216 conteguntur.
764 4153 805 4203 Sic
814 4154 861 4203 iter
870 4153 934 4214 regis
945 4153 960 4216 §
973 4158 1010 4202 18
1024 4165 1088 4201 rinus
1100 4154 1188 4202 Noster
1198 4153 1337 4217 descripsit.
1351 4154 1361 4216 Ι]
1372 4154 1427 4217 —§
1442 4160 1463 4205 1.
1477 4154 1559 4219 πεζὴν]
1568 4156 1604 4205 sio
1617 4169 1713 4221 margo,

108 4231 205 4288 πεζικὴν
217 4232 308 4279 textus.
320 4227 383 4279 illud
393 4226 593 4290 Thucydideum3
607 4224 751 4290 plerumque
764 4228 846 4274 tamen
860 4225 955 4282 πεζικήν
970 4222 1111 4273 Critobulus
1126 4223 1195 4272 dicit.
1214 4223 1224 4286 ΙΙ
1239 4251 1270 4260 -
1281 4226 1321 4272 καὶ
1332 4224 1429 4287 χαλκὸν]
1445 4223 1595 4274 bombardae
1614 4224 1645 4275 ad
1662 4226 1712 4287 00.-

109 4301 220 4351 rinthum
238 4299 339 4349 tundere
350 4298 444 4358 uoluit,
457 4301 563 4348 testante
574 4297 688 4348 chalooc.
708 4310 733 4361 p.
751 4299 807 4347 tte.
827 4302 865 4345 22.
879 4294 889 4359 Ι]
902 4294 956 4357 -§
967 4302 989 4345 2.
1007 4296 1050 4353 τὴν
1068 4299 1199 4358 Κερκινῖτιν
1214 4296 1229 4353 ὴ
1243 4290 1333 4351 Βόλσην
1347 4293 1440 4357 λίμνην]
1455 4293 1538 4344 verba
1551 4296 1566 4353 ἡ
1579 4295 1669 4351 bitem
1688 4296 1713 4346 in

108 4370 218 4433 margine
229 4370 313 4420 addita
326 4372 392 4419 seint.
404 4367 518 4431 iutelligit
535 4368 616 4418 lacum
633 4366 676 4431 qui
689 4367 763 4417 hodie
777 4364 898 4417 liutehclc
909 4369 934 4415 et
946 4365 1036 4426 Bujut
1052 4366 1153 4429 (ιιιίιιοε
1164 4366 1189 4415 et
1207 4364 1309 4425 major)
1325 4362 1496 4415 belchit-Gal
1515 4368 1630 4425 vocatum
1643 4367 1714 4428 juxta

108 4460 167 4498 eum
185 4456 201 4494 e
215 4446 343 4505 Strymone
354 4446 380 4493 et
394 4441 533 4506 Amphipoli
550 4440 747 4491 Thessalonicam
763 4442 811 4490 iter
826 4444 887 4490 erat.
907 4441 1052 4488 tinnovero
1076 4449 1130 4485 esse
1150 4438 1258 4485 veterem
1279 4434 1370 4484 Bolben
1385 4447 1399 4483 e
1413 4434 1513 4496 scylleo
1527 4438 1553 4485 et
1566 4434 1713 4497 Thucydide

111 4523 133 4578 1,
150 4520 179 4565 58
190 4518 434 4577 constat3perperam
445 4512 495 4561 huo
507 4511 613 4561 trahitur
624 4510 886 4571 Cercinitidisnomen,
897 4510 964 4573 quod
977 4510 1100 4574 portinere
1111 4507 1143 4555 ad
1155 4506 1300 4557 hodiernum
1313 4505 1395 4555 lacum
1412 4504 1540 4567 Τοείιίιιο,
1551 4519 1626 4568 quem
1643 4508 1714 4569 Stry-

108 4600 168 4636 mon
182 4584 271 4635 durius
280 4582 371 4643 elficit,
382 4596 413 4631 eu
425 4582 508 4632 Ariani
520 4584 581 4646 Eup.
595 4581 663 4631 Ater.
677 4586 698 4642 t,
714 4587 739 4631 11
753 4583 883 4645 colligitur.
896 4588 927 4633 v.
941 4580 1018 4631 Talei.
1030 4578 1171 4629 thessalon.
1185 4592 1210 4643 p.
1222 4584 1266 4629 281
1277 4592 1331 4641 sqq.
1349 4580 1359 4643 Ι]
1373 4606 1403 4615 -
1416 4576 1589 4643 προσελαύνων]
1601 4579 1711 4641 ἐλαύνων,

108 4657 150 4706 cui
161 4668 236 4720 supra
246 4654 337 4704 lineam
347 4652 525 4716 additurrtpb;‚
538 4653 624 4702 codex.
639 4652 650 4716 1]
661 4652 713 4715 -§
722 4657 745 4703 1.
759 4652 851 4717 ἐχώρει]
864 4654 901 4702 sie
909 4664 1006 4714 mergo,
1018 4652 1055 4714 ᾐει
1067 4654 1126 4701 text.
1140 4649 1151 4713 Ι]
1163 4676 1194 4686 -
1204 4649 1315 4713 Φθιῶτιν]
1330 4649 1427 4700 ψθιότιν
1442 4648 1496 4698 cod.
1514 4646 1525 4711 Ι]
1538 4678 1568 4690 -
1584 4649 1599 4712 §
1615 4648 1639 4697 8.
1650 4652 1714 4713 παρὰ

109 4728 150 4777 τὸν
161 4723 253 4788 καιρὸν]
264 4726 301 4774 sic
316 4735 416 4785 margo,
427 4724 511 4787 ἔξωρον
521 4725 583 4772 text.
599 4723 609 4786 Ι]
621 4751 652 4763 -
664 4723 679 4786 §
692 4727 714 4772 7.
726 4726 791 4786 παρὰ
800 4730 846 4774 τῶν
857 4722 988 4786 πρὲσὸεων]
1004 4724 1064 4771 11ιου
1077 4720 1102 4769 in
1115 4720 1223 4781 margine
1235 4719 1367 4768 adduntur.

141 4796 191 4860 §e
208 4795 315 4844 ἰσάἀλλει
327 4794 349 4850 ές
360 4796 403 4851 τὴν
415 4793 554 4858 Κορινθίων]
563 4795 696 4843 Phranizes
708 4807 732 4857 p.
745 4796 800 4851 387,
813 4797 827 4842 2
840 4810 847 4840 ε
860 4792 932 4854 Maior
943 4793 968 4841 δε
979 4792 1005 4841 ιε’
1014 4790 1138 4861 τσῦιαύτοῦ
1148 4789 1213 4844 έτυυς
1227 4790 1240 4837 ό
1253 4789 1343 4851 θμηρᾶς
1356 4789 1513 4850 παραγέγονεν
1529 4788 1561 4842 είς
1576 4789 1618 4845 τήν
1636 4790 1712 4837 neto-

109 4868 235 4924 πόννησον.
248 4864 331 4915 verbu
344 4865 488 4926 ἀκμάζοντος
499 4865 544 4923 ἤδη
555 4868 598 4912 τοῦ
610 4864 676 4912 σίτου
688 4862 814 4911 adduntur
825 4861 851 4910 in
860 4861 977 4922 margine.
990 4858 1173 4922 Thucydidcam
1182 4860 1284 4909 allectat
1297 4859 1414 4921 temporis
1424 4854 1573 4919 significandi
1586 4856 1711 4907 rationem.

113 4938 124 5000 Ι]
142 4967 170 4977 -
184 4935 231 4998 §9.
242 4936 361 5000 περιῄει...
372 4932 542 4997 κατασκοπῶν]
557 4930 721 4982 Chalcocond.
737 4944 762 4994 p.
776 4933 833 4988 tte,
847 4934 875 4980 te
889 4947 895 4978 ε
908 4932 1009 4995 Περιιὼν
1022 4932 1046 4979 δὲ
1060 4930 1157 4979 ἐσκόπει
1171 4932 1202 4985 ὡς
1217 4930 1246 4978 ἀν
1256 4931 1283 4978 τὸ
1295 4934 1372 4991 τεῖχος
1383 4928 1486 4976 καθελὼν
1497 4928 1629 4985 τηλεάόλσις
1645 4928 1713 4979 lom·

109 5012 186 5055 σεῖται
196 5007 219 5061 ἐς
230 5008 271 5062 τὴν
284 5006 351 5054 πόλιν
365 5006 415 5067 ἅμα
425 5008 461 5067 τῷ
474 5008 581 5067 στρατῷ·
598 5004 638 5051 καὶ
658 5002 794 5059 τηλεθόλους
808 5002 849 5063 μὲν
864 5002 935 5051 αὑτοῦ
949 5002 1065 5050 ποιεῖσθαι
1083 5001 1192 5049 κιτελιπε
1209 4998 1236 5063 (ἰ.
1252 5011 1273 5047 e.
1292 5000 1318 5047 et
1333 4999 1377 5060 qui
1388 4996 1536 5046 bombardae
1557 4998 1663 5048 fecerent
1679 4998 1713 5049 ibt

109 5067 219 5130 reliquit)
233 5069 274 5115 καὶ
288 5068 328 5115 τὸν
342 5069 404 5130 tom
418 5067 518 5130 στρατὸν
529 5065 712 5128 περικαθήμενσν
722 5065 763 5121 τὴν
775 5063 856 5121 πόλιν,
912 5064 982 5118 αὐτὸς
996 5063 1020 5111 δὲ
1037 5062 1101 5117 ἐντὸς
1119 5067 1159 5121 τῆς
1182 5061 1363 5117 Πελοποννήσου
1384 5061 1506 5119 γενόμενος
1530 5060 1568 5108 διὰ
1587 5062 1713 5115 Φλιοῦντος

109 5138 242 5202 ίπορεθετο,
256 5137 266 5199 ΙΙ
279 5163 310 5173 -
322 5136 337 5199 §
351 5142 387 5186 11.
398 5143 438 5188 τόν
449 5152 475 5185 τε
488 5141 553 5186 σῖτον
571 5136 629 5197 ἀτμ.
641 5134 666 5192 ἦ.
681 5132 815 5197 διέφθειρεν]
827 5133 885 5183 add.
898 5134 923 5182 in
936 5133 1052 5196 margine.
1066 5130 1118 5195 Ι]-
1128 5133 1143 5194 §
1154 5134 1190 5179 11.
1204 5130 1313 5179 ἀλλὰκαὶ
1326 5126 1412 5191 οὕτως]
1424 5128 1459 5177 sie
1477 5134 1576 5194 mergo,
1587 5130 1637 5181 ἀλλ’
1647 5132 1713 5181 οὐδὲν

110 5206 181 5267 ἧτταν
193 5210 255 5257 text.
268 5205 279 5269 ί]
291 5235 323 5249 -
335 5205 384 5256 ἀπὸ
395 5211 443 5256 τῶν
455 5204 544 5270 ἀκρων]
554 5204 591 5254 sic
602 5215 699 5265 mergo,
713 5203 738 5252 d.
752 5218 774 5251 τ.
787 5203 863 5264 λόφων
875 5205 938 5251 text.
