3809 5859
553 359 557 366 ·
617 347 792 409 historiae
812 351 866 411 DU
886 340 1013 414 REGNE
1031 355 1086 415 lie
1107 357 1296 420 preterita.

152 470 373 587 ἂρχιύασιλίως’
369 482 391 535 A
394 475 531 554 ρταὸάνου.
553 479 713 556 Αίσθύμενος
727 480 775 540 δὲ’
772 487 793 541 A
798 481 928 561 ρταθάνης

152 583 199 631 της
211 562 272 619 κατ’
286 565 365 622 αθτοῦ
377 568 545 674 πριραοκευῆς
560 567 688 636 ὡπλίζετο
706 592 751 628 και
741 569 843 638 αθτθς
858 571 926 650 μετὰ

151 645 279 728 Πάρθων,
289 648 579 730 ἔρωνκαιοκθλιγους
587 655 702 736 Περσας,
718 656 756 733 μή
769 681 926 732 κεκοινωνη-

150 736 229 804 κότας
242 741 275 817 τῇ
289 741 342 797 τῶν
359 737 499 848 ὁμοφύλων
515 743 608 821 βουλῇ.
631 742 739 822 Πρῶτῃ.
753 745 780 803 δὲ
795 746 928 827 προσὸολῇ

149 824 450 903 πολεμήσαντεςπροςά
452 825 563 896 λλήλους
575 829 694 904 (ahquid
702 832 801 909 deest)
814 832 929 912 Πέρσαις

149 933 178 968 τε
192 909 238 969 καλ
256 908 369 990 Πάρθοις
381 911 407 980 ἐξ
419 911 543 992 ἑκατέρου
557 914 654 1022 μίρους
668 919 787 977 πλεῖστοι
806 918 926 982 ἔπιπτον.

150 995 388 1076 Ἐπικρατέστερος
401 1000 428 1057 δὲ
444 998 542 1076 ἐγίνετο
557 999 725 1082 Ἂρτασιρᾶς,
740 1005 927 1065 πλείστωνκαὶ

150 1083 245 1164 ίτίρων
258 1084 439 1164 ρωρισθεντων
448 1086 495 1163 μὲν
502 1085 727 1232 8’Apcerbairorqp
691 1114 713 1148 π
729 1097 803 1150 osred
790 1091 885 1152 θέντων
900 1093 927 1152 dt

150 1170 307 1252 Ἀρτασιρᾷ.
320 1171 368 1232 Ἐν
383 1172 526 1254 δευτίρσρδ
517 1199 578 1234 areu
581 1175 684 1256 ρατάξει
695 1177 858 1258 θρμηοαντες
867 1183 929 1240 κατ’

150 1259 272 1331 ἀλλήλων
298 1259 434 1326 πλείστους
456 1261 595 1333 ἀνήλισκον
617 1267 706 1324 tx*
669 1290 722 1324 των
746 1268 872 1346 Πάρθων,
891 1271 928 1337 εἰς

149 1338 258 1428 ρυγήνδ
220 1346 327 1427 νδέπρ
319 1347 446 1430 οςβραχυ
459 1350 603 1430 ίτρίπετοθ
618 1352 739 1464 βαριλεθς
751 1353 927 1469 Ἀρταὸάνης,

149 1435 230 1495 πάλιν
240 1435 267 1494 δὲ
280 1438 316 1503 εἰς
328 1437 482 1514 πολεμον“
454 1461 592 1517 ευτρεπτος
602 1440 743 1548 γρνάμενος.
758 1434 855 1502 Δύο
825 1467 869 1503 ουν
881 1445 926 1504 καλ

151 1523 214 1584 δέκα
239 1527 323 1597 μῆνας
346 1523 557 1603 παροχησάντων
579 1550 643 1606 προς
658 1528 804 1602 ἀλλήλους,
825 1535 862 1602 πῆ
879 1532 925 1608 μὲν

150 1611 398 1687 πολεμούντων,
360 1633 398 1682 πη
423 1611 449 1670 δθ
470 1615 688 1695 ἀναπαυομένων,
713 1619 748 1685 τίς
771 1615 848 1696 θστερ
849 1643 876 1678 ον
898 1619 925 1679 δὲ

150 1690 222 1766 α’ύθις
235 1698 299 1778 πρὸς
315 1698 404 1778 μάχην
423 1699 520 1769 ἰδόντες
537 1703 653 1809 ἔρθασαν
670 1707 741 1772 είς
717 1729 747 1765 το
762 1705 859 1785 χωρίον
879 1712 926 1780 τῆς

148 1787 329 1866 παρατάξεως,
339 1785 531 1870 καίφησιπρος
542 1813 586 1850 τον
598 1791 726 1868 βασιλία’
723 1799 761 1872 Ap
762 1792 923 1865 ταύάνην..

248 2005 255 2022 .
331 1961 510 2044 ὁμολογήσας,
521 1963 578 2040 ἅμα
590 1967 657 2043 αὐτῇ
672 1965 883 2026 ἔύασίλευσετῶν
895 1989 924 2026 τε

148 2049 364 2128 περιλειφθέντων
379 2053 505 2132 Πάρθων,
518 2054 630 2131 Περσῶν
644 2077 674 2112 τι
699 2054 743 2113 καλ
768 2055 919 2134 Ἀσσυρίων,

149 2135 236 2195 πάντα
248 2136 368 2215 πράττων
384 2141 520 2210 ἐπιεικῶς,
537 2138 644 2220 εθνομίορ
660 2139 762 2222 χαίρων
781 2140 825 2200 καλ
846 2143 920 2200 πολι-

146 2223 204 2304 τείρ
222 2225 384 2304 δικαιοτάτῃ.

184 2307 320 2372 Ἐσπευδε
330 2313 381 2392 γάρ
393 2313 513 2381 ἐπαίνους
527 2315 690 2394 κομίζεσθαι,
701 2307 743 2375 οἷα
756 2316 781 2384 ἐξ
791 2317 921 2389 ἀδοκήτου

145 2403 257 2480 Περσῶν
281 2401 417 2480 βασιλείας
438 2402 545 2470 ίπιύάς.Ι
563 2404 606 2463 Τὰ
629 2404 656 2462 δὲ
676 2403 813 2480 ουμὸάντα
839 2412 921 2464 ταῦτα

146 2487 329 2566 άπηγγίλλετο
338 2488 392 2556 xl<
402 2488 540 2570 (Χοοράῳ)
552 2491 691 2570 Ἀρσακίδῃ
701 2492 864 2575 βασιλεύοντι
875 2497 922 2564 τῆς

144 2576 261 2652 μεγάλης
278 2575 429 2655 ΙἈρμενίας,
449 2581 484 2644 ὡς
504 2582 551 2635 τοῦ
566 2578 658 2645 παιδὸς
677 2578 797 2640 Σασάνου
817 2581 917 2659 Ἀρτα-

143 2671 204 2742 erp&
213 2663 395 2741 κρατήσαντος
404 2667 452 2734 (ἥς
459 2667 569 2745 Περσῶν
585 2665 733 2745 βασιλείας,
743 2667 919 2733 ἀπολέσαντας

146 2749 173 2809 δὲ
187 2751 352 2830 ’λρταθάνην
367 2751 413 2811 τὸν
428 2756 508 2812 αὐτοῦ
520 2750 641 2832 ἀδελφάν.
656 2750 805 2832 Προσετέθη
821 2752 848 2811 δὲ
863 2760 916 2816 τοῖς

148 2839 400 2919 ἀπαγγελλομένοις,
411 2843 450 2898 δτι
461 2839 507 2898 καί
519 2839 621 2920 Πάρθοι
635 2841 756 2920 χαίρουσι
773 2843 873 2917 μᾶλλον
883 2844 917 2919 τῇ

178 2997 321 3062 (illl’apres
332 3013 360 3050 ce
375 2999 418 3062 qui
431 3001 469 3050 est
481 3001 538 3050 notd
549 3000 610 3049 dans
619 2999 642 3050 le
652 3013 699 3048 ms.
710 2999 772 3048 dont
786 2998 846 3049 s’est
856 2997 921 3048 servi

150 3069 263 3132 Stilting,
277 3069 295 3118 il
310 3083 324 3131 y
337 3068 416 3120 aurait
432 3069 463 3119 ici
481 3083 530 3120 une
542 3069 629 3120 lacuna
644 3069 705 3119 dans
718 3070 741 3119 le
756 3071 840 3127 texte3
854 3068 921 3118 aussi

146 3139 263 3189 t’editeur
276 3139 338 3189 a-t-il
352 3153 394 3189 cm
410 3140 494 3190 devoir
509 3141 605 3204 ajouter
618 3153 649 3190 en
663 3143 703 3190 cet
711 3140 807 3190 endroit
827 3139 850 3190 le
863 3153 919 3202 pas·

146 3223 206 3274 saga
223 3210 325 3260 suivant
337 3209 431 3273 d’apres
443 3211 625 3275 bletaphraste.
619 3228 624 3238 ·
717 3230 721 3240 ·

61 3321 66 3332 .
177 3282 268 3330 «cum
277 3284 403 3344 postremo
422 3282 548 3344 utriusque
568 3282 644 3347 partis
657 3279 722 3332 ecies
733 3293 821 3344 prope
820 3281 918 3340 essent,

142 3351 212 3402 aiunt
222 3352 356 3401 Artasimm
366 3351 456 3402 dixisse
464 3353 580 3428 Artabapi
593 3352 657 3415 regi,
673 3366 703 3402 ne
714 3354 807 3402 temere
819 3352 919 3411 iaceret,

142 3424 168 3472 et
189 3421 307 3485 perderet
322 3435 412 3486 genera
433 3425 561 3473 Persarum
584 3425 609 3474 et
624 3423 797 3473 Parthorum.
819 3434 920 3484 regnum

143 3492 210 3542 enim
223 3492 287 3542 nolle
298 3491 413 3557 deinceps
422 3507 522 3543 manere
534 3493 600 3558 apud
610 3493 773 3552 Artabanem,
790 3491 834 3542 sed
844 3496 920 3541 trans·

140 3561 178 3612 lre
199 3561 232 3612 ad
255 3563 399 3614 Artasiram.
418 3565 455 3613 Tu
485 3566 582 3624 autem,
601 3563 696 3626 inquil,
717 3563 739 3612 si
759 3576 799 3611 me
818 3561 918 3622 audias,

141 3632 211 3682 rives
224 3632 286 3682 citra
299 3634 374 3684 ullam
387 3633 536 3684 molestiam.
552 3635 621 3684 Dabo
633 3634 699 3684 enim
719 3632 767 3682 tibi
783 3631 918 3696 regionem,

142 3715 199 3764 qnae
217 3703 313 3753 allatim
339 3703 505 3768 suppeditabit
521 3704 601 3755 omnia
629 3717 685 3768 qnae
705 3703 735 3752 ad
752 3715 824 3753 usum
843 3701 919 3764 perti·

141 3776 207 3822 nent.
222 3775 326 3836 Oportet
335 3777 419 3824 autem
428 3788 476 3824 non
487 3774 548 3834 alio,
562 3787 638 3838 quam
651 3774 742 3836 teipso
755 3771 790 3822 uti
802 3772 919 3835 magistro

142 3843 208 3905 ejus,
230 3843 295 3906 quod
316 3847 354 3893 est
371 3845 448 3901 utile,
461 3846 485 3894 ct
499 3845 638 3894 meminisse
653 3843 777 3906 responsi,
792 3841 860 3905 quod
879 3841 920 3891 ali·

142 3911 240 3974 quando
253 3913 344 3977 reginae
360 3913 446 3964 dixisti
465 3914 489 3963 in
503 3914 669 3964 tabernaculo.
684 3914 732 3964 Sed
751 3913 805 3962 lraec
820 3911 919 3974 quidem

141 3983 272 4032 Arlasiras.
286 3983 425 4034 Artabanus
435 3988 519 4036 autem
531 3984 600 4047 prius
606 3984 743 4048 adspiciens
756 3983 789 4032 ad
799 3981 920 4045 quosdam

142 4065 201 4102 suos
219 4053 371 4104 familiares:
388 4057 468 4112 Quam
482 4055 563 4118 gravis
576 4068 616 4104 res
636 4058 687 4114 est,
702 4053 794 4116 inquit,
812 4053 917 4102 seminat

142 4123 327 4187 amorconjugii
344 4124 428 4187 potius
445 4125 549 4186 leserit,
573 4139 648 4188 quam
661 4124 762 4188 juverit.
782 4125 841 4172 llaec
862 4136 919 4172 cum

142 4191 260 4254 dixisset,
269 4194 341 4257 jubet
360 4196 465 4244 transire
483 4195 606 4258 quendam
619 4209 651 4246 ex
665 4193 824 4252 satellitibus,
840 4195 865 4242 et
879 4193 916 4242 in·

142 4263 255 4314 terhcere
276 4265 392 4328 reginam.
416 4265 576 4315 Existimabat
603 4266 681 4324 enim,
704 4277 759 4314 eam
781 4261 919 4325 prodidisse

142 4337 272 4384 secretum.
295 4337 437 4386 Conversus
456 4338 540 4387 autem
561 4335 592 4386 ad
601 4335 749 4396 crusnam,
772 4333 915 4396 respondit,

141 4416 196 4454 esse
206 4403 253 4453 sibi
262 4405 334 4468 longe
346 4404 479 4468 optabilius
489 4405 566 4467 mori,
580 4419 654 4468 quam
666 4403 793 4463 Acesines,
811 4405 853 4466 qui
866 4404 919 4452 erat

141 4487 238 4534 servus,
249 4487 324 4538 regno
336 4475 432 4526 cedere.
449 4480 510 4535 Quas
519 4477 593 4526 simrd
607 4479 682 4538 atque
696 4475 815 4533 dixisset,
835 4473 919 4523 insane

142 4547 169 4595 et
190 4545 335 4594 bacchantis
354 4559 423 4597 more
443 4546 515 4597 irruit
535 4547 560 4596 in
576 4547 677 4608 Persas;
693 4549 719 4596 et
730 4544 806 4596 exeis
818 4542 918 4606 quidem

142 4615 235 4665 multos
254 4616 364 4678 muciat,
375 4617 458 4680 plures
470 4619 552 4666 autem
564 4615 666 4676 oceidit3
678 4616 762 4679 dirigit
772 4627 832 4664 raro
845 4613 918 4662 etiam

141 4683 239 4736 hastam
257 4685 378 4737 adversus
393 4687 536 4738 Artasiram.
559 4687 603 4737 ille
621 4689 703 4738 autem
718 4685 840 4750 (habebat
853 4683 918 4733 enim

141 4767 231 4806 manus
241 4757 374 4820 sagittandi
381 4757 486 4820 peritas,
498 4760 523 4808 et
532 4771 588 4820 quae
600 4758 646 4808 bac
654 4757 679 4806 in
688 4770 715 4807 re
727 4769 823 4819 semper
830 4767 918 4818 magna

142 4838 201 4875 eum
213 4825 286 4876 laude
299 4827 481 4888 versabantur)
500 4828 585 4891 iugem
609 4826 708 4890 quidem
728 4824 836 4876 simulat.
852 4827 917 4873 Dum

143 4909 201 4946 eum
221 4899 306 4947 autem
330 4899 487 4962 persequitur
507 4899 654 4958 Artabanes,
674 4897 784 4947 immittit
805 4893 918 4945 telumin

142 4970 229 5028 pectus
241 4971 341 5075 propter
353 4970 488 5019 mamillam
500 4971 566 5033 ejus,
576 4968 620 5033 qui
633 4965 831 5032 persequebatur.
845 4961 917 5022 Quod

179 5271 181 5274 '
223 5284 272 5321 ιικιι
289 5285 349 5323 aare
364 5285 459 5324 canas.

1694 372 1754 430 113

986 495 1121 560 intelligens
1141 511 1209 549 mma
1224 500 1304 564 pareri
1316 505 1401 552 eontra
1415 516 1457 566 se,
1472 504 1585 556 similiter
1603 521 1630 557 se
1655 509 1757 572 parabat

985 611 1043 650 cum
1049 600 1161 662 Parthia,
1175 602 1267 653 habens
1278 607 1304 653 et
1316 605 1404 654 Persas
1418 619 1467 655 non
1481 621 1588 670 paucos,
1609 611 1653 674 qui
1671 627 1757 678 graga-

984 701 1046 752 hum
1057 717 1158 754 suorum
1175 707 1362 770 conspirationis
1373 723 1422 758 non
1435 713 1505 761 eraut
1518 713 1656 776 participes.
1672 715 1755 767 Primo

985 809 1067 858 autem
1075 807 1167 872 impetu
1176 823 1207 859 ex
1216 811 1278 872 illis,
1289 813 1333 875 qui
1341 813 1446 864 invicem
1459 814 1523 864 bello
1534 817 1692 881 impetebant,
1702 823 1755 871 tam

984 914 1065 964 Persis
1072 927 1147 976 quem
1156 917 1267 978 Parthis,
1275 919 1373 981 plurimi
1385 920 1505 971 cadebant
1516 935 1548 971 ex
1557 925 1664 986 utraque
1673 929 1752 989 parte.

984 1021 1016 1068 Al
1030 1021 1155 1083 potentior
1170 1022 1245 1074 tiebat
1266 1025 1401 1087 Artasiras,
1422 1027 1488 1102 quod
1500 1028 1542 1078 alii
1563 1028 1663 1093 plurimi
1682 1033 1753 1082 Arta·

983 1123 1071 1173 banem
1079 1124 1234 1188 desererent,
1248 1129 1273 1178 et
1286 1130 1402 1179 Artaeirae
1420 1144 1448 1180 se
1463 1132 1630 1196 adiungerent.
1646 1133 1753 1196 Deinde,

984 1238 1041 1275 cum
1053 1228 1161 1278 secundo
1179 1229 1295 1281 condictu
1310 1232 1414 1283 invicem
1426 1233 1586 1298 impeterent,
1600 1237 1700 1300 plurimi
1716 1251 1754 1290 ce

983 1330 1094 1382 ciderunt
1105 1347 1137 1383 ex
1145 1335 1254 1397 Parthis,
1264 1337 1290 1384 et
1300 1349 1345 1385 rex
1356 1337 1489 1388 Artabanes
1496 1339 1625 1390 confestim
1638 1341 1663 1390 in
1673 1342 1754 1406 lugam

982 1448 1069 1487 versus
1088 1440 1141 1497 est,
1155 1451 1243 1488 mrsus
1264 1441 1347 1488 tamen
1367 1451 1453 1502 ροοιοο
1472 1441 1504 1490 ad
1525 1441 1616 1492 bellum
1628 1457 1752 1498 reuersus.

982 1541 1044 1588 Cum
1056 1538 1131 1604 igitur
1139 1539 1269 1591 duodecim
1283 1542 1410 1591 mensibus
1418 1542 1524 1593 invicem
1536 1545 1752 1608 congrederentur,

980 1645 1071 1706 partim
1081 1644 1211 1707 bellantes,
1224 1646 1315 1708 partim
1325 1646 1495 1708 quiescentes,
1508 1647 1609 1698 demum
1621 1648 1712 1700 itemm
1722 1650 1754 1700 ad

980 1763 1086 1814 pugnam
1095 1749 1265 1810 intenderunt,
1278 1753 1303 1800 et
1311 1750 1336 1799 in
1347 1750 1429 1801 locum
1439 1751 1567 1802 condictus
1576 1758 1749 1818 pervenerunt,

980 1857 1006 1904 et
1016 1853 1076 1903 dicit
1088 1853 1118 1903 ad
1130 1867 1211 1918 regem
1228 1855 1375 1905 Artabanem
1391 1855 1425 1919 (t)
1440 1876 1446 1905 ι
1463 1893 1751 1909 ............

1010 1977 1059 2041 §tl
1133 1976 1275 2036 consessus,
1291 1989 1348 2025 cnm
1364 1977 1418 2040 ipsa
1429 1977 1586 2042 [Artaducta]
1600 1980 1710 2044 regnavit
1723 1979 1750 2030 in

980 2065 1085 2128 reliquos
1104 2065 1225 2124 Parthos,
1240 2066 1376 2126 Persasque
1387 2067 1413 2115 et
1430 2065 1556 2128 Assyrios,
1566 2068 1649 2118 omnia
1662 2068 1752 2120 iaciens

979 2151 1120 2212 moderate,
1143 2150 1260 2214 aequitate
1288 2150 1397 2214 gapdens
1418 2153 1443 2201 et
1465 2152 1640 2216 gubernatione
1660 2157 1747 2219 justis-

978 2240 1041 2290 sima
1054 2239 1097 2303 (2).

1007 2326 1204 2376 studebat-enim
1222 2326 1308 2376 hodes
1323 2329 1452 2390 oomeqni‚
1473 2331 1502 2378 ut
1516 2330 1602 2392 quiex
1615 2331 1750 2394 improviso

977 2418 1106 2466 Persamm
1114 2427 1216 2478 regnum
1228 2417 1282 2464 erat
1296 2414 1409 2478 adeptus.
1422 2417 1484 2465 llaec
1497 2430 1585 2480 porro,
1595 2432 1653 2480 quae
1668 2421 1747 2472 conti·

975 2506 1076 2566 gcraut,
1094 2500 1238 2551 annuntieta
1252 2503 1311 2550 suut
1324 2502 1444 2551 curatori
1457 2503 1594 2568 (Chosroi)
1608 2507 1746 2569 Arsacidaa,

976 2589 1087 2653 regnanti
1100 2589 1127 2638 iu
1138 2601 1226 2652 magna
1238 2589 1362 2651 Armenia,
1372 2589 1489 2641 videlicet
1501 2593 1570 2656 quod
1581 2594 1646 2644 tilius
1655 2596 1748 2658 suani,

975 2680 1111 2738 Artasiras,
1124 2679 1294 2742 prevaluisset
1307 2679 1333 2728 in
1342 2693 1416 2744 regno
1426 2683 1556 2732 Persamm
1565 2688 1590 2734 et
1602 2685 1750 2748 perdidisset

974 2768 1122 2817 Artabanem
1131 2767 1231 2816 tratrem
1240 2780 1320 2817 suum.
1333 2768 1463 2831 Adiectum
1473 2773 1528 2820 erat
1535 2771 1663 2834 pandatis,
1673 2773 1749 2824 etiam

975 2853 1081 2904 Parthos
1094 2853 1171 2916 magis
1180 2853 1287 2917 gaudere
1296 2868 1371 2918 regno
1385 2855 1516 2917 Artasire,
1529 2871 1605 2920 qnam
1613 2858 1692 2922 illius,
1706 2863 1749 2923 qni

974 3009 1032 3046 cum
1045 2995 1077 3044 ob
1099 2995 1163 3045 vires
1185 2997 1254 3059 ejus,
1269 2996 1313 3058 qui
1325 2996 1404 3047 iuerat
1420 2997 1557 3060 jaculatus,
1572 3000 1689 3051 sustineri
1701 3016 1749 3051 non

974 3065 1109 3130 potuisset,
1119 3066 1210 3129 mmpit
1219 3067 1335 3116 Artabani
1345 3068 1485 3127 thoracem3
1496 3072 1522 3118 et
1535 3070 1640 3130 trajecto
1651 3075 1750 3134 pectore

975 3135 1089 3186 excidite
1101 3135 1190 3196 dorso,
1201 3139 1227 3186 ct
1243 3140 1322 3187 morte
1335 3138 1419 3188 stetim
1433 3138 1509 3188 allicit
1520 3141 1676 3191 artabanem.
1692 3144 1750 3192 llox

973 3210 1058 3256 autern
1066 3206 1237 3256 convenientes
1246 3207 1310 3256 inter
1324 3221 1351 3258 se
1360 3209 1446 3258 Parthi
1456 3211 1482 3264 et
1494 3211 1576 3260 Persa
1585 3249 1592 3272 ,
1611 3225 1694 3273 regem
1707 3227 1746 3262 re-

974 3277 1089 3326 nuntiant
1101 3276 1252 3337 Artasiram,
1263 3278 1307 3339 qui
1322 3279 1480 3340 ostendebat,
1494 3293 1521 3329 ee
1532 3294 1644 3344 mmam
1659 3295 1748 3332 eorum

975 3360 1059 3409 gerere
1070 3359 1168 3406 curam,
1182 3351 1264 3396 etnon
1278 3359 1379 3409 parvam
1391 3362 1445 3398 esse
1460 3363 1530 3400 suam
1540 3350 1564 3400 in
1578 3364 1621 3400 eos
1631 3351 1744 3400 humani·

974 3419 1060 3466 tatem.
1074 3419 1105 3466 Et
1116 3416 1158 3465 ille
1171 3416 1272 3479 quidem
1284 3431 1342 3466 cum
1359 3418 1395 3468 sic
1406 3433 1433 3468 sc
1453 3419 1568 3482 haberet,
1584 3421 1747 3471 Artaductam

974 3485 1043 3536 ducit
1058 3497 1175 3545 uxorem,
1194 3501 1269 3548 qnam
1281 3487 1368 3537 datum
1383 3489 1557 3552 jusjurandum
1575 3491 1599 3540 ei
1617 3490 1685 3554 prius
1702 3491 1747 3541 de·

975 3556 1120 3619 sponderet,
1145 3560 1171 3605 et
1193 3570 1248 3605 eam
1265 3557 1333 3619 eligit
1354 3559 1472 3618 reginam.
1486 3579 1499 3602 ν
1515 3586 1547 3596 -
1566 3561 1629 3609 Dion
1647 3562 1748 3611 cassim

974 3631 1075 3678 raconte
1087 3626 1147 3688 (liv.
1165 3629 1260 3688 thltx,
1276 3628 1300 3690 3)
1317 3641 1364 3690 qne
1376 3629 1412 3678 les
1425 3630 1527 3679 Parthes
1542 3631 1625 3680 iurent
1644 3631 1748 3680 rancus

974 3697 1035 3747 dans
1055 3696 1117 3747 trois
1137 3697 1249 3747 combats
1263 3711 1308 3761 par
1328 3700 1484 3750 Artaxerxes.
1499 3702 1576 3750 biotae
1589 3701 1620 3750 de
1633 3702 1746 3752 liborene

974 3768 1027 3832 (lir.
1039 3770 1073 3818 11.
1092 3767 1132 3817 ch.
1152 3772 1193 3828 69)
1215 3766 1251 3817 dit
1262 3767 1293 3817 de
1310 3781 1354 3816 sou
1367 3769 1423 3818 cote
1439 3782 1488 3831 que
1504 3789 1516 3812 ι
1538 3771 1655 3821 l'histoire
1671 3772 1703 3822 de
1717 3787 1746 3823 ce

976 3855 988 3882 ι
1000 3842 1081 3902 temps
1091 3852 1107 3888 a
1117 3838 1158 3887 ete
1174 3837 1251 3888 e'crite
1262 3852 1306 3901 per
1314 3851 1346 3886 un
1355 3839 1431 3902 grand
1441 3840 1543 3890 nombre
1554 3841 1681 3892 d’auteurs
1690 3857 1746 3906 per·

975 3927 987 3951 ι
1001 3922 1055 3969 ses,
1069 3908 1165 3970 syricus
1174 3911 1199 3958 et
1212 3910 1293 3958 meme
1306 3922 1384 3972 grece.
1398 3911 1491 3973 Depuis
1503 3912 1527 3961 le
1538 3916 1748 3964 commeneement

975 3998 987 4021 ι
1001 3978 1032 4028 de
1045 3980 1100 4028 leur
1114 3979 1206 4042 empire
1212 3979 1311 4042 jusqu’h
1324 3993 1352 4028 sa
1365 3980 1456 4040 chuta,
1467 3995 1500 4030 on
1511 3981 1564 4032 voit
1575 3997 1623 4046 que
1635 3984 1671 4033 les
1685 3985 1745 4033 Par-

975 4069 988 4094 «
999 4049 1057 4099 thes
1069 4053 1113 4098 ont
1132 4063 1164 4099 eu
1174 4048 1219 4099 des
1237 4052 1350 4113 rapports
1361 4063 1420 4100 avec
1433 4051 1469 4100 les
1478 4053 1607 4112 liomains,
1619 4055 1699 4104 tantdt
1715 4068 1746 4104 en

975 4138 987 4161 ιι
1002 4119 1053 4169 etet
1064 4119 1245 4181 d'obeissanoe,
1255 4122 1335 4170 tantot
1350 4133 1381 4169 en
1390 4121 1441 4171 etat
1454 4121 1486 4171 de
1496 4136 1599 4185 guerre,
1611 4137 1706 4174 oomme
1722 4124 1746 4174 le

974 4208 987 4232 ι
1001 4192 1144 4253 rapportent
1156 4191 1316 4253 Palephatus,
1329 4191 1468 4253 Porphyris,
1483 4193 1610 4243 Philemon
1624 4198 1650 4244 et
1667 4193 1746 4246 beau·

974 4279 986 4304 ι
1003 4273 1069 4323 coup
1087 4259 1197 4310 d’autres
1208 4260 1335 4310 ecrivains.
1352 4281 1364 4305 ν
1377 4263 1454 4312 Moise
1465 4275 1496 4312 ue
1507 4263 1566 4314 s'est
1582 4278 1626 4327 pas
1636 4265 1702 4315 servi
1715 4265 1746 4315 de

973 4343 1015 4380 ees
1033 4329 1174 4381 differentes
1185 4344 1301 4391 sources3
1313 4331 1356 4381 ile
1380 4332 1516 4383 seulement
1526 4334 1597 4396 puise
1615 4348 1656 4386 ses
1672 4336 1746 4386 recia

972 4401 1034 4466 dans
1045 4401 1068 4450 le
1076 4401 1138 4450 livre
1153 4402 1184 4450 de
1198 4400 1380 4464 Khorobpoud,
1391 4401 1510 4452 historien
1520 4418 1603 4468 perse,
1617 4406 1746 4456 secretaire

972 4472 1004 4523 de
1015 4475 1098 4536 sapor,
1113 4474 1155 4537 qui
1167 4474 1207 4524 sut
1216 4472 1262 4523 fait
1275 4473 1410 4536 prisonnier
1425 4487 1470 4536 par
1481 4476 1564 4526 Julien
1575 4475 1707 4540 l’Apoetat,
1719 4481 1746 4526 et

972 4543 1016 4606 qui
1026 4545 1092 4594 avait
1104 4543 1199 4593 traduit
1210 4542 1330 4595 l'histoire
1345 4544 1376 4594 de
1395 4556 1440 4592 son
1453 4557 1605 4608 compagnon
1617 4546 1649 4594 de
1665 4545 1743 4608 capti-

972 4612 1024 4661 vite
1043 4615 1175 4672 Barsoma,
1190 4612 1276 4676 appelc'
1290 4625 1335 4675 par
1354 4613 1390 4662 les
1403 4614 1489 4663 Perses
1508 4613 1668 4663 llasdsohonn
1688 4613 1742 4678 (ci.

972 4684 1049 4732 ldoise
1064 4682 1096 4733 de
1108 4683 1234 4742 lthorbne,
1249 4683 1292 4732 liv.
1301 4685 1333 4743 11,
1346 4682 1386 4733 eh.
1401 4683 1451 4744 70).

1004 4753 1039 4816 (2)
1058 4752 1214 4816 Rapprochee
1228 4766 1256 4802 ce
1276 4766 1378 4818 passage
1396 4755 1427 4805 de
1448 4768 1476 4805 oe
1491 4768 1540 4817 que
1556 4754 1595 4803 dit
1610 4752 1744 4816 Eutychiae

972 4821 1087 4884 (annul,
1101 4836 1155 4886 pag.
1178 4821 1265 4886 ³75):
1281 4825 1405 4880 «Quanta
1418 4823 1470 4874 lieri
1486 4823 1565 4886 potuit
1579 4835 1637 4871 cum
1648 4819 1744 4885 justitie

972 4891 1037 4943 inter
1051 4893 1163 4943 homines
1172 4896 1286 4943 versatus
1295 4895 1365 4978 cst.»
