3809 5859
178 312 218 370 it
604 300 804 364 GRlTOBULI
825 301 1091 365 HISTORIARUM
1111 302 1182 366 ΜΒ.
1205 306 1229 378 1,
1252 307 1355 368 2596.

219 437 308 501 XXV.
325 436 373 498 Ἐν
388 437 416 494 δὲ
435 444 490 502 ταῖς
507 435 597 503 αίιταῖς
615 432 726 515 ἡμίραις
747 436 894 516 ἀφικνεῖται
908 435 956 493 καί

176 552 215 595 τις
222 527 288 607 ἀνὴρ
297 524 409 598 Ἰταλὸς,
423 523 563 592 ’ίουστῖνος
572 524 669 601 ὄνομα,
681 524 788 592 δυνατός
802 547 831 583 τε
844 523 952 583 καὶτῶν

177 608 207 677 ab
220 615 375 695 γεγονότων,
387 613 456 673 illi
470 612 503 684 δὴ
511 615 557 671 καὶ
572 612 605 671 τλ
613 614 639 679 i<
648 612 764 688 πόλεμον
774 610 897 691 ἔμπειρος
907 613 954 671 καί

178 706 252 783 μάλα
263 708 394 783 γενναῖος,
408 702 476 782 ἔχων
485 706 542 779 μεθ’
550 704 643 761 ἑαυτοῦ
654 700 701 759 καλ
712 702 758 759 δύο
768 705 819 759 τῶν
830 700 953 779 μεγάλων

177 791 312 867 ὁλκάδων,
326 792 357 859 ἃς
373 790 471 849 οίκοθεν
491 789 568 857 αὐτὸς
582 789 757 857 ἐπισκευάσας
777 790 823 849 καὶ
843 792 954 857 ὁπλίσας

177 884 264 949 καλῶς
288 880 396 961 ἀνδράσι
422 880 517 939 τεκαὶ
537 878 628 947 ὁπλοις
648 878 780 947 παντοίοις
805 869 877 959 (εἶχε
901 878 953 959 γάρ

177 972 265 1031 ἐπάνω
284 974 336 1029 τῶν
351 968 583 1050 καταστρωμάτων
593 968 691 1028 τούτοιν
704 968 798 1046 άνὸρας
814 964 952 1048 καταφρά-

177 1082 253 1126 κτους
265 1056 464 1136 τετρακοσίους)
479 1054 591 1136 διίτριόε
604 1055 666 1135 περί
679 1079 707 1115 τε
723 1054 788 1117 Χίον
803 1053 848 1113 καί
859 1053 951 1116 Ῥόδον

176 1148 222 1208 καί
235 1146 282 1217 τὴν
298 1146 381 1223 ταύτῃ
394 1144 537 1215 θάλασσαν,
551 1146 638 1224 λοχῶν
652 1167 724 1211 τινας
745 1146 797 1201 τῶν
812 1144 884 1223 αὐτῷ
896 1144 952 1202 δια·

176 1234 275 1316 φόρων·
289 1246 317 1299 ὃς
337 1230 480 1310 προμαθὼν
501 1231 545 1290 τόν
566 1255 594 1291 τε
608 1231 723 1308 πόλεμον
745 1229 887 1309 Ῥωμαίων
907 1230 954 1290 καί

175 1322 223 1396 τίγν
238 1320 298 1381 ὁαον
312 1324 399 1392 αὐτῆς
412 1319 511 1387 πόλεως
526 1318 652 1397 ἐσομένην
666 1317 820 1399 πολιορκίαν
834 1318 880 1379 καί
901 1319 949 1390 τὴν

177 1411 295 1489 μεγάλην
317 1414 363 1468 τοῦ
387 1408 515 1488 βασιλέως
536 1408 674 1486 Μεχίμετι
700 1406 870 1486 παρασκευὴν
884 1410 950 1483 1κατ’

176 1500 273 1573 αὐτῆς,
292 1490 354 1571 ἧκεν
380 1495 538 1567 αὐτόκλητος
558 1494 601 1562 ξίιν
621 1503 677 1562 ταῖς
698 1493 793 1553 ὁλκάσι
814 1493 951 1572 βοηθήσων

176 1584 320 1665 Ῥωμαίοις
340 1586 386 1644 καί
403 1586 506 1663 βασιλεῖ
529 1580 740 1663 Κωνσταντίνιρ·
753 1580 804 1640 είσὶ
817 1579 844 1640 δὲ
859 1578 885 1641 οἳ
903 1582 948 1640 καί

177 1676 339 1753 μετάκλητον
352 1672 429 1731 αὐτὸν
441 1670 562 1749 γενέσθαι
576 1670 643 1751 φασί
655 1671 719 1749 παρ’
733 1670 813 1727 αὐτοῦ
835 1672 950 1749 ὖπεσχη·

176 1762 254 1840 μίνου
267 1760 334 1839 μετὰ
344 1761 387 1820 τὀν
397 1759 511 1835 πόλεμον
522 1758 616 1835 μισθὸν
633 1762 679 1830 τῆς
692 1757 812 1837 βοηθείας
830 1756 877 1828 τλν
895 1762 948 1827 Λῆ-

176 1874 239 1927 μνον
254 1853 337 1930 αὐτῷ.
381 1848 421 1928 (a)
441 1839 525 1916 θύτας
539 1850 566 1907 ἐν
582 1846 662 1927 ὀλίγῳ
685 1847 778 1926 πεῖραν
800 1850 848 1917 τῆς
870 1848 950 1904 αὑτοῦ

174 1940 281 2015 γνώμης
292 1960 320 1996 τε
338 1937 383 1996 καί
406 1940 459 1997 τῶν
478 1938 583 2017 τρόπων
601 1935 697 2017 άκριύῆ
721 1935 887 2017 παρασχὼν,
905 1936 950 1995 καί

174 2026 275 2091 πίστεις
284 2023 341 2091 δοὺς
355 2024 400 2082 καί
412 2023 519 2097 λαόόιν,
533 2022 640 2102 δέχεται
654 2022 699 2083 καί
712 2032 823 2101 τιμᾶται
837 2024 910 2103 παρά
921 2048 949 2084 τε

175 2118 222 2172 τοῦ
236 2112 365 2191 βασιλέως
379 2112 424 2171 καί
435 2115 487 2171 τῶν
499 2113 526 2172 ἐν
537 2112 607 2171 τίλει
621 2111 666 2171 καί
677 2116 725 2183 τῆς
736 2112 870 2179 πολιτείας
883 2115 949 2189 λαμ·

174 2206 265 2282 τορῶς,
284 2200 329 2259 καλ
348 2199 504 2260 καθίσταται
525 2200 589 2281 παρ’
603 2202 687 2259 αὐτῶν
706 2199 851 2279 στρατηγὸς
871 2202 949 2258 αιίτο-

175 2290 281 2369 κ’ράτωρ
297 2289 341 2347 καί
362 2288 449 2370 κύριος
470 2292 515 2348 τοῦ
535 2288 651 2367 πολέμου
671 2289 767 2355 παντὸς
781 2286 827 2347 καί
853 2291 948 2361 βουλῆς

175 2378 221 2438 καί
238 2380 322 2459 ῥητῶν
339 2378 382 2437 καί
400 2378 557 2457 ἀπορρήτων
568 2376 613 2437 καί
625 2377 711 2435 θπλων
732 2376 778 2436 καί
790 2374 878 2445 πάσης
896 2380 944 2447 τῆς

174 2472 219 2525 τοῦ
239 2466 355 2543 πολέμου
372 2465 463 2545 χρείας
477 2486 506 2523 τι
521 2464 566 2523 καί
580 2469 757 2544 παρασκευῆς.
801 2464 837 2544 (ι)
851 2468 947 2526 Κατα-

174 2553 237 2620 στάς
246 2544 289 2611 aba
300 2555 327 2611 ἔν
339 2558 376 2632 τῷ
383 2554 485 2634 τοιῷδε,
496 2552 625 2620 παντοίως
636 2550 791 2622 ἐπεσκεύαζε
803 2554 851 2624 τὴν
859 2552 947 2632 πόλιν,

173 2641 204 2701 τό
222 2666 250 2701 τε
271 2641 340 2701 κατὰ
353 2646 403 2718 γῆν
423 2642 507 2719 τεῖχος
528 2638 599 2699 θπαν
612 2639 725 2709 ὁπλίζων
740 2639 784 2701 καί
799 2640 845 2707 τλς
867 2640 950 2701 ἐπάλ-

1008 434 1068 501 τούς
1077 458 1106 493 τε
1118 434 1336 517 προμαχομένους
1348 459 1376 495 τε
1390 435 1436 495 καί
1445 438 1677 516 προπολεμοῦντας
1688 436 1813 495 τούτοιν

1009 524 1138 582 ἐκτάττων
1161 526 1249 591 καλῶς
1269 525 1315 583 καί
1337 518 1467 584 καθιστῶν
1486 524 1533 583 ἕνα
1552 524 1668 585 ἕκαστον
1688 515 1710 605 ᾗ
1735 526 1808 601 δεῖ,

1008 612 1054 671 καί
1084 613 1292 692 παραγγεθλων,
1318 611 1389 679 ὅπως
1402 610 1461 692 ’χρὴ
1482 611 1541 678 τοίις
1568 614 1692 681 ἐπιόντας
1717 615 1808 691 ἆμύ·

1009 706 1098 760 νεσθαι
1118 700 1164 759 καί
1184 699 1323 781 φυλάττειν
1344 702 1374 759 τὸ
1394 709 1496 781 τεῖχος·
1521 699 1561 760 ἔτι
1582 700 1672 761 θίτὸν
1692 703 1807 777 λιμένα

1008 791 1096 855 καλῶς
1120 792 1296 871 ἠσφαλίσατο,
1326 780 1396 869 ᾗπερ
1422 789 1539 870 εἴρηται,
1561 790 1657 849 ὁλκάσι
1687 815 1720 851 τε
1751 796 1806 852 καί

1008 876 1125 957 τριήρεσι
1136 880 1181 938 καί
1194 882 1326 958 μηχαναῖς
1339 877 1485 951 παντοίαις,
1499 879 1585 938 καὶτὸ
1596 879 1669 938 κατὰ
1682 880 1803 940 θάλασ-

1010 988 1059 1023 σαν
1073 963 1145 1023 άπαν
1159 974 1263 1045 τεῖχος,
1279 966 1371 1045 ὥσπερ
1383 963 1415 1037 δὴ
1427 966 1473 1025 καί
1487 966 1578 1039 τὸτῆς
1592 967 1727 1047 ἠπείρου,
1743 973 1803 1047 ἆρ-

1008 1051 1121 1119 κούντως
1132 1051 1262 1113 ὥπλισεν·
1277 1045 1308 1125 ip
1321 1053 1371 1134 γὰρ
1390 1053 1486 1135 ὁάνήρ
1503 1054 1628 1132 πολέμων
1645 1054 1803 1137 ἔμπειρος,

1008 1131 1078 1220 ᾗπερ
1100 1139 1185 1223 ἔφην,
1203 1142 1249 1200 καί
1263 1141 1297 1201 τά
1312 1142 1337 1208 ἐς
1352 1140 1529 1222 τειχομαχίαν
1549 1143 1669 1219 μάλιστα
1691 1147 1805 1211 ἱκανῶς

1007 1230 1121 1301 ἤσκητο.
1165 1230 1198 1311 (a)
1214 1230 1406 1310 Ἐγχειρίζεται
1418 1231 1445 1290 δὲ
1458 1232 1546 1291 καὶτὸ
1561 1232 1729 1313 καταντικρὺ
1743 1240 1798 1293 τοῦ

1009 1316 1138 1395 βασιλέως
1168 1318 1345 1398 στρατοπέδου
1367 1316 1446 1398 μέρος
1463 1325 1509 1377 τοῦ
1533 1319 1649 1399 τείχους,
1669 1324 1707 1389 ὡς
1728 1322 1802 1381 ἐπί-

1008 1404 1095 1483 μαχόν
1118 1428 1147 1463 τε
1161 1405 1204 1479 όν,
1225 1403 1278 1476 ὁπη
1298 1406 1332 1477 δὴ
1354 1407 1400 1465 καί
1419 1404 1451 1465 τὸ
1472 1407 1659 1487 καθαρώτατον
1681 1400 1716 1481 ἦν
1745 1414 1801 1469 τοῦ

1007 1497 1119 1571 στρατοῦ
1133 1494 1179 1553 καί
1194 1500 1212 1566 ἡ
1226 1493 1357 1573 βασίλειος
1371 1492 1416 1567 tia
1427 1517 1457 1553 τε
1469 1494 1516 1553 καί
1530 1497 1609 1568 abib,
1627 1496 1675 1556 καὶ
1691 1488 1725 1557 ab
1743 1500 1800 1565 τὰς

1008 1580 1130 1660 μηχανάς
1144 1580 1197 1640 ἔδει
1208 1581 1268 1651 τοὺς
1279 1582 1426 1661 πολεμίους’
1435 1592 1625 1662 προσαγαγεῖν,
1636 1584 1707 1645 ὥστε
1720 1610 1800 1665 προ·

1006 1670 1130 1746 πολεμεῖν
1140 1694 1168 1729 τε
1179 1670 1255 1738 αὐτὸς
1261 1672 1341 1732 αιἰτοῖ
1346 1670 1391 1729 καί
1396 1671 1581 1751 προμάχεσθαι
1589 1672 1636 1731 καί
1642 1675 1799 1750 φυλάττειν

1006 1758 1074 1835 μετά
1088 1780 1117 1837 γε
1130 1762 1181 1817 τῶν
1192 1758 1236 1827 ξὺν
1255 1760 1339 1839 αὐτῷ·
1354 1749 1410 1838 εἶχε
1420 1757 1471 1839 γάρ
1484 1762 1529 1840 ὕφ’
1543 1760 1638 1833 αὑτὸν,
1651 1764 1690 1828 ὡς
1703 1760 1795 1837 ἔφθην

1006 1844 1104 1919 εἰπών,
1132 1846 1332 1927 καταφράκτους
1352 1848 1450 1923 ἄνδρας
1469 1848 1653 1927 τετρακοσίους
1670 1848 1739 1909 ἄνευ
1758 1876 1795 1929 γε

1004 1935 1057 1992 τῶν
1073 1932 1160 1992 ἄλλων
1176 1934 1364 2011 πληρωμάτων
1384 1937 1436 1992 τῶν
1451 1938 1527 1993 νεῶν.
1571 1936 1606 2015 (a)
1624 1931 1793 1997 risrrar'a'a

1005 2022 1064 2081 τότε
1078 2023 1125 2082 καί
1138 2047 1177 2089 τις
1188 2022 1304 2103 ἐκδρομὴ
1320 2028 1433 2103 βραχεῖα
1445 2027 1498 2081 τῶν
1508 2025 1539 2082 ἔκ
1551 2028 1599 2094 τῆς
1608 2025 1711 2094 πόλεως
1719 2031 1793 2106 πρός

1005 2131 1077 2177 τινας
1091 2114 1144 2169 τῶν
1160 2110 1213 2169 άπὸ
1226 2114 1274 2181 τῆς
1289 2120 1415 2189 στρατιᾶς
1429 2114 1702 2192 προκαταδραμόντας
1717 2117 1792 2173 α’τοί·

1004 2221 1089 2274 κτοις,
1112 2199 1158 2259 καί
1179 2197 1334 2259 άπίκτειναν
1354 2199 1435 2267 ἐνίους
1458 2201 1673 2279 αιἰτιῗιν,ὁλίγοις
1687 2203 1718 2262 ὁὶ
1737 2206 1791 2263 καί

1003 2288 1131 2372 ἔτρωσαν.
1158 2288 1238 2350 Mat
1259 2290 1287 2351 δὲ
1303 2294 1389 2348 ταῦτα
1405 2288 1593 2358 ξυνελαθέντες,
1608 2291 1660 2349 ὑπὸ
1676 2294 1790 2352 πολλῶν

1004 2376 1235 2460 άντεκδραμόντων
1247 2380 1300 2439 ἀπὸ
1312 2382 1359 2450 τῆς
1373 2390 1511 2455 στρατιᾶς,
1525 2380 1671 2461 κατέφυγον
1686 2384 1714 2448 ἐς
1728 2382 1788 2453 τὴν

1004 2467 1099 2547 πόλιν,
1121 2466 1168 2527 καί
1185 2468 1338 2535 κλείσαντες
1361 2466 1408 2534 τὰς
1424 2467 1508 2535 πύλας
1525 2469 1611 2529 ούκίτι
1632 2470 1789 2543 ἐπεξέθεον,

1005 2557 1064 2615 ἀλλ’
1080 2556 1221 2637 ἐφύλαττον
1238 2554 1315 2631 μόνον
1328 2555 1376 2625 τὴν
1393 2555 1479 2617 πόλιν.

1043 2642 1149 2707 xxvi.
1164 2642 1314 2722 Μεχίριετες
1328 2643 1354 2702 δὲ
1369 2646 1383 2701 ὁ
1402 2641 1523 2723 βασιλεὺς
1543 2643 1721 2723 στρατόπεδον
1734 2646 1789 2705 θί-

175 2729 226 2799 ξεις
248 2730 416 2809 πετρούόλοις
432 2752 461 2788 τε
478 2737 610 2809 μηχαναῖς
630 2729 675 2787 καὶ
693 2728 825 2796 παντοίοις
843 2729 948 2808 ὅπλοις,
1006 2754 1081 2808 μενος
1095 2732 1174 2799 αὐτοῦ
1185 2753 1236 2790 που
1247 2731 1308 2811 περὶ
1322 2731 1353 2791 τὸ
1366 2730 1527 2809 καλούμενον
1545 2733 1722 2813 Μεσοτείχεον
1736 2739 1789 2795 καί

204 2960 280 3011 XXV.
297 2959 311 3022 §
325 2964 346 3007 1.
361 2950 402 3009 Ἐν
415 2966 465 3015 τοῖς
482 2960 562 3015 αὐτοῖς
575 2958 682 3023 ἡμέραις]
693 2962 770 3009 Immo
789 2960 854 3008 Just.
876 2962 977 3011 varrerat
989 2960 1101 3009 ianuarii
1115 2959 1206 3009 mensis
1225 2959 1266 3009 dio
1283 2959 1400 3009 sicusim
1417 2963 1500 3018 sexta,
1514 2963 1543 3009 ut
1563 2962 1690 3010 Barbarus
1711 2976 1736 3025 ρ.
1755 2968 1786 3013 16

174 3029 220 3081 uit.
235 3031 297 3079 Cam
312 3028 440 3078 critobulo
452 3028 483 3078 ci.
501 3029 622 3079 rosarius
634 3032 658 3091 4,
672 3033 715 3078 ‘iti
733 3050 739 3078 :
756 3028 869 3079 navibus
881 3028 944 3079 altis
958 3032 1008 3079 iiic
1014 3032 1260 3093 preeratpemiatr,
1273 3030 1328 3079 illis
1341 3034 1387 3093 qul
1401 3030 1474 3093 sorte
1484 3028 1575 3079 diebus
1585 3033 1706 3082 uenerat.
1726 3031 1785 3094 Ι-

173 3096 313 3160 ’1ουστῑνος]
323 3098 362 3147 Sia
374 3101 426 3147 lum
438 3099 486 3148 boc
498 3099 552 3148 lora
566 3102 619 3149 tum
639 3112 660 3148 ο.
672 3102 701 3148 ii
714 3104 739 3149 ot
751 3106 780 3149 58
800 3113 839 3163 up.
859 3099 1014 3150 Critoboium
1025 3104 1130 3150 roratur
1148 3104 1253 3150 Joaanua
1264 3098 1417 3151 lastinianus
1425 3102 1530 3160 Ιοιιςιιτ,
1542 3100 1684 3151 aennensis.
1698 3103 1737 3151 De
1753 3116 1784 3153 re

174 3170 208 3221 ai.
228 3170 363 3219 Pirrantzes
382 3182 405 3231 p.
429 3172 483 3229 141,
499 3173 537 3229 18,
546 3171 629 3219 Dacos
644 3184 668 3233 p.
686 3170 915 3231 roa,1a13urbarus
929 3170 946 3221 i.
961 3171 989 3232 1,,
1003 3172 1132 3221 Proculus.
1148 3171 1204 3235 ]Ι-
1215 3170 1394 3235 τετρακοσίους]
1406 3170 1710 3234 λοιιιίιιεεεορίίιιοειιίοε
1725 3185 1782 3222 sea.

173 3240 275 3289 Barbar.
286 3252 310 3302 p.
328 3242 371 3299 16,
385 3244 555 3299 annumerata,
573 3242 600 3289 ui
617 3239 724 3301 ridetur,
734 3241 805 3303 plebe
816 3242 923 3290 naulica.
934 3242 997 3290 cnm
1010 3240 1139 3291 critobulo
1147 3240 1206 3290 iacit
1215 3239 1357 3289 Loonardua
1368 3254 1392 3303 ρ.
1402 3245 1448 3291 616
1463 3240 1584 3290 :duabus
1597 3242 1782 3292 aumaaaibras

174 3312 279 3373 arrapair
298 3312 323 3357 et
341 3312 454 3359 armatis
469 3312 574 3359 circiter
588 3310 789 3372 auadrlaaeatls
799 3326 876 3361 aurare
894 3312 1058 3362 decarmilaros
1073 3312 1149 3373 sorte
1165 3313 1271 3361 οειιιςιιε
1289 3310 1423 3375 stipendio
1440 3310 1590 3374 adscriptus
1610 3314 1782 3374 inoperatam

174 3381 302 3431 ducatum
321 3378 424 3430 utilitia
443 3378 563 3430 obtinuit.
581 3378 672 3429 Milites
694 3382 860 3432 alusliniano
881 3381 982 3432 adducti
1003 3382 1120 3432 rideatur
1140 3380 1291 3444 intelligendi
1314 3394 1370 3431 esso
1388 3394 1427 3444 ap.
1446 3381 1561 3431 Pirraalz.
1574 3394 1601 3444 p.
1614 3385 1667 3441 261,
1681 3389 1720 3443 21,
1734 3382 1779 3432 abi

173 3452 305 3515 {inperator
320 3465 377 3501 eum
397 3452 517 3513 δήμαρχον
535 3452 575 3500 καλ
588 3452 719 3514 στρατηγὸν
735 3454 774 3502 ἐπὶ
792 3452 941 3515 τριακοσίους
954 3454 1037 3517 ἄνδρας
1052 3454 1191 3517 προσέταξεν
1207 3453 1275 3501 εῖναι.
1294 3449 1347 3515 ]-
1359 3452 1486 3515 θείτριάε...
1500 3452 1631 3516 διαφόρων]
1644 3454 1696 3501 Hoc
1707 3453 1773 3502 aliua

173 3535 245 3571 nomo
258 3522 345 3575 tradit.
358 3524 370 3587 1]
381 3550 413 3559 -
422 3520 579 3587 αὐτόκλητος]
591 3522 715 3573 Barbarus
726 3524 743 3573 i.
753 3524 769 3574 i.
783 3543 789 3573 ι
803 3536 897 3575 oeae...
914 3524 1010 3587 perula
1023 3525 1165 3576 ναιετάοντα
1176 3522 1359 3574 ίαιιεεεειιαιῖε
1368 3522 1415 3573 alu
1427 3520 1513 3573 baara
1524 3524 1747 3586 comraurrmpou
1760 3541 1774 3573 ε

173 3606 222 3656 per
235 3590 353 3658 benefitio
370 3594 403 3643 lle
418 3593 447 3643 la
461 3590 666 3643 christianitata
684 3607 699 3643 e
711 3608 763 3657 par
774 3592 861 3644 Ιεοιιοτ·
880 3594 924 3645 aet
934 3594 1044 3646 ιιιειιιιίυ.
1061 3595 1072 3659 ΙΙ
1083 3622 1114 3632 -
1131 3592 1506 3658 μετάκλητος]01.Ραιεο1υε4,
1523 3598 1568 3643 285
1583 3613 1590 3643 ι
1603 3605 1651 3643 rea
1658 3593 1778 3643 mercede

174 3665 263 3713 virum
273 3666 448 3715 conduxerat.
459 3664 470 3727 ss
485 3692 516 3701 -
526 3664 635 3728 Λῆμνον]
649 3667 732 3715 Duas
745 3678 769 3729 p.
793 3672 847 3726 266,
867 3672 881 3715 b
899 3684 905 3716 :
920 3668 1055 3732 εὐεργέτησε
1072 3668 1098 3716 ol
1114 3668 1191 3729 τούτῳ
1209 3666 1250 3714 καί
1265 3667 1303 3714 διὰ
1318 3665 1492 3729 χρυτοὸούλλον
1504 3664 1641 3727 γράμματος
1651 3666 1689 3722 τὴν
1700 3670 1774 3722 νῆσον

174 3740 277 3794 Λῆμνον.
289 3738 309 3784 εί
323 3736 540 3798 άποκρουσθήστται
553 3736 694 3797 ὁλῖεχεμίτ.

202 3804 251 3865 §2
268 3806 397 3867 Στρατηγὸς
415 3804 581 3868 αὐτοκράτωρ]
593 3804 798 3870 πρωτοστροίτωρ,
818 3806 845 3854 ul
863 3807 946 3855 Duras
959 3818 984 3869 p.
997 3812 1050 3865 bob,
1064 3811 1075 3854 1
1087 3804 1131 3855 ait.

203 3872 250 3933 §a
266 3875 363 3930 Ἱκανῶς
379 3872 483 3936 ἤσκητο]
496 3872 531 3921 sic
542 3886 636 3936 margo,
647 3875 733 3928 ίκανῶς
747 3874 808 3937 ῖχων
818 3876 910 3923 taulus.

203 3940 256 4003 §4.
276 3942 442 4006 Ἐγχειρίζεται
462 3945 509 3993 alc.
529 3940 538 4005 ]
558 3944 641 3991 Dacus
652 3954 676 4005 p.
693 3948 747 4003 266,
766 3948 776 3991 1
800 3964 807 3992 ·.
826 3946 867 3992 καί
885 3944 954 4001 αὐτὸς
965 3943 1143 4005 (sabinianus)
1160 3944 1202 4000 τὴν
1219 3943 1312 4007 φύλαξιν
1329 3947 1377 3991 τῶν
1395 3943 1452 4004 πρὸς
1464 3942 1665 4005 τὸπαῖ.άτιον(α11
1676 3940 1779 3991 Hebdo-

173 4024 233 4061 num
253 4010 383 4073 palatium,
396 4010 469 4061 hodie
485 4010 582 4075 Τελείαν·
594 4010 685 4074 serui)
699 4014 812 4075 κειμένων
823 4014 920 4075 τειχέων
933 4012 1071 4062 άνελάόετο·
1083 4014 1123 4061 καὶ
1130 4013 1174 4075 γὰρ
1181 4013 1243 4073 ἦσαν
1251 4016 1348 4075 ὁρῶντες
1355 4012 1395 4060 τὸν
1408 4012 1519 4075 τύραννον
1528 4012 1581 4060 ἐκεῖ
1587 4013 1630 4067 τὰς
1639 4012 1722 4067 σκευὰς
1734 4012 1779 4068 τὰς

175 4081 325 4138 samaiim
334 4082 468 4140 πηχνύοντα
481 4083 522 4130 καὶ
531 4083 572 4139 τήν
586 4083 658 4141 ἀλλην
673 4088 753 4131 πᾶσαν
765 4078 893 4145 ἀντίμαχον
901 4088 951 4139 τοῖς
968 4084 992 4131 ἐν
1003 4087 1051 4138 τοῖς
1062 4082 1151 4146 τείχεσι
1162 4082 1299 4145 παράταξιν,
1315 4082 1361 4129 rac
1378 4083 1475 4129 tractus
1493 4092 1545 4143 pros
1559 4081 1649 4130 coleris
1659 4079 1777 4143 ἐπίμαχος

176 4162 236 4211 erar,
250 4164 328 4212 quum
346 4162 435 4199 murus
456 4150 490 4201 ibi
510 4151 614 4202 debilior
632 4166 713 4217 neque
730 4152 877 4203 antemurali
891 4152 1003 4203 munitus
1022 4157 1087 4203 esset
1101 4152 1240 4214 (Barbarus
1260 4165 1284 4215 p.
1303 4156 1330 4200 11
1345 4170 1352 4199 ι
1370 4150 1418 4200 rial
1435 4150 1587 4213 palaaaate
1603 4151 1714 4213 (raum)
1726 4164 1779 4199 ειιιι

175 4218 263 4271 cleoole
270 4222 295 4268 et
303 4231 382 4269 εειιεο
390 4218 536 4269 barbaaaui
544 4224 567 4271 al
577 4234 655 4273 rouza
662 4225 751 4287 sorae),
764 4236 842 4285 aeque
852 4221 942 4273 fossam
954 4221 1057 4273 haberet
1065 4224 1195 4284 antequam
1205 4221 1269 4271 hano
1277 4221 1303 4271 in
1314 4226 1359 4269 160
1366 4219 1455 4284 padum
1464 4219 1639 4282 longitudinem
1649 4220 1776 4269 auxissent

180 4288 274 4347 (Martii
290 4302 368 4339 mens.
383 4288 472 4341 diebus
483 4293 567 4351 11-31)
579 4296 662 4342 naula
679 4294 816 4357 galetarum
825 4292 1008 4352 veneticorum,
1023 4292 1112 4355 quiibus
1130 4291 1244 4355 aloysius
1254 4290 1332 4340 Diedo
1352 4289 1483 4353 praetorius
1502 4291 1564 4339 erat.
1579 4288 1619 4338 ct.
1637 4289 1778 4339 Ικοιιεεὸιιε

175 4362 197 4411 p,
217 4362 260 4409 iit
281 4359 461 4409 :Horrlbllem
472 4360 581 4422 perinde
597 4360 771 4414 bombardam
786 4364 968 4427 (quamquam
987 4362 1080 4423 maior
1096 4362 1170 4421 alia,
1184 4374 1265 4426 quam
1285 4364 1332 4411 via
1348 4360 1445 4410 bouum
1459 4360 1653 4422 quinquaqinta
1670 4362 1777 4408 eratum

174 4442 238 4495 μιρα
250 4427 394 4489 vehebant)
404 4428 435 4478 ab
451 4432 559 4491 partam
578 4430 655 4482 illam
668 4446 808 4483 aratrorum
824 4432 985 4497 simplicem,
1000 4443 1057 4496 aaa
1071 4444 1119 4481 aaa
1133 4429 1239 4495 [assaltu
1253 4444 1303 4481 aaa
1321 4429 1486 4480 antemurali
1500 4428 1650 4485 tutabatur.
1667 4429 1777 4489 calipo-

174 4504 243 4551 κίονι
255 4500 504 4565 diataar,1ipentes,
517 4500 609 4565 lapide
620 4506 666 4567 qui
676 4504 778 4569 palmia
798 4504 921 4555 undecim
937 4517 972 4553 ea
987 4505 1053 4553 ιιιείε
1068 4502 1186 4553 ambibat
1201 4506 1229 4552 ia
1244 4514 1323 4565 apro,
1336 4515 1370 4551 ea
1392 4514 1426 4551 aa
1446 4512 1556 4549 mirram
1576 4500 1778 4550 braimbant...

94 4566 96 4570 ’
177 4570 326 4620 6ονι6οινίο
338 4574 471 4633 praterea
487 4570 538 4621 iila
554 4574 658 4635 inacus,
684 4588 714 4624 eo
731 4574 802 4639 quod
819 4576 988 4639 Calipaream
1008 4577 1116 4625 strenuo
1133 4576 1290 4637 reparatam
1307 4572 1435 4621 adamus
1449 4584 1503 4619 aaa
1515 4566 1669 4634 proficeret,
1693 4570 1775 4619 alium

178 4640 262 4690 locum
277 4643 440 4691 liucialiaaa
451 4643 532 4691 turris
546 4641 602 4705 (hic
616 4644 686 4694 iocus
700 4658 727 4708 p.
743 4650 788 4695 ³32
802 4649 906 4695 uocatur
921 4643 1109 4696 iiacbatureus
1120 4645 1229 4704 marus)
1244 4643 1325 4698 iuxta
1337 4644 1422 4692 εοιιοθ
1444 4642 1555 4692 iloraaal
1569 4643 1695 4703 partam,
1714 4639 1777 4689 iada

173 4710 291 4771 dimota,
313 4711 403 4774 lapide
415 4714 443 4761 ia
461 4725 493 4761 ea
511 4714 684 4764 ‹astirnatloae
706 4715 782 4765 altile
807 4714 983 4766 άντσιιίοιτιιιε
1000 4715 1131 4766 librarum
1152 4712 1272 4763 interdiu
1285 4712 1400 4775 colaria,
1420 4711 1542 4761 collisum
1562 4714 1693 4771 corrcutit,
1714 4722 1777 4759 οοιι·

168 4794 277 4833 arrasum
294 4784 463 4832 exterminat.
483 4783 598 4832 Celerum
613 4798 663 4834 soc.
678 4785 831 4835 critobulum
856 4789 882 4845 1,
904 4788 933 4835 27
953 4798 984 4835 ex
1002 4786 1107 4835 advorso
1120 4784 1207 4835 Palatii
1219 4787 1244 4834 ol
1255 4782 1382 4846 caligariis
1394 4784 1472 4847 porta
1487 4780 1565 4844 οορῖει
1576 4780 1710 4839 caraizia,
1729 4794 1778 4829 aaa

171 4864 232 4899 roro
251 4851 328 4915 ipsius
343 4852 513 4912 machabetis,
536 4852 662 4903 roboratur
677 4858 757 4904 erant.
779 4856 900 4905 Fortassis
913 4855 989 4919 igilur
1004 4869 1034 4906 ευ
1044 4869 1124 4918 usquo
1139 4854 1257 4905 caratziza
1272 4854 1396 4903 exercilus
1406 4856 1462 4902 lum
1477 4851 1774 4911 bemumesteadohatar,

167 4938 180 4963 r
189 4934 250 4973 aura
267 4924 391 4989 praecipuo
404 4938 530 4975 murorum
543 4927 691 4990 oppugnatio
703 4940 718 4976 a
732 4927 852 4991 coligaria
866 4930 936 4990 porto
948 4927 980 4976 ad
997 4932 1094 4991 pomam
1106 4927 1207 4977 Romani
1219 4925 1338 4977 translata
1355 4928 1416 4983 arai(

205 4992 249 5054 §⁵
271 4994 387 5058 Ἐκόρομῆ
409 4994 523 5058 βραχεῖα]
541 4998 621 5045 ouras
638 5010 663 5060 p.
683 5002 781 5059 266,16
794 5016 800 5046 t
814 4998 925 5052 πολλάκις
936 4999 978 5045 καί
993 4998 1061 5053 ἐκτὸς
1075 5001 1118 5045 τοῦ
1136 4996 1224 5058 τάορου
1243 4996 1387 5054 ἐκπηδῶντες
1409 4993 1577 5043 συνεπλέκοντο
1597 4998 1645 5048 τοῖς
1665 4992 1776 5054 Τῡῦβῑθίῧ

174 5063 302 5123 ‘turpatum
326 5065 383 5113 roal
405 5066 446 5128 piu
466 5066 572 5127 aptatae,
591 5070 648 5116 aori
670 5068 695 5117 bi
718 5066 882 5131 λαμθάνοντες.
902 5064 968 5118 Nihil
990 5061 1133 5117 baubatus
1155 5065 1229 5115 habet
1255 5065 1287 5115 do
1305 5063 1498 5123 excursionibus,
1516 5062 1548 5113 rie
1565 5062 1656 5126 quibas
1678 5063 1778 5111 oarrml

178 5136 257 5181 ituras
275 5146 299 5196 ρ.
317 5139 370 5195 169,
388 5137 414 5185 el
427 5136 551 5187 Pusarluo
564 5141 587 5199 ³,
601 5141 647 5188 128
661 5151 715 5202 sqq.
