3809 5859
431 354 829 434 masflnltssrrseNNUs
849 354 899 415 ΙΙΙ.
922 356 999 415 6961
1025 354 1207 430 (tesi-tiss
1231 355 1267 415 P.
1290 353 1346 432 C..)
1653 358 1692 418 97

94 496 224 573 λαμπρῶς
246 491 307 557 τούς
329 490 472 550 έπιόαίνειν
494 488 671 569 πειρωμένους
690 495 736 548 τοῦ
752 485 864 566 τείχους,
892 511 896 555 ς

95 586 129 660 (α)
144 581 195 647 Ὣς
213 578 240 638 δέ
259 577 329 637 κατὰ
351 579 434 638 νώτου
455 600 483 636 τε
501 569 568 636 εἶδον
588 575 647 643 τοὺς
665 575 805 652 πολεμίους
822 573 868 633 καί

96 669 244 748 βάλλοντας
260 664 314 724 cirri
325 668 378 724 τῶν
391 660 462 725 ἔνδον
474 663 520 723 καί
533 668 582 735 τῆς
592 663 691 730 πόλεως
704 661 809 735 αὐτούς,
821 660 867 721 καλ

93 756 191 821 παῖδας
212 754 258 813 καὶ
279 756 404 832 γυναῖκας
430 750 683 833 ήνδραποδισμένους
708 750 797 829 έώρων
820 749 867 808 καί

94 841 275 921 ἀπαγομένους
289 844 417 921 αἰσχρῶς,
428 843 452 899 oi
463 840 512 915 μέν
524 841 609 898 αὐτῶν
621 840 720 917 όθεμίρ
729 836 869 918 ληφθέντες

94 933 231 1011 ἐρρίπτουν
248 938 313 1009 ερας
328 928 419 993 αὐτοὺς
432 925 500 1000 μετὰ
513 931 566 985 τῶν
581 925 668 985 ὅπλων
684 926 737 983 εἰπὸ
754 929 799 984 τοῦ
812 924 868 983 τεί-

93 1043 158 1099 χους
173 1017 218 1076 καὶ
232 1016 417 1091 ἀπέθνησκον,
432 1020 456 1074 oi
472 1013 499 1075 δέ
513 1012 669 1091 ἀπογνόντες
680 1020 733 1077 τοῖς
743 1011 810 1077 όλοις
822 1013 867 1069 καὶ

94 1110 129 1168 si
153 1106 222 1165 ὅπλα
243 1109 296 1163 τῶν
318 1107 415 1185 χειρῶν
440 1100 602 1178 ἐκλυομένων
622 1100 675 1173 ήδη
700 1098 867 1171 ἀπολύοντες,

98 1192 253 1274 παρεδίδουν
269 1193 360 1259 αύτούς
373 1199 425 1257 τοῖς
438 1192 538 1271 ἐχθροῖς
552 1189 638 1268 ιἰμαχλ
651 1187 800 1268 χρήσασθαι
814 1185 831 1244 ό
844 1210 869 1245 τι

94 1282 140 1341 καὶ
156 1279 300 1360 βούλοιντο.

137 1366 240 1429 lxlv.
255 1366 357 1445 Ἔτυχε
374 1366 397 1423 δ’
418 1366 502 1424 tassice
519 1364 578 1421 τότε
595 1362 688 1444 παρὼν
711 1360 764 1441 καίι
778 1359 869 1441 μαχό-

96 1480 173 1533 μενος
188 1454 232 1513 έπλ
244 1458 291 1513 τοῦ
303 1453 404 1532 τείχους
419 1451 464 1519 ξὺν
480 1454 566 1517 αὐτοῖς
581 1451 627 1510 καὶ
641 1450 775 1529 Ὀρχόνης
792 1454 807 1509 ό
822 1454 867 1508 τοῦ

98 1542 321 1623 βασιλέως-θεῖος,
334 1544 380 1599 τοῦ
394 1537 560 1613 Ἄτουμοίνων
574 1538 678 1615 γένους,
696 1535 724 1595 όν
738 1528 793 1615 εἶχε
816 1540 868 1615 βα-

97 1630 183 1698 σιλεύς
198 1629 395 1694 Κωνσταντῖνος
409 1628 435 1685 έν
448 1630 481 1705 τῇ
492 1626 577 1700 πόλει,
596 1627 622 1685 έν
637 1626 722 1703 πολλῇ
741 1623 812 1701 ἄγων
826 1629 868 1682 θε·

96 1720 192 1799 ραπείρ
208 1741 237 1776 τε
256 1717 301 1775 καὶ
315 1719 381 1795 τιμῇ
404 1714 437 1773 δι’
450 1716 567 1786 ίλπίδας,
581 1713 685 1794 ρυγοίδα
706 1710 758 1792 πρό
771 1714 868 1771 πολλοῦ

95 1806 158 1866 όντα
177 1805 221 1865 δεδι
234 1804 278 1865 τόν
292 1802 372 1884 ρόύον
395 1808 441 1862 τοῦ
462 1805 588 1883 ἀδελφοῦ·
616 1800 702 1871 ίζήτιι
717 1798 769 1878 γίιρ
789 1798 867 1857 αὐτόν

96 1894 212 1953 ἀνελεῖν·
233 1893 260 1959 ὃς
276 1890 337 1951 ἰδὼν
350 1890 398 1962 τήν
409 1895 457 1961 τῆς
475 1892 576 1956 πόλεως
593 1889 690 1947 έλωσιν
716 1888 762 1947 καλ
785 1885 867 1946 θέλειν

923 508 954 544 τε
974 486 1020 544 καί
1037 478 1283 566 διωκόμενοιήήσαν
1303 484 1353 565 γθρ
1376 487 1400 547 οἱ
1417 484 1569 563 ἀναγνόντες
1590 484 1693 565 εὔιόν),

923 572 1009 653 ῥίπτει
1037 574 1127 633 ἑαυτὸν
1148 574 1220 657 sidia<
1246 574 1314 633 >cord
1336 578 1381 633 τοῦ
1397 574 1497 653 τείχους
1516 572 1561 632 καί
1581 575 1696 646 ἀποθνή-

923 685 992 723 σκει.
1015 660 1049 743 (ι)
1064 665 1099 722 Οἱ
1120 661 1148 721 δέ
1163 666 1321 743 στρατιῶται
1330 663 1471 743 δραμόντες
1485 662 1599 741 αίρουοιν
1615 664 1694 721 αὐτοῦ

922 748 971 821 τὴν
985 749 1102 830 κεραλήν
1116 750 1294 829 ἀποταμόντες
1307 749 1353 809 καί
1371 748 1508 828 ἀπήγαγον
1522 752 1560 831 τῷ
1578 754 1694 829 βασιλεῖ·

923 839 970 897 καί
980 836 1030 918 γθρ
1041 839 1125 913 ίζήτει
1136 839 1214 899 αὐτὸν
1228 836 1272 898 διθι
1286 836 1426 911 σπουδήςή
1441 841 1525 907 ζῶντα
1537 838 1555 910 ἢ
1567 842 1695 899 τεθνεῶτα

923 929 999 988 ἰδεῖν.

930 1063 933 1070 ,
961 1015 1047 1077 va.
1063 1015 1109 1075 Ἐν
1122 1014 1206 1095 τούτῳ
1218 1015 1299 1074 θέκελ
1313 1017 1456 1092 Χαμουζθῖς
1466 1018 1482 1087 ὁ,
1489 1017 1540 1073 τῶν
1556 1019 1621 1075 νεῶν
1634 1019 1695 1094 ήγεο

923 1102 996 1179 μῶν,
1008 1106 1042 1172 ὣς
1060 1096 1112 1163 riis
1126 1104 1173 1174 τήν
1184 1103 1260 1162 πόλιν
1283 1102 1414 1183 ἐχομένην
1427 1102 1479 1175 ήδη
1489 1104 1534 1161 καλ
1548 1101 1608 1169 τούς
1619 1103 1695 1163 ioll-

922 1214 969 1257 τας
991 1192 1158 1269 ληιζομένους
1174 1189 1272 1264 αὐτὴν,
1287 1190 1361 1259 εὐθὺς
1375 1192 1481 1249 ἐπιπλεῖ
1495 1214 1528 1269 τη
1546 1190 1636 1251 ἁλύσει
1650 1192 1695 1251 καί

923 1278 1062 1359 διαρρήξας
1078 1279 1159 1351 αὐτὴν
1176 1278 1238 1337 τίσιν
1260 1276 1358 1357 γίνεται
1372 1282 1418 1337 τοῦ
1434 1279 1553 1354 λιμένος·
1568 1279 1614 1339 καλ
1633 1277 1696 1345 ὅσας

923 1360 983 1447 εὗρε
1001 1370 1053 1426 τῶν
1064 1366 1225 1444 Ῥωμαϊκῶν
1237 1370 1300 1425 νεῶν
1317 1367 1360 1444 (αἱ
1371 1365 1421 1445 γίιρ
1434 1370 1485 1425 τῶν
1496 1367 1607 1427 Ἰταλῶν
1621 1366 1695 1445 τριή-

924 1478 975 1535 ρεις
994 1478 1022 1513 τι
1043 1455 1088 1515 καὶ
1110 1454 1217 1521 ὁλκάδες
1237 1453 1310 1521 etti<
1332 1454 1492 1534 βιασόμενοι
1515 1454 1611 1520 ταύτας
1631 1453 1696 1526 θνή-

921 1548 1022 1621 χθησαν
1036 1544 1061 1611 ές
1076 1541 1106 1601 τό
1119 1542 1256 1620 πέλαγος),
1268 1539 1314 1609 τδις
1328 1542 1374 1618 μέν
1388 1542 1528 1602 κατέδυσεν
1539 1544 1637 1614 αὐτοῦ,
1649 1540 1696 1608 ri<

909 1626 950 1690 ‘il
969 1631 1126 1711 αὐτάνδρους
1146 1630 1240 1691 έλαόε·
1260 1629 1306 1690 καὶ
1330 1629 1468 1698 έποκιίλας
1488 1630 1535 1698 τίς
1554 1636 1616 1697 ναῦς
1638 1631 1695 1697 ταῖς

924 1721 1072 1798 βασιλικαῖς
1108 1718 1280 1797 καλουμέναις
1310 1718 1421 1789 πύλαις,
1443 1718 1483 1777 ἔτι
1512 1717 1697 1795 κεκλεισμένας

922 1805 1005 1885 εὑρὼν
1019 1807 1171 1888 διαρρήσσει
1186 1829 1213 1865 τι
1232 1805 1265 1866 τέ
1282 1806 1379 1867 τούτων
1393 1810 1499 1883 κλεῖθρα
1513 1804 1631 1872 καὶτοὺς
1650 1830 1698 1881 με·

921 1892 1002 1973 χλοδς
1016 1892 1060 1952 καί
1075 1892 1238 1965 καταόοίλλει
1250 1892 1360 1966 ταύτας,
1373 1894 1419 1952 καί
1433 1892 1545 1952 ἐσελθὼν
1565 1892 1633 1969 μετέι
1651 1896 1698 1963 τῆς

97 1981 190 2041 ἑαυτὸν
205 1983 341 2052 ἐκσῶσαι,
364 1982 466 2059 πρῶτον
490 1978 539 2055 μέν
556 1976 685 2047 ίόουλήθη
706 1974 792 2035 λαθὼν
810 1976 867 2033 δια·
924 1990 1048 2059 στρατιᾶς
1071 1982 1098 2039 έν
1114 2005 1147 2061 τη
1167 1980 1259 2058 πόλει,
1279 1980 1392 2060 εὑρίσκει
1412 1980 1525 2047 πολλοὺς
1545 1983 1628 2039 ἐκεῖσε
1646 1982 1698 2037 τῶν

98 2072 208 2149 speret,
226 2072 261 2136 ὣς
283 2060 318 2134 εἷς
338 2071 390 2126 τῶν
406 2066 458 2125 ἆπό
479 2071 526 2138 τῆς
549 2074 673 2145 dipsis&
695 2068 770 2142 ἧότῑ
784 2067 865 2144 carofi
930 2065 1074 2144 Ῥωμαίων
1097 2064 1296 2144 Ευνισταμένους
1315 2066 1361 2126 καί
1378 2069 1403 2134 ές
1416 2068 1500 2140 ἀλκήν
1524 2066 1699 2147 τραπομένους

97 2160 187 2236 καλιῇ
201 2162 248 2229 τῆς
259 2161 345 2237 ρωνῆς
356 2154 504 2233 ὁμοιότητι·
519 2158 553 2221 ῶς
567 2155 595 2213 δέ
606 2143 658 2212 εἶδε
669 2151 732 2234 [ὅτε]
747 2152 869 2229 γνωσθείς
924 2152 1020 2233 ,(εόπω
1036 2152 1087 2233 γὰρ
1108 2155 1215 2235 έρθόιιει
1228 2156 1293 2236 πρὸς
1306 2162 1382 2215 τοῦτο
1393 2156 1423 2215 τὸ
1436 2155 1513 2234 μέρος
1527 2160 1543 2227 ἡ
1561 2158 1630 2214 κατδ
1649 2158 1698 2235 γῆν

127 2374 212 2421 lxlv.
228 2372 341 2434 ὀρχὰνος
357 2372 371 2420 ό
384 2375 426 2419 τοῦ
443 2371 559 2432 βασιλέως
576 2367 651 2431 θεῖος]
663 2368 742 2431 igitur
757 2366 882 2417 Orchanes
892 2366 939 2417 tuit
948 2367 1026 2417 trater
1037 2366 1141 2418 litaretis
1154 2371 1186 2419 11.
1196 2369 1264 2419 idern
1277 2370 1401 2433 colligasse
1414 2369 1524 2419 'turcicis
1540 2368 1699 2433 scriptoribus

97 2443 152 2493 Aeli
165 2445 191 2491 et
202 2440 361 2498 scolaltode,
382 2440 426 2503 qni
442 2441 532 2489 tratres
547 2438 653 2488 storatis
672 2439 801 2487 recenseri
812 2439 931 2498 quattuor
960 2455 966 2485 ι
983 2435 1158 2495 Alaeddinnm,
1175 2438 1333 2498 achmetem,
1350 2438 1653 2501 Orclrancm,11ssanum,
1669 2442 1698 2487 ut

97 2524 128 2561 ex
145 2512 279 2560 flammero
299 2509 336 2559 tl.
355 2514 377 2569 t,
389 2523 414 2572 p.
430 2514 476 2560 oto
491 2509 569 2559 disco.
591 2507 732 2558 &cundum
752 2506 814 2555 alios
829 2510 955 2567 auctores,
968 2519 1031 2569 qnos
1042 2509 1190 2557 Hammerns
1204 2506 1229 2555 in
1241 2520 1286 2557 sno
1302 2506 1490 2557 osmanlderurn
1508 2510 1639 2557 stemnmte
1655 2520 1698 2559 ee·

95 2580 189 2643 quitur,
211 2578 299 2628 iratres
316 2578 421 2628 Muratis
435 2579 536 2628 luerunt
549 2578 694 2635 Acharretes,
708 2578 851 2640 tdustaplra,
867 2577 950 2637 luant,
964 2578 1136 2631 Mertremetcs.
1155 2576 1232 2627 sliam
1244 2576 1276 2627 de
1290 2578 1402 2628 oreliano
1415 2581 1500 2628 nostro
1518 2579 1608 2627 tamam
1618 2575 1696 2628 halrcs
1748 2602 1749 2609 .

96 2650 163 2713 apud
170 2648 392 2710 chalcccondylam
405 2662 430 2712 p.
443 2653 488 2698 393
496 2684 504 2706 ,
513 2647 555 2710 qni
569 2647 707 2696 orchanenr
719 2646 848 2695 seimonis
861 2659 875 2695 e
887 2646 937 2695 ilio
948 2648 1062 2709 nepotem
1076 2647 1131 2711 (τὸν
1147 2648 1338 2712 Μουσουλμεὶνεω
1349 2650 1448 2705 ὑιδοῦν)
1465 2650 1541 2699 tuisse
1550 2648 1623 2707 dicit,
1638 2648 1699 2698 adeo

97 2723 128 2771 nt
137 2719 257 2770 orchanis
268 2720 347 2770 nostri
357 2723 428 2783 pater
442 2720 529 2770 inisset
545 2719 670 2769 orchanes
681 2718 723 2767 ille
732 2717 861 2767 Sollmenis
879 2716 952 2777 tilius,
966 2717 1009 2780 qui
1021 2720 1193 2781 postmortem
1205 2720 1281 2781 patris
1294 2720 1376 2783 (tito)
1391 2734 1423 2770 ex
1432 2720 1489 2770 Asia
1500 2720 1530 2770 alr
1539 2720 1696 2770 Emmanuele
1744 2733 1745 2737 ¹

97 2791 245 2853 imperatore
265 2791 400 2841 advocatus
420 2792 446 2839 et
469 2789 667 2839 Thessalonicam
681 2786 788 2847 missus,
804 2787 892 2837 deinde
910 2800 971 2837 vero
984 2787 1121 2849 proditione
1133 2792 1220 2853 captus
1236 2795 1262 2841 et
1280 2804 1295 2839 a
1310 2793 1380 2841 ltusa
1397 2794 1487 2855 patruo
1505 2788 1645 2841 trucidatus
1661 2794 1699 2840 est

96 2862 144 2924 (V.
156 2859 283 2909 Zintreisen
296 2860 313 2908 l.
329 2858 346 2907 l.
365 2865 386 2917 t,
400 2872 424 2921 p.
436 2861 492 2908 425.
506 2859 545 2908 Gt.
556 2856 622 2907 idem
635 2869 662 2920 p.
682 2856 754 2920 tuti).
772 2860 808 2907 De
823 2857 937 2907 Orclrane
949 2858 1161 2922 Constantinopoli
1174 2857 1278 2923 degente
1295 2874 1369 2925 snpra
1385 2862 1451 2923 (not.
1471 2860 1505 2910 ad
1516 2874 1538 2910 c.
1553 2866 1577 2920 5,
1588 2860 1618 2923 3)
1636 2861 1697 2909 cita·

95 2929 180 2979 rimus
190 2931 285 2978 Ducam
298 2942 323 2993 p.
340 2931 395 2977 282.
407 2926 524 2990 Ejusdem
543 2927 617 2977 etiam
630 2925 754 2975 Barbarus
767 2940 791 2989 p.
808 2931 837 2977 19
851 2926 964 2977 meminit
983 2925 1069 2977 hisce:
1087 2930 1121 2979 nt
1144 2932 1229 2979 Tor-oo
1246 2934 1368 2993 Dorparro
1386 2931 1448 2994 (sic),
1467 2929 1492 2980 el
1514 2930 1577 2994 quat
1591 2932 1650 2981 λεια
1668 2933 1697 2979 ln

96 2998 328 3061 constantinopoli
340 2998 369 3049 al
379 2998 455 3048 aotdo
465 2997 516 3048 ἀεί’
530 2995 695 3060 impetrarim,
707 2998 731 3045 si
748 3010 817 3047 oneo
832 2996 961 3048 isoardo
973 3010 1026 3048 orso
1044 2996 1072 3047 di
1087 3002 1193 3049 caratoni
1211 2998 1248 3050 dn
1261 3000 1289 3050 in
1305 3003 1363 3051 tera
1385 3000 1417 3049 de
1435 3002 1463 3051 la
1480 2999 1570 3049 banda
1587 2998 1622 3049 dc
1635 3011 1697 3049 mor

95 3082 160 3121 ειεπι
173 3073 240 3119 terso
256 3067 354 3119 Porcii
365 3071 375 3118 t
385 3068 516 3131 quoltera
525 3082 543 3117 α
556 3080 605 3117 sero
618 3067 706 3128 solda,
715 3070 725 3117 t
734 3068 800 3131 quat
808 3081 861 3131 per
876 3070 971 3119 σοαπθί
986 3081 1057 3120 noea
1068 3069 1193 3120 recciario
1208 3070 1216 3125 t
1224 3070 1239 3120 i.
1250 3084 1273 3121 e.
1286 3070 1477 3135 rebellaverant)
1494 3071 1523 3121 at
1540 3085 1588 3121 sno
1599 3073 1697 3134 τέρπον.

95 3144 135 3190 Dc
148 3144 228 3190 morte
246 3149 302 3202 ejus
318 3140 354 3191 ita
368 3138 575 3201 Chtlsccondylts
588 3152 614 3201 p.
629 3142 684 3197 898,
696 3141 711 3187 3
725 3156 732 3187 ε
747 3138 814 3201 Ἀμρί
828 3140 870 3189 τὸν
882 3141 992 3203 Νοταρᾶν
1010 3144 1052 3189 τοῦ
1073 3141 1189 3203 βασιλέως
1205 3142 1326 3204 ἁρμοστήν
1339 3144 1380 3191 καὶ
1401 3142 1502 3205 Ὀρχείνη
1516 3142 1556 3192 τὸν
1572 3144 1698 3192 Μουσουλ-

97 3212 181 3273 μὰνεω
201 3212 298 3270 ilicis,
312 3214 344 3267 ὡς
367 3212 434 3260 aizel
455 3212 533 3269 ίλεγον
545 3211 669 3269 Ἕλληνες,
682 3210 772 3259 τοιόνδε
795 3209 898 3270 έγένιτο·
918 3214 950 3265 ὡς
973 3210 1018 3272 γὰρ
1034 3210 1186 3260 ίπυνθόνοντο
1204 3212 1331 3261 θαλωκέναι
1349 3213 1390 3271 τήν
1408 3212 1493 3271 πόλιν,
1512 3212 1647 3273 ἀπέδρασαν
1662 3212 1700 3260 έπὶ

95 3284 186 3345 πύργον
204 3282 255 3329 τινὰ
268 3286 309 3339 τῆς
321 3279 427 3340 πόλεως,
441 3281 583 3336 dediscite
597 3278 776 3342 βουλευσόμενοι
793 3280 829 3329 ότι
848 3280 911 3328 ἅπαν
922 3284 981 3343 σφᾶς
993 3280 1041 3328 θέοι
1058 3282 1194 3343 τραπέσθαι.
1211 3284 1258 3331 Καὶ
1274 3282 1373 3331 ἐνταῦθα
1385 3282 1519 3345 γινόμενοι,
1531 3280 1648 3344 Ὀρχίινης
1658 3282 1699 3343 μέν

95 3352 168 3413 ῥάκεα
179 3350 349 3415 ἀμοιεσέμτνρς
362 3351 495 3415 Ναζαραίου
510 3353 573 3405 τινός
593 3349 838 3400 temtempestas&
850 3356 893 3400 τοῦ
911 3350 1001 3415 πύργου
1013 3351 1053 3399 καὶ
1063 3351 1184 3412 ἀπέθανεν,
1198 3355 1220 3401 ol
1233 3353 1257 3401 ot
1268 3352 1325 3415 epp!
1337 3354 1377 3402 τὸν
1390 3356 1498 3417 Νοταρᾶν
1510 3353 1699 3415 πολιορκηθέντες

96 3423 206 3474 έάλωσαν
217 3423 269 3483 περὶ
278 3423 412 3479 πλήθουσαν
426 3422 527 3486 ἀγορὰν,
537 3421 607 3477 αὐτός
618 3438 644 3470 τε
653 3421 704 3483 ἅμα
714 3423 755 3470 καὶ
766 3425 789 3471 ot
799 3423 879 3477 παῖδες
891 3423 972 3470 αὐτοῦ.
984 3420 1060 3470 Aliter
1073 3434 1125 3472 rem
1139 3425 1222 3474 narmi
1236 3426 1317 3473 Duces
1328 3437 1352 3487 p.
1363 3428 1418 3484 30⁰,
1435 3428 1445 3473 t
1466 3444 1472 3473 r
1487 3425 1579 3487 Ἔτεροι
1591 3424 1617 3474 δέ
1630 3440 1700 3486 φασιν

96 3496 130 3550 ὡς
140 3494 154 3541 ό
164 3493 218 3549 δούς
227 3493 359 3552 (Nolanus)
373 3494 455 3555 εὑρέθη
468 3493 527 3552 μετὰ
536 3496 578 3540 τοῦ
593 3490 683 3554 'Oppias
699 3492 724 3540 tr
732 3496 766 3554 τῷ
773 3491 855 3555 πύργῳ
864 3497 899 3555 τῷ
909 3496 950 3541 τοῦ
964 3492 1088 3542 καστελίου
1099 3498 1140 3543 τοῦ
1152 3494 1336 3557 Φραντῑεζίδων,
1342 3494 1413 3545 κάκεῖ
1423 3494 1592 3559 παρεδόθησαν,
1603 3496 1701 3557 δρῶντες

96 3566 132 3627 ὡς
142 3566 185 3613 οὐκ
194 3564 224 3625 ἦν
234 3564 331 3614 δυνατόν
342 3564 494 3613 ἀνθίστασθαι
505 3564 575 3616 πλέον
583 3568 631 3618 τοῖς
641 3562 761 3625 Τούρειοις.
771 3564 862 3613 Ὄντων
873 3565 897 3612 dl
907 3563 1025 3612 πλείστων
1038 3566 1087 3613 issi
1100 3566 1140 3613 καὶ
1152 3564 1252 3626 εὐγενῶν
1263 3564 1384 3627 ἀρχόντων
1396 3566 1440 3615 σὺν
1453 3570 1489 3628 τῷ
1503 3567 1586 3626 δουειὶ,
1595 3566 1700 3627 ᾐτήσατο
1802 3565 1813 3581 “

97 3635 112 3682 ό
126 3634 216 3696 Ὀρχέιν
228 3632 275 3682 όιπό
287 3650 348 3688 τινος
366 3638 472 3696 μοναχοῡ
485 3634 515 3682 τὰ
526 3634 602 3696 ᾶμρια
615 3634 702 3691 αὺτοῦ,
722 3634 763 3681 καὶ
779 3632 881 3695 ρορήαας
891 3632 952 3679 αὐτὰ
971 3631 1045 3681 έθωκε
1056 3636 1091 3693 τῷ
1104 3636 1202 3694 μοναχῷ
1217 3632 1247 3681 τὰ
1265 3634 1351 3694 αὑτοῦ,
1366 3634 1407 3681 καὶ
1428 3634 1466 3683 διὰ
1479 3638 1533 3696 μιᾶς
1553 3634 1701 3691 τοξοόολικής

98 3704 189 3766 θυρίδος
199 3704 280 3753 έόαλεν
289 3705 371 3753 tauris
380 3705 442 3753 κατὰ
453 3709 495 3765 γῆς
506 3703 550 3760 iius
560 3709 601 3763 τῆς
612 3704 713 3755 πόλεως.
726 3704 773 3753 Καί
791 3702 901 3758 λαθόντες
914 3704 937 3751 ol
949 3708 997 3753 τῶν
1011 3703 1099 3753 πλοίων
1118 3705 1158 3751 καὶ
1170 3704 1334 3766 διερείσαντες
1349 3704 1432 3755 ίόαλον
1447 3706 1511 3761 iord:
1524 3705 1566 3754 σὺν
1587 3710 1637 3760 τοῖς
1654 3706 1702 3753 λοι·

98 3780 154 3829 ποῖς
165 3774 336 3836 αἰχμαλώτοις·
350 3776 372 3823 ot
382 3774 407 3823 δέ
416 3779 458 3823 τοῦ
470 3774 559 3837 πύργου
570 3774 736 3837 παραδοθέντες
747 3774 788 3822 καὶ
801 3772 868 3821 αὐτοὶ
879 3773 943 3828 iord:
955 3778 997 3822 rori
1009 3772 1092 3823 πλοίου
1108 3773 1199 3823 έκείνου
1208 3776 1361 3837 εἰσήχθησαν.
1375 3774 1436 3824 Τότε
1445 3774 1477 3830 sl:
1487 3781 1533 3823 τῶν
1544 3776 1701 3837 αἰχμαλώτων

99 3842 148 3893 τῶν
163 3846 289 3906 Ῥωμαίων
306 3844 605 3909 καταπραγρατευσάμινος
617 3847 659 3904 τήν
673 3848 745 3896 αὑτοῦ
762 3845 890 3907 έλευθερίαν
904 3845 982 3907 siparis
997 3848 1032 3907 τῷ
1047 3844 1158 3908 ναυάρχῳ
1179 3864 1191 3887 ο
1204 3848 1224 3895 sl
1237 3846 1400 3907 ἐλευθερώσεις
1418 3862 1446 3907 με
1464 3847 1579 3909 σήμερον,
1592 3846 1641 3907 έχω
1661 3862 1700 3895 σοι

99 3915 182 3964 δοῦναι
194 3918 236 3965 τὸν
249 3914 341 3977 Ὀρχὰν
353 3917 393 3964 καὶ
407 3917 448 3965 τόν
461 3916 595 3977 μεγαδοῦκα
608 3917 677 3977 ὁμοῦ.
691 3936 704 3959 ν
714 3915 774 3965 Τόδε
786 3914 910 3971 θκούααςό
924 3916 1039 3977 ναύαρχος
1052 3915 1133 3978 ὤμοσε
1142 3920 1184 3965 τοῦ
1198 3916 1350 3979 ἐλευθερῶσαι
1365 3916 1445 3966 αὐτόν.
1460 3918 1507 3965 Καὶ
1517 3916 1569 3966 τότε
1580 3916 1652 3971 δείξας
1661 3916 1702 3965 τὸν

100 3986 248 4049 μελαρρόρον
260 3985 364 4048 ’Oppium
375 3988 416 4035 καὶ
435 3988 516 4047 μαθὼν
529 3986 565 4035 ὅτι
577 3985 631 4034 κατ’
643 3986 751 4043 ἀλήθειαν
762 3984 850 4041 ἐκεῖνός
861 3986 939 4045 ἐστιν,
949 3986 1050 4047 ἀπέτεμε
1063 3986 1105 4044 τήν
1123 3986 1224 4049 κεφαλήν
1242 3986 1314 4035 αὐτοῦ
1321 4022 1329 4047 ,
1340 3986 1380 4035 τὸν
1389 3986 1415 4034 δέ
1425 3987 1559 4048 μεγαδοῦκα
1572 3990 1649 4042 ζῶντα
1661 3988 1702 4035 καὶ

99 4057 144 4112 τήν
154 4057 255 4116 κεφαλήν
263 4058 306 4104 τού
315 4056 405 4118 Ὀρχὰν
416 4057 494 4106 λαθὼν
508 4057 540 4113 είς
552 4058 594 4106 τὸν
605 4056 710 4120 ἡγεμόνα
720 4056 840 4117 ἀπήγαγεν
852 4056 877 4104 έν
888 4059 923 4116 τῷ
934 4054 1072 4117 Κοαμηδίῳ·
1081 4056 1167 4111 reatae<
1178 4056 1202 4105 δὲ
1216 4059 1250 4118 τῷ
1259 4056 1371 4119 ναυάρχῳ
1383 4056 1536 4119 εὐεργετήσας
1546 4058 1586 4105 καί
1602 4058 1702 4109 πλεῖστα

101 4125 156 4182 δούς
171 4127 293 4176 εἰπιλυσεν.
309 4124 320 4187 ΙΙ
333 4152 364 4162 -
385 4123 475 4190 θελων]
496 4126 532 4176 si'c
544 4140 578 4175 m.
594 4134 617 4187 2,
633 4127 774 4190 βουλόμενος
787 4138 821 4177 m.
841 4131 865 4175 l.
875 4124 970 4176 Deinde
979 4124 1071 4176 inserui
1086 4126 1132 4175 ὃτι.

134 4199 206 4247 LXV.
225 4198 263 4245 De
275 4195 307 4246 iis
323 4208 379 4258 qum
392 4196 417 4245 in
439 4199 513 4259 portu
531 4196 685 4257 acciderunt,
703 4196 810 4260 amplam
821 4194 985 4245 narrationem
1005 4194 1081 4244 habes
1103 4194 1169 4258 apud
1182 4192 1318 4245 Barbarum
1337 4208 1365 4259 ρ.
1381 4201 1411 4246 56
1428 4208 1494 4258 sqq..
1514 4194 1585 4257 cujus
1603 4210 1701 4246 summa

102 4268 229 4320 momente
241 4266 326 4329 paucis
341 4266 548 4329 comprehendere
565 4268 627 4317 satis
640 4268 682 4317 sit.
697 4266 789 4318 classis
799 4267 955 4327 Tuscorum,
965 4278 1021 4328 quae
1034 4264 1067 4315 ad
1081 4264 1185 4314 colonas
1195 4264 1326 4314 stationem
1344 4264 1463 4325 habebat,
1478 4264 1561 4329 paullo
1575 4268 1632 4315 ante
1644 4265 1701 4315 solis

101 4342 187 4390 ortum
205 4350 282 4400 prope
298 4338 398 4400 portum
411 4338 537 4401 apparuit,
549 4335 576 4387 a't
589 4338 703 4401 praelium
717 4336 872 4386 committere
887 4339 914 4386 et
925 4340 1000 4400 rupta
1018 4339 1106 4386 catena
1118 4334 1246 4385 introitum
1265 4334 1311 4384 sibi
1324 4336 1462 4398 patefacere
1482 4348 1531 4385 non
1554 4348 1629 4396 ausa,
1644 4349 1701 4385 mox

101 4410 160 4459 inde
172 4420 198 4457 se
212 4406 316 4455 contulit
325 4406 352 4455 in
365 4406 435 4456 urbis
451 4407 518 4457 latus
540 4406 681 4470 Propontidi
701 4406 846 4464 obversum,
860 4404 903 4454 nbi
919 4406 1002 4455 nautas
1024 4405 1154 4455 interram
1171 4406 1263 4467 egressi
1280 4407 1305 4454 ct
1326 4403 1350 4453 in
1362 4402 1523 4468 direptionem
1534 4405 1604 4455 urbis
1616 4404 1702 4454 diltusi

102 4482 168 4529 sunt.
182 4479 276 4527 interea
289 4489 365 4525 nares
375 4478 512 4527 anoorum
524 4477 691 4541 septuaginta,
705 4489 763 4539 quar
775 4488 820 4539 per
831 4474 917 4524 collem
930 4474 1086 4525 Galatensem
1099 4474 1125 4523 in
1143 4474 1226 4523 cornu
1240 4474 1321 4524 sinum
1334 4473 1485 4524 transductae
1495 4476 1578 4531 erant.
1593 4473 1625 4523 sd
1639 4474 1702 4523 Plra-

102 4562 161 4598 rum
176 4547 217 4608 (et
229 4546 345 4609 Focari)
361 4548 507 4610 appulerunt
520 4546 626 4610 indeque
637 4547 663 4597 in
675 4547 762 4597 urbem
785 4546 932 4608 irrumpunt.
946 4547 1012 4593 Dum
1030 4544 1066 4593 sic
1085 4540 1204 4592 classiarii
1221 4555 1265 4605 per
1277 4541 1366 4593 urbem
1377 4542 1549 4606 disperguntur
1567 4543 1593 4591 ct
1612 4540 1701 4603 predae

102 4617 260 4668 corradendae
270 4616 360 4667 intenti
372 4619 438 4673 sont,
455 4616 533 4678 major
545 4631 601 4681 pars
614 4618 714 4666 narium
725 4616 855 4676 italarum,
870 4629 933 4679 quas
949 4614 1089 4677 singulatim
1104 4612 1225 4663 Barbarus
1240 4614 1361 4675 accenset,
1375 4612 1450 4662 saluti
1469 4624 1521 4662 suas
1537 4609 1700 4668 consulentes,

103 4691 177 4751 rupta
189 4690 276 4738 catena
289 4688 389 4750 portum
403 4686 553 4749 relinquant.
569 4680 607 4735 ci.
625 4688 715 4745 Duces,
726 4700 751 4749 p.
766 4687 820 4743 wi,
838 4689 865 4733 13
879 4702 885 4732 2
898 4686 946 4735 Καὶ
958 4686 1003 4747 γὰρ
1016 4686 1037 4734 εἰ
1049 4685 1091 4733 καὶ
1109 4684 1142 4746 μὴ
1158 4684 1303 4745 ἠσχολοῦντο
1317 4684 1348 4731 τὰ
1364 4684 1437 4731 πλοῖα
1449 4687 1491 4730 τοῦ
1506 4680 1616 4742 τυράννου
1628 4679 1652 4728 έν
1672 4684 1701 4743 ιη

102 4758 191 4821 πραίδᾳ
205 4758 246 4805 καὶ
259 4762 294 4817 τῷ
308 4757 406 4817 σευλμῶ
417 4762 458 4815 τῆς
469 4756 574 4817 πόλεως,
587 4756 750 4816 siniriacum
761 4755 802 4816 μία
812 4755 852 4802 καί
865 4754 944 4817 μόνον.
966 4752 1025 4803 Ἀλλ’
1035 4754 1057 4802 ot
1070 4756 1171 4815 Τοῦρκοι
1183 4752 1276 4813 θρέντες
1288 4753 1318 4801 τὰ
1331 4754 1403 4802 πλοῖα
1415 4750 1499 4805 πάντες
1507 4750 1570 4798 trior
1578 4749 1650 4808 ήσαν,
1659 4752 1702 4797 καὶ

103 4832 127 4876 ot
140 4832 236 4878 Λατῖνοι
250 4826 329 4875 ἄδειαν
345 4826 448 4887 εύρόντις
458 4828 583 4889 ἐξήρχοντο
596 4829 639 4874 τοῦ
648 4826 748 4885 λιμένος.
762 4821 853 4873 Eadem
862 4824 914 4874 scre
925 4821 1133 4885 Chulcoeondylas
1147 4835 1172 4887 p.
1189 4824 1244 4877 400.
1265 4828 1286 4871 t.
1301 4820 1371 4871 Haud
1388 4824 1455 4869 recte
1467 4818 1542 4881 igitur
1560 4816 1702 4869 Critobulus

106 4896 183 4947 italos
199 4896 234 4946 ait
246 4894 374 4959 βιάσασθαι
385 4893 489 4945 classem
502 4897 652 4955 Turcornm,
665 4896 737 4957 mpla
746 4897 832 4943 catena
841 4893 867 4943 in
881 4896 981 4957 portum
990 4892 1133 4955 ingressam.
1150 4888 1258 4951 iteliqnm
1272 4886 1416 4939 narrationis
1433 4885 1495 4935 tides
1506 4887 1534 4935 nt
1547 4888 1698 4944 seruaretur,

104 4964 264 5014 statuendum
282 4964 360 5026 toret,
380 4966 511 5028 postquam
529 4964 585 5013 itali
603 4964 767 5013 discesserant
781 4969 807 5014 et
818 4964 920 5015 turcia
939 4964 1021 5015 trinos
1039 4964 1090 5028 jam
1108 4960 1262 5024 partibusin
1277 4960 1365 5009 urbem
1380 4958 1581 5022 penetraverant,
1599 4958 1700 5019 portum

104 5035 187 5085 denuo
200 5038 287 5085 catena
299 5036 411 5086 clausum
427 5048 482 5086 csse
494 5038 519 5087 et
530 5038 584 5085 turn
599 5034 702 5085 demum
714 5034 878 5097 chimeram,
895 5034 1069 5100 ePropontide
1079 5036 1105 5083 et
1115 5030 1266 5082 meridionali
1280 5029 1350 5079 urhis
1365 5031 1434 5091 parte
1447 5026 1578 5089 reducem,
1599 5026 1624 5076 in
1644 5041 1700 5091 por·

105 5110 161 5154 tom
176 5105 300 5169 irrupisse.
317 5106 389 5164 Quod
402 5119 476 5168 quam
496 5105 621 5170 probabile
634 5105 667 5155 sit
677 5143 683 5165 ,
695 5108 724 5155 tu
735 5105 829 5156 rideas.
848 5108 859 5169 ss
876 5132 907 5143 -
916 5113 968 5163 ταῖς
984 5108 1115 5170 βασιλικαῖς
1126 5100 1224 5167 πύλαις]
1234 5104 1334 5151 Portam
1347 5100 1411 5150 lianc
1424 5099 1609 5169 intracatenam
1627 5098 1701 5150 tuisse

104 5189 120 5225 e
136 5176 262 5227 Critobulo
273 5175 410 5241 colligitur,
421 5176 487 5226 hand
503 5177 574 5240 longe
591 5176 623 5226 ab
638 5189 668 5227 ea
682 5176 758 5227 tuisse
773 5178 803 5227 ad
819 5178 899 5241 ipsura
914 5180 1001 5241 portus
1018 5176 1146 5226 introitum
1157 5174 1258 5237 liquete
1278 5172 1397 5222 Phraates
1412 5182 1436 5233 p.
1453 5174 1506 5232 254,
1520 5169 1562 5221 nbi
1572 5174 1700 5235 postquem

199 5276 340 5313 micaenas
357 5276 452 5313 ιιιτοπ.
469 5276 548 5313 canc.
566 5276 623 5312 ron.
642 5277 667 5314 r.
1534 5258 1547 5303 ⁷
