3809 5859
792 611 1235 780 PRISCUS.

871 916 1152 943 '‘ss-

403 1114 426 1173 l.
452 1114 500 1173 Eli
522 1115 602 1177 ΤΩΝ
625 1120 804 1181 ΠΡΙΣΚΟΥ.

268 1198 484 1264 ΠΟΛΙΟΡΚΙΑ
510 1206 663 1267 ΠΟΛΕΩΣ
684 1209 939 1270 domnorum.

254 1367 361 1449 Οὖιίλιψ
374 1374 388 1429 ὁ
399 1369 483 1428 ποίλαι
497 1370 555 1438 τοὺς
569 1370 695 1440 ‘Potidaea
708 1382 761 1441 τοῖς
775 1373 917 1453 Ῥωμαίοις
931 1377 995 1434 ἐπα-

216 1455 350 1526 ναστήσας
370 1466 422 1524 τοῖς
443 1456 529 1539 ἑῴοις,
555 1461 714 1520 καταλαὸιλιν
739 1462 897 1522 Νοὸίδουνον
917 1461 994 1521 πόλιν

215 1544 280 1624 πρὸς
299 1550 333 1625 τῇ
348 1544 414 1625 ὄχθῃ
436 1549 560 1625 κειμένην
583 1556 628 1607 τοῦ
642 1556 778 1627 ποταμοῦ,
798 1552 869 1620 τινοίς
894 1574 923 1610 τε
936 1555 989 1611 τῶν

215 1635 329 1693 πολιτῶν
342 1635 523 1717 διεχειρήσσιτο
542 1636 588 1695 καί
606 1637 747 1715 σύμπαντα
766 1638 800 1699 τλ
815 1643 842 1699 ἐν
859 1642 899 1721 τῷ
916 1639 992 1697 ἄστει

215 1721 338 1802 ἀθροίσας
353 1724 480 1805 χρήματα
494 1726 668 1809 κατατρέχειν
683 1728 730 1799 τήν
743 1730 858 1810 Θρᾳκῶν
875 1727 920 1787 καὶ
932 1727 991 1789 Ἰλ-

213 1811 310 1887 λυριῶν
324 1814 533 1891 παρεσκευάζετο
548 1813 616 1890 μετὰ
630 1818 681 1873 τῶν
693 1818 850 1896 νεωτερίζειν
865 1816 992 1896 σὺναύτῷ

214 1896 355 1974 ἑλομένων.
370 1902 427 1971 Τῆς
439 1900 466 1959 tl
480 1901 716 1983 περιστησομένης
734 1905 811 1964 αὐτὸν
826 1903 988 1983 πεμφθείσης

214 1986 244 2044 Iu
262 1986 390 2065 βασιλέως
404 1988 556 2068 δυνάμεως,
570 1990 695 2071 τειχήρης
715 1992 852 2069 γενόμενος
869 1991 928 2059 τοὺς
943 2015 991 2050 πο·

213 2074 381 2153 λιορκοῦντας
390 2077 420 2133 ἐκ
433 2080 485 2135 τῶν
497 2077 642 2156 περιὸόλων
656 2078 779 2157 ἠμύνετο,
790 2083 829 2161 ἐρ’
844 2078 903 2140 ὅσον
919 2081 992 2157 αὐτῷ

216 2185 245 2221 τε
260 2163 370 2229 καὶτοῖς
383 2163 448 2244 ἄμφ’
463 2165 540 2224 αὐτὸν
550 2156 593 2226 οἶαί
606 2190 633 2225 τε
647 2157 678 2239 ἦν
692 2176 836 2248 καρτερεῖν·
852 2166 929 2238 ἡνίκα
937 2164 989 2246 γὰρ

215 2251 410 2331 dap-papatem
424 2253 497 2333 πόνῳ
512 2254 636 2334 διαδοχῆς
646 2254 676 2314 τὸ
691 2254 841 2331 Ῥωμαϊκὸν
858 2253 991 2335 μοίχεσθαι

214 2341 325 2414 πλῆθος,
337 2343 362 2407 ἐς
382 2342 428 2409 τὰς
440 2342 558 2412 ἐπάλξεις
575 2342 633 2411 τοὺς
645 2344 741 2412 παῖδας
751 2346 803 2403 τῶν
813 2342 990 2423 αἰχμαλώτων

214 2430 351 2503 ἱστῶντες,
371 2427 419 2501 τήν
440 2433 492 2488 τῶν
518 2428 640 2491 ίναντίων
663 2433 745 2512 βελῶν
769 2436 873 2513 ἐπεῖχον
899 2430 990 2512 φοράν·

214 2516 283 2597 φίλοι
294 2516 441 2599 γλρ[ὅντες]
452 2522 505 2578 τῶν
516 2518 675 2592 Ῥωμαϊκῶν
684 2520 785 2579 παίδων
796 2523 820 2578 οἱ
832 2522 991 2601 στρατιῶται

214 2604 273 2665 οὔτε
286 2605 396 2666 ίὸαλλον
410 2608 454 2666 lad
469 2606 529 2677 τοὺς
542 2608 585 2668 ἐπὶ
599 2613 644 2667 τοῦ
656 2608 757 2688 τείχους
771 2607 830 2667 οὔτε
843 2608 987 2679 ἠκόντιζον,

214 2694 260 2753 καλ
272 2696 353 2763 οὕτως
365 2698 437 2777 αὐτῷ
449 2696 602 2776 τριὸομένου
614 2705 659 2758 τοῦ
673 2698 777 2778 χρόνου,
790 2698 833 2756 ἐπὶ
844 2695 989 2769 ’συνθήκαις

214 2787 231 2852 ἡ
248 2784 386 2863 πολιορκία
403 2786 502 2847 ἐλύετο.

1258 1154 1280 1203 1.
1292 1155 1311 1203 E
1326 1156 1429 1207 PIIISCI
1446 1160 1613 1211 HISTORIIS.

1281 1244 1408 1294 ouslolo
1427 1248 1594 1299 uovibuui.

1082 1400 1179 1465 valips,
1200 1402 1244 1465 qui
1264 1404 1324 1455 olim
1341 1405 1427 1457 ltubos
1446 1408 1578 1473 (depost)
1596 1413 1692 1461 eontra
1717 1413 1859 1462 Ramnes

1048 1486 1180 1537 orientales
1189 1488 1358 1551 excitaverat,
1377 1492 1506 1544 ltortduno
1519 1494 1610 1559 oppido
1629 1497 1760 1560 colapis
1782 1498 1856 1547 tlurii

1049 1572 1110 1637 rium
1125 1574 1253 1639 adjacente
1273 1576 1376 1641 potitus,
1394 1580 1487 1631 civium
1504 1582 1637 1633 nonnullos
1661 1584 1809 1634 interiecit
1828 1591 1855 1634 el

1049 1662 1160 1715 collectis
1170 1665 1351 1731 omnibusque
1362 1667 1386 1716 iu
1400 1669 1491 1733 oppido
1500 1676 1571 1722 eraut
1580 1673 1711 1736 pecuniis,
1726 1674 1759 1723 iu
1770 1676 1853 1724 Thra

1047 1765 1106 1803 cum
1117 1756 1143 1803 et
1153 1754 1294 1817 lllyriorum
1310 1759 1390 1806 terras
1405 1757 1557 1810 iuvasionem
1578 1762 1690 1825 parabat
1710 1777 1773 1812 una
1789 1778 1851 1813 τσιι

1046 1841 1078 1891 iis
1091 1842 1134 1906 qui
1147 1856 1205 1893 cum
1218 1843 1274 1907 ipso
1292 1857 1332 1894 res
1350 1858 1428 1896 noras
1440 1848 1613 1899 moliebantur.
1639 1849 1736 1900 bssssis
1753 1856 1848 1901 autera

1047 1932 1125 1997 copiis
1137 1933 1211 1997 regiis
1220 1947 1277 1997 quae
1287 1934 1321 1984 ad
1327 1935 1478 1987 deditionem
1489 1952 1547 1988 eum
1560 1940 1765 2003 compellerent,
1779 1955 1847 1991 rne-

1047 2019 1121 2070 uibus
1136 2020 1220 2085 oppidi
1233 2021 1343 2073 inclusus
1359 2024 1501 2075 obsidentes
1515 2039 1529 2075 e
1547 2025 1716 2077 munimentis
1733 2028 1847 2077 arcebat

1048 2106 1100 2153 un
1118 2102 1163 2153 (liu
1180 2104 1242 2154 dum
1253 2104 1302 2169 ipsi
1312 2106 1436 2170 melleque
1448 2108 1516 2157 vires
1528 2110 1714 2173 suppetebant:
1729 2111 1843 2161 tandem

1047 2206 1107 2243 aero
1120 2207 1198 2257 quum
1205 2195 1285 2246 labori
1303 2209 1347 2259 per
1358 2198 1526 2249 successiones
1543 2198 1693 2250 sustinendo
1706 2201 1842 2265 impares.

1047 2281 1080 2331 ab
1090 2282 1260 2345 oppugnandis
1268 2284 1436 2335 Romanorum
1448 2286 1525 2350 oopiis
1534 2285 1697 2348 destiterunt,
1709 2288 1843 2351 impetum

1047 2368 1155 2418 telorum
1172 2368 1301 2419 hostilium
1314 2382 1345 2419 eo
1362 2371 1534 2421 continuerunt
1545 2371 1614 2433 quod
1634 2371 1705 2422 lilios
1725 2374 1845 2435 captivo-

1046 2470 1102 2506 rum
1116 2456 1142 2505 iu
1153 2456 1234 2521 pinnis
1245 2458 1365 2508 maenium
1376 2457 1540 2519 oollooamnt;
1553 2458 1645 2509 milites
1658 2461 1731 2509 enim
1745 2475 1841 2524 putans

1045 2546 1168 2595 Romanos
1177 2545 1203 2594 iu
1213 2558 1285 2595 muro
1295 2548 1401 2607 stantes,
1413 2547 1501 2610 utpote
1511 2546 1622 2610 ipsorum
1632 2547 1744 2612 amieos,
1757 2562 1842 2611 αιαριιε

1047 2632 1144 2698 sagittis
1157 2646 1238 2697 neque
1251 2632 1341 2697 jaculis
1352 2628 1522 2697 petebant'llt
1536 2635 1571 2684 sic
1583 2648 1662 2697 quum
1678 2640 1788 2699 ternpus
1796 2638 1835 2687 te—

1048 2726 1154 2781 reretur,
1169 2722 1199 2771 ad
1214 2725 1340 2784 pactores
1354 2720 1454 2771 deuenit
1467 2726 1494 2772 et
1504 2721 1602 2772 obsidio
1615 2722 1700 2773 soluta
1711 2727 1768 2777 ut.

246 2962 323 3011 Prisci
329 2962 464 3026 fragmenta
473 2962 523 3015 duo
535 2963 647 3028 leguntur
663 2964 688 3014 in
699 2964 754 3015 cod.
769 2964 846 3015 Paris.
860 2967 905 3013 uol
923 2962 1003 3025 suppl.
1023 2962 1064 3012 lol.
1084 2964 1114 3011 93
1131 2974 1155 3009 r.
1173 2959 1216 3010 liu.
1230 2964 1245 3009 ³
1259 2986 1290 3000 -
1303 2958 1346 3009 lol.
1360 2962 1391 3009 91
1405 2973 1430 3009 ι.
1450 2959 1493 3009 liu.
1509 2964 1532 3008 1.
1549 2958 1692 3009 Novioduni
1704 2962 1734 3008 et
1748 2960 1836 3009 Naissi

214 3028 353 3081 obsidiones
366 3045 380 3081 e
392 3032 472 3096 primo
482 3032 646 3083 ilistoriarum
654 3035 719 3085 libro
728 3034 811 3099 petite
821 3046 878 3083 esse
888 3031 987 3083 debent.
1000 3033 1102 3081 Naissus
1110 3030 1142 3079 ab
1149 3029 1245 3109 Hunuis
1254 3032 1325 3109 capta
1338 3032 1378 3080 est
1390 3043 1430 3080 au.
1441 3034 1484 3079 tlt
1498 3044 1524 3095 p,
1533 3032 1573 3090 c..
1588 3042 1627 3079 au.
1638 3032 1669 3078 31
1681 3028 1831 3111 theodum

215 3102 280 3161 cyro
298 3102 350 3151 solo
370 3102 479 3163 consule,
494 3106 523 3153 ut
537 3104 646 3154 adhunc
661 3119 753 3157 auruum
768 3105 856 3169 legitur
867 3100 893 3151 in
910 3100 1031 3151 Chronico
1043 3098 1177 3171 blaroelliur
1191 3099 1294 3149 comilis
1312 3118 1320 3147 ι
1337 3102 1499 3149 Hunnorum
1511 3110 1753 3181 reperere-merome
1763 3112 1831 3147 suso·

215 3184 274 3221 mana
297 3184 358 3221 cum
372 3174 486 3223 mtttibus
498 3178 527 3223 ιιι
538 3176 677 3238 lllprtcum
690 3179 843 3235 irruerunt‚·
859 3173 1002 3233 Nutasam,
1015 3172 1191 3235 stupiduaam
1209 3170 1332 3233 altosque
1349 3170 1632 3253 clattotesopptctapye
1645 3170 1754 3233 [αρσια
1763 3169 1830 3234 pls·

214 3243 285 3289 rimo
305 3240 590 3307 accelerantissime
608 3244 692 3295 Prisco
709 3244 824 3295 novimus
839 3244 903 3295 iuter
917 3240 979 3292 alias
996 3243 1050 3292 illas
1060 3241 1134 3305 hujus
1151 3243 1246 3290 tractus
1262 3240 1375 3291 deitates
1388 3240 1466 3291 luisse
1485 3243 1650 3322 Viminacium
1664 3243 1694 3290 et
1708 3242 1827 3304 Margania

215 3310 306 3373 (Prisc.
322 3310 352 3360 tr.
364 3311 395 3373 2)
408 3316 434 3361 et
450 3314 582 3363 RatiarIam
592 3314 637 3378 (lr.
651 3316 689 3377 3).
704 3318 792 3378 ltaque
804 3315 835 3366 de
847 3311 993 3365 Novioduno
1006 3312 1112 3363 narratio
1119 3315 1176 3361 aule
1185 3310 1271 3373 anagn.
1281 3316 1305 3371 2,
1320 3311 1399 3360 Naissi
1412 3309 1506 3361 obsidio
1516 3310 1678 3373 probabiliter
1689 3312 1750 3371 pm
1761 3310 1825 3359 lus

214 3380 240 3429 in
250 3380 336 3445 snagan.
352 3381 409 3432 bist.
421 3387 482 3433 lom.
495 3388 510 3434 l
523 3398 548 3448 p.
559 3390 589 3435 72
604 3385 750 3435 collocandae
764 3389 830 3436 sunt.
1494 3452 1501 3463 Ι

246 3452 341 3509 Πόλεως
361 3453 516 3518 usstandan]
529 3472 559 3503 ιι.
579 3456 697 3505 σιἰιδουναι
717 3454 803 3506 codex.
818 3457 951 3517 Excerptor
970 3454 995 3505 iu
1012 3454 1084 3505 titulo
1097 3452 1192 3503 dededt
1204 3453 1336 3511 λῦιοούνου,
1352 3466 1431 3516 mum
1449 3452 1475 3503 iu
1493 3465 1548 3516 apso
1568 3452 1706 3515 fragmento
1723 3450 1825 3513 legatur

214 3524 355 3571 ιαταλτὸὼν
375 3524 506 3586 adiciamus,
523 3524 591 3587 quod
607 3525 768 3589 depravatum
789 3539 820 3575 ex
842 3526 992 3575 Notiiauvov.
1005 3526 1119 3575 Similiter
1136 3524 1162 3573 iu
1178 3522 1286 3574 mundo
1304 3524 1440 3587 tragmeuto
1454 3522 1531 3572 liabos
1549 3524 1591 3581 τήν
1611 3530 1698 3571 amoos
1718 3535 1766 3584 pro
1782 3525 1826 3580 τήν

214 3592 330 3643 Νοιῑσσὸν.
349 3596 378 3643 ln
393 3594 527 3644 Ptolemaeo
547 3600 570 3653 2,
587 3600 623 3653 15,
638 3598 687 3658 tp.
700 3600 753 3657 tol,
770 3598 798 3645 13
819 3592 909 3657 Wilbg.
924 3595 1022 3645 codices
1035 3594 1145 3658 probant
1158 3595 1335 3652 Ναινοίδοιινον,
1350 3596 1506 3646 Νοουίδουιοι
1515 3598 1541 3643 et
1555 3593 1709 3653 Nabidem,
1719 3592 1823 3673 meru-

214 3674 263 3723 que
275 3664 404 3728 scripturae
415 3664 520 3715 uarietas
530 3664 586 3715 alibi
598 3665 677 3715 obvia¹
690 3666 803 3716 ceterum
812 3663 985 3714 Nouiodunum
996 3668 1082 3713 nostro
1096 3664 1150 3713 lom
1165 3677 1215 3714 uou
1224 3667 1263 3714 est
1273 3664 1369 3714 lloedae
1381 3664 1503 3714 interioris
1522 3662 1584 3711 urbs
1593 3664 1601 3726 (
1610 3661 1636 3711 in
1649 3676 1706 3712 earu
1724 3664 1820 3711 scilicet

214 3734 337 3797 regionem
348 3738 403 3785 tum
412 3736 529 3799 temporls
544 3737 626 3786 llunni
639 3735 750 3786 nondum
763 3734 974 3799 penetraverant),
987 3735 1031 3785 sed
1042 3734 1175 3783 Pannoniae
1188 3734 1329 3798 superioris.
1348 3734 1489 3785 &cundum
1502 3732 1613 3783 itinerar.
1625 3746 1651 3795 p.
1666 3736 1715 3814 αρν
1730 3737 1757 3781 et
1772 3734 1825 3781 Ta·

214 3802 297 3853 bulum
316 3806 427 3869 Peutiug.
444 3804 520 3857 situm
542 3806 658 3869 oppidum
679 3809 732 3855 erat
751 3806 794 3855 ubi
808 3819 874 3855 nuno
890 3808 929 3855 est
938 3804 1074 3869 Nour'prod
1089 3804 1122 3854 ad
1135 3805 1223 3867 Kalpe
1238 3804 1354 3863 durium,
1371 3808 1401 3855 nt
1415 3809 1481 3855 recte
1496 3805 1638 3853 statuerunt
1653 3802 1820 3864 borchardus,

213 3876 363 3936 Mamertus,
376 3876 596 3940 ltiepertus.llabd
605 3880 671 3927 reete
680 3877 731 3936 alii,
745 3880 774 3926 ut
782 3880 897 3937 deunce,
908 3876 1030 3937 nauehu..
1040 3876 1161 3936 Μετιλίου,
1171 3876 1342 3925 Nouiodunum
1352 3890 1410 3926 curu
1417 3875 1534 3926 hodierno
1549 3871 1679 3955 dacrlsctd
1689 3872 1820 3923 adSarnm

214 3943 240 3993 ll.
259 3944 308 3995 sito
329 3950 486 4010 componunt.
501 3947 512 4011 11
530 3974 562 3983 -
580 3946 680 4011 Obila-t]
694 3946 740 3996 Vir
754 3944 852 3996 aliunde
868 3960 916 3995 nou
936 3947 1017 3997 notus.
1034 3946 1118 3996 Fuerit
1132 3960 1196 3995 uuus
1205 3959 1236 3996 es
1252 3949 1385 3996 multarum
1397 3947 1508 4009 gentium
1520 3943 1619 4023 ιοχὼυε
1628 3956 1672 4005 qui
1682 3942 1731 3991 sub
1741 3944 1820 3992 Attila

212 4016 238 4065 et
251 4014 881 4081 Β1ει1υΙϋχιίουωᾱερορωιλωιῐυτ.11-Ῥούὅους]
893 4016 1019 4066 Ruborem
1028 4020 1124 4081 gentem
1132 4029 1253 4079 nusquam
1262 4016 1351 4065 iuueni.
1363 4015 1484 4066 Fortassis
1492 4014 1581 4094 aliquus
1594 4011 1713 4061 mabam
1723 4013 1821 4075 (daut)

213 4083 282 4132 duvii
298 4085 392 4135 accolas
403 4086 538 4152 intelligere
556 4088 670 4139 voluerit.
684 4090 735 4151 Ego
746 4087 875 4151 legendum
887 4100 943 4138 esse
958 4098 1047 4136 censeo
1057 4085 1176 4146 Ῥούγοος.
1192 4088 1258 4147 llupt
1276 4087 1396 4135 vocantur
1407 4099 1438 4150 ap
1456 4084 1526 4135 Paul.
1544 4086 1645 4132 nacon.
1663 4087 1683 4138 1,
1697 4087 1720 4142 1,
1737 4088 1770 4133 eu
1793 4090 1819 4133 et

214 4152 363 4204 Joruaudem
386 4156 412 4205 iu
425 4157 503 4209 Getio.
520 4164 559 4216 σο,
573 4162 612 4219 58,
627 4157 760 4219 543‘Pipoa
774 4169 815 4222 ap.
831 4160 932 4221 Procop.
951 4158 979 4205 B.
998 4154 1073 4204 Gotb.
1089 4162 1113 4214 2,
1125 4159 1148 4204 t.
1168 4160 1191 4217 3,
1211 4157 1329 4217 231lupti
1345 4155 1371 4205 in
1387 4155 1464 4204 Tacit.
1493 4156 1576 4235 Genu.
1595 4157 1639 4212 τις
1663 4154 1818 4235 'Perpetem

216 4224 373 4284 (Ρουτίιιλειοι
390 4226 472 4290 codd.)
484 4241 522 4290 ap.
538 4229 638 4279 Ptolem.
652 4236 676 4291 1,
692 4233 729 4291 1ο,
738 4242 763 4292 p.
778 4232 830 4288 151,
846 4234 861 4279 9
875 4227 915 4278 ed.
928 4226 1110 4289 Willp‘mpa
1125 4240 1165 4290 ap.
1179 4229 1267 4278 toauu.
1282 4226 1395 4275 nuuocb.
1408 4227 1439 4276 tr.
1458 4229 1513 4275 tlt.
1524 4225 1590 4274 Olim
1604 4224 1637 4275 ad
1647 4237 1719 4273 oram
1729 4238 1815 4306 oouanr

213 4294 352 4345 Germanici
370 4294 435 4347 iuter
448 4297 567 4349 viadrum
585 4302 611 4349 et
623 4298 744 4349 vistulam
766 4296 937 4348 consederunt.
953 4297 1016 4347 ilinc
1031 4297 1057 4345 iu
1069 4296 1225 4347 Dauubieuas
1237 4296 1358 4359 regiones,
1372 4295 1440 4345 baud
1452 4298 1550 4345 constat
1570 4308 1620 4359 quo
1632 4297 1752 4357 tempore,
1768 4310 1816 4345 am·

212 4366 362 4431 unigraruut;
377 4372 545 4417 memorantur
554 4370 619 4420 euim
633 4370 698 4419 iuter
713 4369 796 4419 Attilae
804 4366 994 4432 copiastsidou.
1005 4366 1107 4430 apollin.
1122 4370 1239 4431 Panegyr.
1252 4367 1277 4417 iu
1290 4366 1425 4417 Avitumr.
1436 4368 1501 4427 ³19),
1514 4369 1540 4416 et
1550 4368 1720 4429 postmortem
1734 4364 1817 4415 atoue

212 4438 278 4502 1153)
292 4435 323 4486 ad
338 4436 436 4488 boreale
449 4438 553 4489 Danubii
572 4440 631 4491 litus
644 4440 669 4489 in
683 4438 801 4491 hodierna
819 4440 919 4489 nustria
929 4442 957 4490 et
972 4436 1077 4501 ungaria
1088 4437 1211 4501 regionem
1224 4436 1546 4499 tcueuautquevocabatur
1555 4436 1694 4519 martana:
1706 4438 1816 4516 l’3blau·

212 4510 274 4557 liert.
290 4510 350 4557 lom.
366 4512 390 4569 3,
401 4520 425 4571 p.
437 4512 491 4558 340.
505 4511 594 4559 Postea
606 4513 619 4559 t
630 4513 711 4569 Ζήνων
722 4513 776 4575 πρὸς
785 4512 823 4559 τὸν
834 4510 962 4573 'otmense
977 4510 1004 4559 τὸ
1016 4513 1064 4557 τῶν
1077 4510 1177 4569 ‘Pupius
1190 4511 1335 4567 ἐπανίστησι
1355 4513 1428 4571 γένος,
1445 4511 1475 4557 ut
1490 4508 1566 4557 refert
1579 4509 1686 4556 Ioannes
1696 4507 1808 4587 Antaocb.

213 4579 244 4627 lr.
258 4584 312 4629 214.
331 4578 342 4641 ΙΙ
355 4604 384 4614 -
394 4584 435 4627 τοῦ
449 4580 565 4643 ποταμοῦ]
585 4584 647 4631 Ante
668 4588 774 4643 ποταμοῦ
796 4579 917 4629 excidisse
927 4580 1027 4630 uidetur
1039 4578 1167 4635 Κολάτεως
1185 4580 1225 4629 rel
1245 4579 1349 4629 tortasse
1367 4579 1488 4634 Κολάτου,
1503 4578 1617 4640 quamvis
1635 4578 1699 4626 hanc
1713 4590 1813 4657 nominis

214 4649 319 4698 l'ormam
331 4648 428 4698 aliunde
447 4650 545 4698 lirmare
556 4664 684 4714 nequeam.
704 4650 842 4699 Hodiernus
858 4650 946 4711 d'utpn
963 4649 1055 4699 tluvius
1074 4650 1138 4712 apud
1156 4649 1309 4700 Herodotum
1327 4652 1415 4713 Κάρπις
1434 4649 1520 4707 audit,
1542 4647 1609 4711 apud
1621 4647 1749 4710 'sequioris
1767 4661 1815 4696 serr

215 4719 348 4782 scriptores
360 4720 475 4779 Κάλατιις,
487 4720 601 4782 titianae,
617 4721 707 4783 Κόλοψ.
723 4720 779 4770 uid.
792 4724 841 4769 aiut.
859 4720 898 4769 ad.
911 4720 1024 4770 Strabou.
1039 4734 1062 4783 p.
1078 4726 1138 4782 lul,
1153 4728 1166 4770 2
1179 4725 1205 4771 et
1217 4721 1243 4770 in
1256 4720 1349 4771 lodice.
1363 4734 1388 4783 p.
1405 4723 1451 4769 uua
1469 4718 1509 4770 od.
1524 4718 1606 4768 Didot.
1622 4718 1634 4781 11
1650 4744 1682 4753 -
1695 4734 1813 4797 sapaces]-

215 4792 316 4851 σαμένης
329 4790 409 4855 αὐτὸν]
423 4808 449 4839 π.
461 4790 538 4839 αὐτῶν
551 4789 639 4841 codex.
652 4790 735 4840 Possis
753 4790 827 4839 elium
842 4788 949 4839 scribere
963 4791 1044 4847 αὐτήν.
1065 4788 1075 4853 ΙΙ
1090 4792 1200 4855 τειχήρης
1219 4789 1352 4853 γενόμενος]
1366 4807 1457 4855 τειχρης
1474 4789 1532 4849 (εἰσ)
1549 4791 1683 4868 γενομένης,
1700 4793 1812 4850 appositas

214 4860 290 4910 literis
313 4878 336 4911 οι
355 4876 429 4927 supra
444 4880 493 4923 νης,
509 4861 599 4925 quibus
614 4860 836 4912 iudicanturvariae
853 4860 995 4911 lectiones:
1012 4862 1263 4923 τειχήροοςγενομένης
1279 4863 1304 4911 et
1320 4864 1435 4925 τειχήρεις
1445 4858 1576 4922 γινόμενοι.
1597 4860 1661 4937 ilinc
1681 4871 1728 4943 sua
1742 4857 1812 4906 babet

212 4932 300 4981 Suidas
319 4950 324 4981 :
340 4935 376 4982 Te
386 4934 504 4997 ιχήρης,
516 4934 695 4998 τετειχισμένας.
710 4954 721 4977 a
738 4934 844 4995 τειχήρης
859 4930 900 4981 οὖν
910 4931 1033 4994 γενόμενος
1044 4931 1098 4987 τοὺς
1105 4935 1286 4998 πολιορκοῦντας
1300 4932 1348 4980 ἀπὸ
1363 4931 1400 4993 (ἐκ
1411 4931 1477 4989 exc.)
1486 4934 1533 4977 τῶν
1543 4929 1672 5008 samiolum
1683 4942 1779 4989 ημυνετο
1789 4947 1814 4985 ιι,

214 5002 263 5049 ἀντὶ
272 5008 315 5051 τοῦ
326 5004 385 5052 εἰσω
400 5011 494 5067 τειχῶν.
505 5004 586 5068 Vulgo
595 5004 684 5069 legitur
699 5023 705 5052 :
718 5004 839 5067 τειχήρεις·
855 5003 1049 5065 τετειχισμένους.
1066 5022 1077 5045 ι
1091 5005 1205 5067 τειχήρεις
1220 5003 1262 5053 οὖν
1271 5004 1417 5064 γενομένους.
1426 4998 1499 5059 Quod
1509 5012 1555 5062 ogo
1563 4997 1629 5051 deda.
1641 4996 1692 5045 aluo
1704 4996 1812 5080 praebunt

213 5072 309 5121 codices
324 5073 481 5138 Bernhardpi.
498 5074 508 5139 11
527 5106 557 5118 -
575 5078 602 5125 τὸ
614 5075 746 5137 ‘l’npatabs
763 5072 891 5137 μάχεσθαι]
902 5071 987 5121 malim
1005 5074 1126 5137 evulgari
1137 5073 1233 5124 (licendi
1243 5088 1291 5123 usu
1302 5094 1308 5121 :
1321 5074 1378 5134 πρὸς
1387 5073 1415 5120 τὸ
1429 5074 1489 5135 top.
1504 5089 1528 5132 μ.
1544 5068 1584 5118 uel
1593 5074 1628 5129 τῷ
1641 5068 1767 5129 ‘Papulae
1782 5083 1812 5125 μ.

213 5143 302 5205 πλήθει,
316 5154 465 5207 quamquam
479 5144 537 5195 terri
548 5147 629 5209 potest
644 5144 750 5209 uulgata.
765 5142 776 5207 11
793 5168 823 5177 -
845 5140 918 5205 ὄντες]
932 5146 989 5205 post
1008 5156 1034 5191 ν.
1058 5145 1122 5206 pilae
1142 5144 1243 5197 inserui.
1259 5144 1270 5207 11
1286 5170 1317 5181 -
1334 5146 1350 5200 ἡ
1371 5140 1504 5206 πολιορκία]
1526 5136 1780 5201 testamentode.

983 5234 1023 5291 il
