3809 5859
231 349 298 420 ‚148

236 478 313 558 μέρος
323 478 459 538 κατέσεισε
471 476 528 543 ταῖς
542 484 676 555 μηχαναῖς
689 476 737 537 καί
749 475 907 554 κατέόαλεν,
919 474 1011 535 ἐπειτα

235 566 448 645 παρεσκευάζετο
479 564 554 642 πάσῃ
587 563 696 639 δυνάμει
729 561 891 644 προσδαλεῖν
925 565 1009 643 αὐτῷ.

238 654 274 733 (ο)
315 658 352 714 Οἱ
366 654 392 713 δέ
406 652 476 721 ἐντδς
491 657 538 710 τοῦ
551 651 643 718 ἄστεος
662 655 773 732 δρῶντες
785 652 857 712 τότε
876 651 945 711 πολὺ
963 657 1009 709 τοῦ

237 743 339 823 τείχους
352 742 561 822 κατερριμμένον
575 741 622 799 καὶ
641 742 685 801 τδν
698 740 810 819 βασιλέα
822 738 882 799 όοον
897 743 944 799 οὐκ
955 739 1006 811 ήδη

237 831 441 912 προσύαλοῦντα
459 832 548 895 αὐτοῖς
561 831 693 909 ἰσχυρῶς,
710 828 756 888 καί
768 826 899 894 δείσαντες
913 827 950 903 μὴ
966 828 1010 905 βίᾳ

238 918 378 999 ληφθέντες
401 925 455 983 τοῖς
474 914 566 983 ὅπλοις
586 916 757 989 ἀπόλωνται,
777 914 1010 995 ἐπικηρυκεύονται

235 1009 322 1089 κρύφα
344 1008 480 1086 τοῦσφῶν
502 1004 628 1082 ἡγεμόνος
651 1008 690 1085 τῷ
722 1006 844 1084 βασιλεῖ,
868 1002 1010 1069 ἐνδιδόντες

238 1093 346 1163 έαυτοίις
359 1093 405 1153 καὶ
424 1093 454 1153 τδ
467 1093 545 1154 άστυ.
567 1092 601 1153 Ὁ
619 1092 646 1151 δέ
667 1093 766 1152 τούτων
789 1088 896 1170 ἡγεμών
921 1092 1009 1149 αἰσθό-

238 1206 315 1260 μενος
333 1188 427 1255 τοῦτο,
448 1183 538 1253 νυκτὸς
562 1179 649 1241 λαθών
674 1179 808 1261 ἐξέρχεται
830 1187 876 1239 τοῦ
893 1180 1005 1256 ἄστεος,

235 1272 321 1353 λάθρα
343 1268 435 1354 φυγάς.
456 1272 492 1329 Oi
513 1268 541 1327 δί
563 1271 610 1327 τοῦ
627 1268 805 1348 στρατοπέδου
820 1268 868 1338 τήν
891 1266 1012 1346 φυλακήν

239 1360 360 1439 ἰχοντες,
372 1357 476 1437 γνόντες
486 1363 579 1417 τοῦτον
593 1356 803 1417 καταδιώκουσιν
825 1358 949 1435 ἰσχυρῶς,
965 1354 1011 1415 καί

239 1446 433 1514 καταλαόόντες
452 1450 580 1525 ζωγροῦσι
598 1446 643 1503 καί
665 1445 811 1518 ἀπάγουσιν
830 1448 866 1509 ώς
885 1444 1008 1521 βασιλέα.

238 1532 274 1595 ‘0
288 1533 317 1593 δέ
330 1537 423 1590 τοῦτον
439 1532 511 1599 εθθίνς
526 1532 686 1592 ἀπέκτεινεν.
729 1533 761 1609 (ν)
775 1535 811 1591 Οἱ
825 1532 853 1591 δέ
866 1536 913 1590 τοῦ
921 1532 1012 1598 ἄστεος

239 1621 384 1691 ἐξελθόντες
404 1621 594 1701 παραδιδόασιν
609 1618 715 1686 ἑαυτούς
728 1642 756 1677 τε
771 1619 816 1677 καὶ
837 1619 868 1679 τδ
888 1618 958 1677 άστυ
972 1621 1011 1697 τῷ

238 1710 356 1789 βασιλεῖ·
365 1707 411 1769 καὶ
420 1708 447 1774 θς
457 1708 562 1787 δέχεται
573 1707 680 1773 τούτους
694 1706 812 1786 ἡμέρως,
823 1705 869 1765 καί
885 1706 1010 1785 δωρησά-

237 1796 484 1877 μενσςπολυτρόπως
496 1796 599 1857 δίδωσιν
608 1799 695 1863 αὐτοῖς
706 1799 835 1855 κατοικεῖν
849 1795 879 1854 τὸ
887 1795 955 1854 ἄστυ
968 1796 1010 1864 ξὺν

236 1885 337 1966 γυναιξὶ
349 1886 395 1945 καί
411 1886 510 1951 τέκνοις
524 1886 570 1944 καί
590 1886 644 1949 τοῖς
658 1884 806 1962 θπάρχουσι
820 1892 886 1941 πᾶσι
899 1885 951 1949 σῶς
966 1886 1011 1941 καὶ

237 1977 325 2035 κακῶν
363 1975 483 2045 ἀπαθεῖς,
504 1974 548 2033 τδν
572 1972 666 2045 ξυνήθη
698 1974 836 2049 μέντοιγε
860 1971 906 2029 καί
930 1968 1010 2045 μόνον

239 2060 341 2141 δασμδν
377 2061 556 2141 άπορέροντας
583 2060 705 2133 ἐτησίως.
737 2060 788 2139 (1ο)
824 2059 901 2119 Μετίι
934 2063 1011 2118 τοῦτο

238 2150 374 2231 ἐσέρχεται
394 2150 440 2210 καὶ
464 2149 539 2217 αύτδς
560 2153 585 2217 ἐς
607 2149 637 2208 τὸ
659 2148 726 2207 άστυ
755 2148 800 2206 καὶ
825 2152 916 2206 θεᾶται
936 2151 1012 2206 τοῦτο

237 2238 405 2312 καλῶς,καί
425 2238 510 2306 ἔδοξεν
534 2240 606 2318 αύτῷ
625 2236 695 2295 πάνυ
715 2236 836 2317 ἰσχυρόν,
857 2234 904 2294 καί
927 2236 1011 2312 ἀναγ-

238 2327 303 2386 καία
316 2331 334 2398 ἡ
349 2326 442 2386 τούτου
456 2327 619 2405 κατάσχεσίς
636 2350 666 2385 τε
681 2325 726 2383 καί
740 2324 864 2404 φυλακὴ,
879 2321 925 2381 καὶ
944 2321 1011 2401 πρὸς

237 2414 282 2473 τὸν
296 2414 466 2497 προκείμενόν
480 2417 504 2472 οἰ
525 2409 622 2474 σκοπὸν
644 2413 743 2493 σφόδρα
765 2410 909 2491 χρήσιμος·
923 2414 1009 2469 κεῖται

240 2503 291 2582 γάρ
307 2505 334 2562 ἐν
347 2503 474 2583 ἐπικαίρῳ
487 2507 533 2573 τῆς
545 2501 652 2581 χώρας,
666 2502 760 2581 δμορον
775 2498 805 2559 δν
823 2505 856 2581 τῇ
872 2498 1009 2569 Παιόνων,

235 2591 282 2651 καί
299 2592 407 2652 δύναται
421 2591 547 2672 στρατιδν
566 2590 705 2670 δεχόμενον
716 2588 809 2659 ἱκανήν
823 2588 927 2665 μεγάλα
947 2588 1013 2666 βλά-

237 2702 311 2738 πτειν
326 2678 420 2749 αύτὴν.
465 2678 514 2757 (11)
528 2677 579 2737 Διδ
596 2682 673 2735 τοῦτο
686 2680 731 2735 καὶ
745 2674 874 2755 προύργου
889 2676 937 2745 τήν
948 2675 1011 2733 τού-

238 2792 284 2827 του
305 2767 466 2846 κατάσχεσιν
489 2771 503 2825 δ
526 2764 648 2846 βασιλεὺς
674 2766 803 2824 ἐποιεῖτο·
823 2763 938 2844 φρουράν
964 2753 1008 2821 οῦν

241 2854 335 2927 ἱκανήν
348 2856 547 2931 ἐγκαταστήσας
562 2856 636 2935 αὐτῷ
648 2853 695 2913 καί
716 2852 880 2934 φρούραρχον
896 2851 942 2910 ἕνα
958 2855 1009 2909 τῶν

239 2944 341 3003 οἰκείων
362 2941 535 3019 καταλιπών,
558 2940 606 3014 τὴν
625 2942 751 3021 στρατιάν
771 2940 911 3000 ιἰναλαύὼν
933 2940 1010 3006 αὐτὸς

240 3032 283 3091 ἐπί
301 3029 336 3090 τθ
349 3030 429 3090 λοιπδι
445 3034 490 3101 τῆς
501 3030 591 3110 χώρας
604 3028 747 3109 ἐτράπετο,
761 3028 808 3087 καί
821 3028 882 3109 πρὶν
896 3027 927 3087 τθ
939 3027 1012 3107 θέρος

238 3119 299 3178 δλον
313 3118 429 3192 ἐξήκειν,
446 3117 656 3197 καταστρέφεται
669 3126 757 3175 πᾶσαν
771 3118 818 3185 τὴν
828 3116 952 3194 Πόστρων
966 3116 1011 3175 καὶ

239 3208 390 3283 λαλματῶν
409 3206 454 3263 καί
469 3205 586 3276 ληίζεται
599 3204 644 3262 καί
656 3210 789 3283 χειροῦται
807 3204 919 3285 φρούρια
932 3202 1013 3283 ὀλίγῳ

239 3293 343 3351 ἐλάσσω
364 3291 538 3371 τριακοσίων,
564 3289 740 3367 ξυλλαμύάνει
765 3292 791 3349 δὲ
813 3292 857 3350 καί
885 3289 1013 3372 τέσσαρας

240 3384 292 3438 τῶν
313 3384 394 3451 αύτῆς
408 3379 550 3457 ἡγεμόνων.

279 3469 358 3529 xvi.
381 3472 438 3529 Τοῦ
453 3469 476 3525 δ’
494 3470 573 3527 αὐτοῦ
592 3465 680 3545 θέρους
697 3467 742 3525 καί
759 3465 861 3527 Ἐνετοί
884 3465 1011 3533 λύσαντες

242 3556 288 3622 vie
314 3555 382 3633 μιτθ
415 3555 542 3635 βασιλέως
565 3556 693 3625 σπονδὰς,
726 3555 841 3631 πόλεμον
872 3554 1012 3633 ἐξήνεγκαν

242 3646 323 3722 αύτῷ,
334 3645 435 3723 ἔχοντες
447 3642 603 3721 ἐγκλήματα
618 3644 650 3699 δι’
665 3642 751 3708 αἰτίας
764 3644 880 3701 τοιάσδε.
892 3643 918 3701 Ἀ
925 3644 1011 3723 μοίρης

239 3732 290 3812 γάρ
316 3736 331 3789 θ
352 3731 552 3804 Πελοποννήσου
578 3730 689 3801 καὶτῆς
717 3730 798 3803 ἄλλης
814 3730 942 3799 Ἑλλάδος
962 3754 1010 3789 σα-

568 400 572 408 .
593 400 599 409 .
649 342 851 407 ‚GRHOBULI
871 340 1134 405 HISTORIARUM
1154 342 1226 403 ΠΒ.
1249 340 1299 415 IV,
1320 342 1426 408 teto.

1067 475 1181 554 τράπης,
1196 476 1227 533 ἐκ
1247 474 1316 534 πάνυ
1338 476 1438 554 μικρῶν
1462 474 1553 532 αἰτιῶν
1574 471 1718 553 ὁρμηθεὶς,
1739 474 1846 547 μᾶλλον

1067 562 1096 622 δί
1109 561 1167 622 οὐδὲ
1188 562 1302 635 τούτων,
1322 561 1381 621 ἀλλ’
1399 560 1479 639 δργὴν
1497 562 1566 641 ἔχων
1582 566 1636 628 τοῖς
1649 560 1786 633 Ἐνετοῑς,
1808 564 1848 619 δτι

1065 674 1095 729 γε
1115 652 1144 709 ού
1171 652 1310 731 προσεῖχον
1332 651 1403 731 αύτῷ
1429 654 1552 729 φιλικῶς,
1570 649 1633 710 οῦδέ
1653 649 1773 729 χάριτας
1796 672 1848 707 πα-

1068 749 1152 821 ρεῖχον
1179 746 1215 807 ώς
1240 739 1363 819 σατράπῃ
1388 738 1432 799 καί
1452 745 1609 817 γειτονοῦντι
1629 741 1677 798 καὶ
1707 740 1847 818 δυναμένῳ

1070 832 1197 907 βλάπτειν
1227 825 1338 901 αὐτούς,
1364 828 1433 887 άλλδι
1456 827 1570 905 νομίζων
1594 830 1780 905 θπερορᾶσθαι
1803 832 1846 887 καὶ

1068 914 1222 994 βουλόμενος
1230 913 1378 991 ἀμύνασθαι
1390 914 1504 989 τούτους,
1515 915 1605 995 καιρόν
1616 913 1737 995 φυλάξας
1747 916 1845 993 άπροα-

1066 1002 1184 1074 δοκήτοις
1196 1000 1336 1081 ἐπέρχεται
1351 1010 1404 1069 τοῖς
1425 1004 1452 1061 ἐν
1465 1026 1498 1082 τη
1517 1004 1674 1083 Ναυπάκτῳ
1689 1001 1740 1059 καὶ
1759 1024 1846 1059 κατα-

1066 1090 1155 1168 τρέχει
1169 1089 1328 1149 Ναύπακτόν
1343 1112 1371 1149 τε
1383 1090 1429 1149 καί
1440 1089 1474 1149 τά
1489 1090 1549 1169 περὶ
1562 1090 1645 1161 αθτὴν
1656 1090 1707 1148 καὶ
1722 1087 1800 1147 λείαν
1812 1090 1846 1145 δτι

1064 1179 1191 1249 πλείστην
1203 1177 1304 1255 ἀπάγει
1313 1179 1412 1256 ἀνδρῶν
1422 1201 1450 1235 τε
1464 1178 1509 1236 καὶ
1525 1178 1708 1255 βοσκημάτων
1722 1176 1773 1234 καί
1786 1178 1846 1234 πνί-

1066 1266 1117 1325 δων
1140 1265 1339 1343 καὶγυναικῶν·
1356 1264 1402 1325 άτε
1428 1264 1480 1346 γάρ
1503 1264 1597 1346 αἴφνης
1616 1262 1786 1325 ἐπεσπεσὼν
1805 1268 1845 1322 καὶ

1066 1355 1148 1432 μηδέν
1178 1376 1205 1411 τι
1233 1358 1351 1413 τοιοῦτον
1380 1353 1597 1435 προσδεχομένοις
1633 1354 1707 1429 μηδὲ
1732 1354 1844 1433 προσδο·

1066 1447 1155 1501 κοῦσιν
1188 1438 1256 1507 δλως
1287 1443 1375 1508 αὐτοῖς
1402 1445 1429 1501 ἐν
1455 1442 1545 1523 εἰρήνῃ
1572 1464 1602 1501 τε
1630 1443 1680 1499 καὶ
1704 1443 1845 1510 σπονδαῖς,

1066 1529 1170 1607 μεγάλοι
1185 1528 1302 1609 ίύλαψε,
1316 1531 1417 1604 μᾶλλον
1432 1526 1460 1587 δέ
1476 1528 1565 1608 ὀλίγον
1587 1528 1682 1600 ἐδέησε
1706 1529 1758 1586 καί
1786 1530 1846 1587 αἰτδ

1065 1616 1094 1675 τδ
1109 1617 1174 1675 άστυ
1191 1615 1296 1675 λαθεῖν·
1314 1620 1344 1677 ού
1359 1616 1436 1693 μόνον
1450 1616 1492 1690 δέ,
1507 1616 1575 1676 titt
1589 1616 1635 1675 καί
1649 1614 1704 1683 τδις
1718 1618 1747 1674 ἐν
1758 1619 1848 1689 ,Πελε-

1064 1702 1186 1783 ποννήσῳ
1198 1702 1286 1769 πόλεις
1307 1704 1392 1762 αὐτῶν
1409 1702 1559 1784 Κορώνειαν
1574 1702 1621 1762 καὶ
1645 1700 1787 1776 Μεθώνην
1808 1708 1847 1763 καί

1065 1792 1112 1858 τδις
1127 1792 1221 1858 λοιπάς
1234 1797 1322 1859 κακῶς
1336 1794 1431 1866 ἐποίει,
1444 1792 1586 1874 προφάσεις
1605 1795 1722 1871 ἐπάγων
1748 1794 1792 1850 ἀεὶ
1808 1795 1848 1851 καὶ

1068 1884 1153 1949 αἰτίας
1167 1883 1254 1951 κενάς.
1299 1875 1514 1961 (1)Ἒδοξενούν
1536 1880 1604 1961 βαρύ
1622 1886 1707 1941 τοῦτο
1723 1882 1787 1940 λίαν
1800 1892 1848 1950 τοὶς

1068 1970 1186 2040 Ἐνετοῖς
1205 1972 1250 2030 καί
1265 1971 1377 2049 μεγίστη
1399 1970 1528 2052 πρόφασις
1547 1974 1572 2036 ἐς
1597 1968 1630 2028 τδ
1652 1972 1788 2047 πολεμεῖν
1806 1974 1847 2029 καὶ

1066 2060 1152 2128 άλλως
1167 2059 1289 2120 ὠδίνουσι
1309 2060 1353 2118 τδν
1368 2059 1433 2139 πρδς
1453 2057 1565 2137 βασιλέα
1578 2058 1721 2133 πόλεμον,
1750 2058 1778 2127 ἐξ
1788 2058 1846 2118 ότοο

1066 2147 1099 2218 δὴ
1123 2148 1170 2219 τήν
1198 2145 1400 2219 Πελοπόννησον
1428 2147 1602 2226 ἐχειρώσατο·
1625 2146 1669 2205 tet
1698 2145 1754 2224 γάρ
1785 2170 1846 2205 ποτε

1064 2234 1230 2309 προσεδόκων
1254 2233 1318 2303 ἐξειν
1341 2232 1423 2306 αὐτὴν
1438 2215 1521 2306 οῦτοι,
1539 2233 1586 2290 καὶ
1603 2232 1761 2309 νομίζοντες
1782 2234 1847 2291 ἰδίαν

1065 2312 1147 2381 ούσαν
1162 2321 1315 2396 άπούαλεῖν,
1329 2322 1420 2401 καιρδν
1435 2321 1540 2393 ἐζήτουν
1555 2320 1602 2378 καί
1616 2320 1762 2400 προφάσεις
1775 2322 1847 2387 τινάς

1067 2412 1182 2488 πολεμον
1203 2410 1343 2488 ἐξενεγκεῖν
1367 2411 1473 2488 βασιλεῖ
1493 2408 1540 2468 καί
1561 2414 1716 2486 στρατεῦσαι
1730 2412 1777 2467 ἐπ’
1790 2413 1845 2468 αθ-

1065 2500 1127 2583 τήν.
1173 2499 1207 2579 ἰν)
1222 2498 1385 2578 Δραξάμενοι
1400 2490 1443 2556 οῦν
1458 2500 1511 2556 τῶν
1530 2500 1620 2555 αἰτιῶν
1632 2496 1746 2575 τούτοιν,
1760 2498 1845 2564 εὐθύς

1067 2588 1112 2647 καὶ
1128 2588 1188 2647 ἄνευ
1210 2588 1351 2668 πρεσύείας
1365 2592 1516 2658 ἡστινοσοῦν
1533 2586 1580 2644 καί
1595 2585 1738 2663 τωλόγοες
1765 2590 1842 2660 μᾶλ·

1067 2674 1112 2732 λον
1136 2676 1258 2745 ἐθελῆσαι
1284 2674 1317 2731 τά
1337 2675 1446 2754 διάφορα
1462 2676 1557 2743 λῦσαι,
1571 2671 1695 2752 στρατιάν
1718 2676 1843 2749 μεγάλην

1066 2764 1112 2821 καὶ
1136 2764 1228 2821 στόλον
1250 2762 1399 2822 διαπόντιον
1423 2760 1624 2842 ἐξαρτύουσιτῇ
1647 2762 1846 2841 Πελοποννήσῳ

1068 2850 1195 2929 τριήριων
1205 2850 1383 2927 ἐόδομήκοντα
1394 2850 1439 2909 καί
1451 2850 1570 2909 ὁλκάδων
1579 2849 1719 2925 μεγάλων.
1727 2849 1761 2929 (t)
1771 2854 1795 2909 Π
1800 2850 1845 2921 λη-

1066 2938 1194 3014 ρώσαντες
1210 2930 1254 2997 οῦν
1275 2937 1356 3006 αύτδις
1379 2938 1525 3011 ἐπιῦατῶν,
1544 2938 1591 2995 καὶ
1615 2936 1733 3002 ὁπλίτας
1758 2938 1843 2996 Exti:-

1067 3025 1195 3094 όάσαντες
1211 3024 1252 3085 ότι
1264 3027 1377 3092 πολλοὺς
1396 3026 1441 3085 καί
1456 3024 1622 3104 στρατιώτας
1642 3024 1843 3105 καταφράκτους

1067 3137 1097 3172 τε
1111 3114 1157 3173 καὶ
1177 3114 1310 3194 μαχίμους
1325 3116 1354 3173 ἐκ
1375 3119 1427 3174 τῶν
1453 3112 1525 3173 ἰδίων
1545 3111 1709 3190 καταλόγων
1735 3114 1782 3171 καὶ
1801 3118 1842 3170 τά·
1899 3146 1900 3153 1

1066 3202 1225 3275 toenitii
1237 3202 1268 3275 δὴ
1287 3202 1333 3262 καί
1350 3202 1432 3271 ξένους
1449 3202 1622 3282 μισθοφόρους
1650 3204 1689 3267 ώς
1711 3202 1844 3267 πλείσταις
1899 3236 1900 3257 3

1069 3292 1115 3351 καί
1128 3292 1199 3351 όπλα
1217 3296 1330 3352 παντοῖα
1352 3291 1483 3365 ἐνθέμενοι
1506 3290 1553 3349 καί
1577 3289 1706 3369 μηχανὰς
1721 3288 1843 3367 πετροδέ-

1069 3382 1127 3447 λους
1138 3379 1183 3438 καί
1194 3380 1341 3461 ἀφετήρια,
1352 3379 1391 3438 έτι
1404 3378 1431 3438 δέ
1446 3378 1491 3437 καὶ
1503 3377 1609 3455 σίδηρον
1626 3378 1714 3436 πολὺν
1728 3377 1841 3443 καὶξύλα

1069 3469 1114 3527 καὶ
1127 3468 1254 3527 άσύεστον
1269 3468 1315 3528 καί
1326 3466 1447 3546 τεχνίτας
1465 3464 1511 3525 καὶ
1529 3465 1686 3541 οἰκοδόμους
1702 3465 1748 3523 καὶ
1766 3467 1842 3543 ἔργα·

1068 3559 1128 3615 λεῖα
1153 3557 1186 3616 τδι
1208 3558 1234 3623 ἐς
1259 3554 1399 3632 οἰκοδομήν
1430 3552 1567 3624 ἐπιτήδειοι
1592 3554 1639 3611 καὶ
1661 3552 1715 3611 ὅσα
1741 3561 1841 3611 τοιαῦτα

1069 3643 1281 3725 ἐπιφορτίσαντες
1301 3643 1347 3702 καί
1360 3645 1448 3710 καλῶς
1462 3641 1651 3720 ἐξαρτύεαντες
1665 3638 1712 3698 διά
1725 3640 1840 3711 πάντων,

1068 3732 1113 3790 καὶ
1128 3731 1273 3812 στρατηγὸν
1293 3731 1473 3810 αὐτοκράτορα
1493 3730 1595 3796 ἑλόντες
1613 3729 1700 3809 ἄνδρα
1714 3730 1758 3787 τὀν
1779 3730 1838 3804 παρ’

239 3898 359 3950 hodierno
368 3899 443 3960 Iber,
455 3899 498 3962 qni
508 3912 523 3949 ε
533 3897 621 3963 scupis
636 3898 801 3963 proficiscenti
810 3898 836 3948 in
851 3900 964 3949 confiniis
979 3900 1034 3949 istis
1047 3898 1209 3963 occurrit].n
1229 3898 1354 3949 Botttcho
1371 3899 1543 3949 Mnohumntes
1556 3911 1614 3947 eum
1626 3901 1699 3961 perte
1720 3898 1839 3945 exercitos

242 3982 331 4021 versus
346 3970 448 4021 Iaitzem
464 3972 578 4033 (Γαῑτὶαν
596 3970 698 4033 cneio.)
716 3970 810 4034 regiam
831 3969 863 4020 ed
886 3970 1009 4020 Werbom
1033 3970 1134 4019 nuvium
1156 3969 1397 4033 protectuseo13ibi
1415 3969 1480 4018 onim
1497 3966 1653 4031 Stephanum
1669 3966 1760 4030 degere
1775 3979 1838 4014 εστι·

240 4044 318 4105 peret.
331 4041 470 4090 Adveniens
488 4045 571 4091 entem
583 4056 661 4105 quum
678 4041 764 4091 urbem
780 4055 863 4105 eroge
874 4041 925 4102 jam
941 4040 1052 4091 relictam
1071 4040 1220 4099 ostenderet,
1239 4040 1306 4089 ultro
1320 4040 1428 4103 perrexit
1445 4037 1478 4088 ed
1491 4037 1599 4099 Ktjutch
1618 4038 1733 4100 (κλιπζαν
1744 4036 1839 4093 Chilo}

241 4111 328 4160 urbem
343 4110 522 4161 Sannaettuvio
533 4111 684 4175 appositam,
701 4112 726 4161 in
738 4125 813 4174 quem
823 4110 961 4175 Stephanus
982 4124 1009 4161 se
1024 4112 1158 4173 receperat.
1171 4112 1267 4159 interea
1278 4108 1446 4159 Meohemeteo
1462 4121 1478 4157 e
1492 4108 1626 4158 Bobitcta
1636 4107 1739 4157 laitznm
1756 4108 1838 4159 morit.

241 4181 410 4243 eujuoinootae
427 4181 630 4245 appropinquanti
638 4182 738 4232 obviem
756 4181 860 4246 protecti
879 4182 946 4233 ultro
963 4182 1050 4233 urbem
1062 4180 1218 4231 dediderunt.
1234 4180 1408 4231 Mnohumutes
1419 4193 1479 4230 vero
1501 4182 1557 4243 post
1575 4178 1676 4229 brevem
1691 4178 1839 4227 nonnionem

240 4250 350 4314 Kljtttctn
364 4251 424 4300 orbe
446 4252 538 4313 potitus
551 4256 598 4301 ent.
611 4254 749 4317 Stephanus
764 4256 850 4316 coptus
861 4256 886 4304 et
899 4252 932 4302 od
944 4254 1072 4304 Sullanum
1084 4252 1206 4303 adductus
1217 4249 1336 4315 supplicio
1354 4250 1471 4311 aflicitur,
1492 4262 1637 4312 quanquam
1657 4248 1737 4298 vitam
1754 4248 1780 4296 oi
1800 4248 1840 4295 snt·

240 4334 298 4372 vem
313 4322 365 4371 tore
383 4320 554 4371 iteohnmuteo
573 4322 725 4385 promiserat.
737 4324 797 4372 Post
808 4328 861 4372 neec
871 4328 1010 4374 rexnontrn
1027 4324 1121 4373 vicinos
1141 4322 1265 4387 principes
1286 4334 1313 4371 se
1335 4320 1471 4379 convertit,
1490 4322 1625 4383 captosque
1653 4320 1765 4370 υοεαείι.
1789 4314 1840 4379 ἡ·

240 4389 345 4457 ταχέως]
363 4392 420 4442 edd.
436 4405 528 4455 mergo.
541 4391 552 4455 {l
564 4418 597 4428 -
615 4393 630 4455 §
645 4398 681 4443 11.
697 4395 739 4451 τήν
751 4395 860 4456 στρατιὰν
874 4395 1010 4460 innatet]
1029 4395 1084 4446 odd.
1104 4407 1161 4457 mpo
1183 4397 1192 4451 t
1207 4418 1237 4433 ·-
1251 4388 1422 4453 ἰνλλαμὸὶνεε]
1434 4400 1505 4453 mgo‚
1519 4394 1602 4451 ζωγρεῖ
1615 4390 1679 4439 text·
1695 4389 1762 4439 Dein
1777 4391 1840 4444 witi:

240 4463 434 4514 mentitum.

272 4538 338 4585 XVI.
353 4533 390 4584 De
410 4533 567 4597 expeditione
583 4536 669 4584 oontrn
680 4536 789 4585 venetos
804 4534 855 4586 vid.
869 4536 1078 4601 chnieooondyles
1090 4550 1114 4601 p.
1130 4537 1245 4593 545554,
1262 4531 1395 4582 Phrnntzes
1411 4546 1436 4596 p.
1456 4536 1511 4592 415,
1524 4530 1672 4582 sendeddin.
1695 4536 1720 4587 2,
1740 4542 1769 4593 p.
1791 4534 1842 4579 229·

241 4607 288 4657 2³4
301 4608 327 4655 et
337 4619 390 4670 pree
401 4607 490 4656 ceteris
504 4609 605 4655 hettero
622 4605 685 4655 d’en
697 4609 839 4667 seoretarto
848 4607 892 4657 del
900 4611 992 4672 τίμασε
1007 4607 1169 4671 Sipinnondo
1187 4605 1342 4665 Malatesto,
1357 4602 1425 4653 detto
1438 4616 1495 4652 ense
1505 4602 1576 4665 [otte
1593 4602 1664 4651 netto
1686 4604 1785 4651 floren
1798 4614 1840 4663 per

242 4674 379 4727 Maometh
389 4675 419 4724 11
430 4675 459 4745 in
472 4674 599 4725 sansovini
618 4674 767 4725 cntteotione
783 4676 886 4738 (venet.
909 4680 984 4739 1582)
1003 4692 1028 4741 p.
1045 4684 1091 4727 220
1111 4690 1180 4739 sqq.;
1194 4674 1313 4725 sabellico
1327 4672 1443 4723 Historioe
1456 4686 1539 4722 rerum
1554 4667 1719 4721 venetiarum
1730 4671 1759 4720 in
1778 4674 1841 4721 Isto-

242 4748 292 4799 rict
305 4746 439 4797 detteoose
456 4748 597 4796 Venezione
614 4746 738 4809 (t'enezta
755 4748 838 4807 1713),
851 4748 870 4795 t.
884 4747 904 4806 Ι,
917 4761 941 4811 p.
961 4752 1029 4808 7183·
1044 4748 1106 4795 Mer.
1125 4748 1217 4795 Sanuto
1236 4741 1283 4797 tl.
1299 4756 1324 4807 p.
1345 4747 1413 4793 1171.
1431 4742 1468 4793 Gi.
1482 4744 1598 4792 {inminet
1608 4755 1634 4805 p.
1652 4742 1694 4799 79,
1716 4740 1841 4790 ztnketsn

243 4833 269 4882 p.
282 4824 328 4869 295
347 4830 403 4881 oqq.
416 4816 428 4881 ss
442 4843 475 4855 -
488 4817 504 4881 §
516 4822 538 4867 1.
552 4818 582 4867 δι’
594 4816 682 4879 αἰτίας]
694 4819 732 4866 καὶ
749 4818 796 4868 nte.
807 4817 861 4867 eod.
877 4816 934 4878 ἡ-
949 4816 1065 4881 Ἀμάρης]
1077 4820 1162 4875 Omen,
1176 4814 1313 4865 Turehanis
1326 4812 1354 4874 1,,
1371 4814 1403 4863 οἰ)
1420 4825 1473 4861 rem
1490 4812 1514 4861 in
1538 4809 1604 4863 betto
1619 4810 1725 4862 Bosnino
1746 4813 1843 4859 sineno·

244 4893 339 4951 gestem
365 4888 499 4938 Theosotiae
525 4890 694 4951 praeteeturom
710 4902 787 4951 nuper
806 4886 962 4949 obtinuerat,
981 4890 1044 4939 teste
1066 4887 1150 4938 (thale.
1171 4900 1195 4949 p.
1213 4890 1267 4945 515,
1282 4890 1321 4935 11.
1342 4884 1352 4947 ΙΙ
1374 4910 1405 4922 -
1420 4882 1566 4937 Ναύπακτόν
1585 4879 1629 4947 τε]
1643 4892 1738 4945 margo,
1760 4882 1843 4935 erim·

244 4962 306 5012 text.
326 4959 398 5009 Dere
413 4972 437 5009 ν.
455 4959 567 5009 Chelone.
584 4973 609 5022 p.
628 4962 683 5018 545,
701 4962 716 5007 6
733 4972 791 5021 εφη.
810 4959 943 5009 Phrantzes
957 4974 981 5023 p.
1004 4962 1109 5019 414,11.
1126 4956 1136 5021 ἡ
1151 4982 1182 4993 -
1196 4957 1274 5012 αὐτοῖς
1293 4956 1350 5006 ente
1364 4956 1388 5003 εν
1407 4954 1486 5018 εἰρήνη
1502 4952 1560 5003 add.
1578 4965 1645 5017 mgo.
1665 4950 1677 5017 ἡ
1696 4978 1731 4990 -
1752 4950 1843 5013 otiien}

243 5042 308 5079 1111111.
322 5032 345 5087 2,
364 5029 441 5089 ὀλίγον
454 5040 489 5078 m.
503 5034 524 5078 1.
536 5028 547 5091 Ιί
557 5056 588 5065 -
599 5027 614 5092 §
624 5032 648 5078 3·
665 5026 765 5092 μᾶλλον]
776 5041 850 5091 supra
866 5028 957 5079 lineam
969 5028 1128 5091 adscriptum.
1145 5026 1156 5089 ΙΙ
1172 5052 1204 5063 -
1215 5028 1331 5091 τριήρεων
1344 5026 1370 5079 ο’
1380 5027 1421 5077 καί
1437 5022 1562 5088 ὁλκάδων]
1585 5022 1671 5075 Chalc.
1687 5037 1713 5089 p.
1725 5029 1782 5081 5554
1797 5028 1825 5072 15
1839 5043 1842 5068 ς

244 5100 410 5161 πληρώσαντες
434 5102 530 5161 τριήρεις
547 5098 579 5147 λε’
591 5099 632 5147 καί
644 5103 699 5154 ναῦς
717 5116 742 5149 τε
761 5094 810 5160 ιίμα
820 5100 911 5162 &petie
940 5101 962 5162 β’
975 5100 1055 5148 ἔπλεον
1069 5098 1108 5146 ἐπὶ
1121 5097 1309 5154 Πελοπόννησον.
1327 5092 1338 5159 ΙΙ
1357 5121 1388 5132 -·
1407 5094 1423 5159 §
1440 5096 1464 5144 t.
1485 5092 1670 5158 ἰέαοτὺσαντες]
1693 5105 1759 5157 tngo„
1779 5095 1846 5143 itii-

245 5184 328 5226 σαντες
340 5178 401 5229 text,
419 5167 700 5233 11.-ςαιπιειμειω]
713 5168 769 5219 edd.
786 5181 849 5232 nugo.
865 5170 928 5220 Dein
941 5172 1017 5219 Ῥοῖον
1028 5169 1054 5219 et
1069 5170 1189 5233 Κρηταῖον
1202 5166 1287 5217 codex.
1304 5166 1314 5229 ΙΙ
1330 5192 1361 5203 -
1375 5163 1425 5229 §t.
1437 5166 1476 5219 τὸν
1491 5162 1591 5228 ἰσθμὸν]
1607 5162 1726 5228 Coeptum
1741 5174 1806 5228 opos
1822 5162 1847 5210 ct
