3809 5859
699 376 818 441 Putsct
847 382 1094 452 FRAGMENTA.

268 513 309 574 ιι.
336 516 385 575 uu
409 516 486 576 unu
511 518 688 579 nutrior.

277 603 446 693 νκιεεοτ
467 605 681 666 notrorum

130 763 320 843 Ἐπολιύρκουν
345 768 368 824 οἱ
392 766 493 825 Σκύθαι
515 766 562 838 τὴν
583 768 711 829 Ναῖσσόν.
734 772 815 839 Πόλις
838 771 866 830 δέ

83 851 161 923 αὕτη
179 856 232 911 τῶν
247 851 382 931 Ἰλλυριῶν
407 853 450 911 ίπὶ
469 853 592 934 Δανούόορ
616 854 723 932 κειμένη
743 863 866 935 ποταμῶ.

85 940 292 999 Κωνσταντῖνον
307 940 388 1010 αὐτῆς
398 932 464 999 εἶναι
476 942 593 1015 οἰκιστήν
609 966 703 1025 φασιν,
715 943 742 1011 ὃς
761 945 865 1019 κοίτην

83 1030 283 1103 ὁμωνυμοῦσαν
297 1029 382 1107 ἑαυτῷ
391 1028 467 1087 πόλιν
479 1028 523 1086 ἐπὶ
536 1033 574 1111 τῷ
586 1030 721 1111 Βυζαντίῳ
733 1031 864 1107 ἐδείματο.

86 1106 150 1174 Οἷα
164 1113 196 1184 δὴ
211 1106 254 1173 οὖν
269 1114 472 1195 πολυάνθρωπύν
487 1138 515 1175 τι
535 1116 611 1177 πόλιν
625 1116 743 1197 αἱρήσειν
758 1121 781 1177 οἱ
794 1122 866 1197 βάρ-

84 1200 169 1281 6αροι
183 1202 320 1276 μέλλοντες
329 1202 375 1261 καί
390 1203 476 1270 άλλως
493 1205 621 1283 ἐρυμνὴν,
635 1206 677 1264 διὰ
692 1206 778 1277 πάσης
798 1206 867 1287 ίχόι-

85 1310 152 1365 ρουν
166 1287 274 1366 πείρας,
289 1292 342 1347 τῶν
356 1287 384 1349 θλ
399 1290 451 1349 σίπδ
475 1297 520 1351 τοῦ
543 1291 641 1360 άστεως
660 1295 689 1353 οὗ
704 1294 866 1375 θαρρούντων

84 1376 221 1444 ἐπεξιέναι
242 1376 306 1459 πρὸς
329 1378 435 1457 μάχην,
458 1378 502 1437 τθν
524 1380 659 1458 ποταμὸν,
680 1381 748 1441 ὥστε
772 1385 865 1463 ρρδίαν

86 1459 159 1524 εἶναι
176 1464 235 1548 [τῷ]
246 1466 340 1538 πλήθει
356 1468 404 1539 τὴν
421 1468 557 1544 διάόασιν,
573 1470 738 1552 ίγεφύρωσαν
753 1473 821 1531 aevi
834 1473 864 1532 τὸ

88 1552 271 1633 μεσημόρινθν
286 1553 372 1631 μέρος,
381 1555 567 1628 καθ’δκαὶτὴν
577 1558 652 1617 πόλιν
665 1566 804 1639 παραρρεῖ,
818 1560 863 1618 καί

87 1638 213 1719 μηχανὰς
226 1642 265 1721 τῷ
281 1641 411 1720 περιθολῳ
427 1648 571 1723 προσῆγον,
586 1648 688 1726 πρῶτον
708 1645 756 1723 μέν
771 1647 861 1716 δοκοὺς

87 1728 136 1787 ἐπὶ
154 1732 256 1808 τροχῶν
280 1728 400 1807 κειμένας
422 1732 465 1791 etl
485 1731 515 1791 τὸ
534 1732 671 1813 πρόχειρον
687 1735 772 1792 αὐτῶν
793 1727 860 1793 εἶναι

86 1816 139 1888 τὴν
151 1817 341 1895 προσαγωγλν,
354 1809 394 1885 αἶς
406 1820 547 1897 έρεστῶτις
557 1822 688 1902 ἄνθρωποι
701 1824 726 1890 ές
738 1822 798 1891 τοὺς
806 1824 864 1883 άπὸ

86 1906 142 1961 τῶν
155 1902 287 1971 ἐπάλξεων
300 1906 476 1981 ἀμυνομένους
486 1906 615 1981 ἐτόξευον,
632 1912 685 1967 τῶν
700 1908 727 1978 έξ
739 1910 864 1989 ἑκατέρας

88 1988 200 2069 κεραίας
222 1989 344 2049 έστάιτων
371 1994 470 2073 ἀνδρῶν
495 1996 629 2055 ὠθούντων
650 2000 702 2063 τοῖς
721 1997 783 2057 ποσὶ
805 1996 864 2065 τοὺς

89 2077 200 2157 τροχοὺς
216 2077 261 2137 καὶ
274 2080 458 2159 προσαγόντων
475 2082 526 2154 ὅπη
542 2083 588 2143 καί
602 2084 653 2143 δέοι
667 2083 714 2152 τὰς
726 2083 862 2163 μηχανὰς,

94 2167 132 2231 ὡς
152 2165 182 2223 ἂν
208 2165 248 2237 εἴη
272 2167 379 2245 βάλλειν
398 2168 527 2230 ἐπίσκοπα
549 2170 599 2257 διθγ
608 2176 658 2231 τῶν
680 2176 706 2231 έν
727 2181 782 2240 τοῖς
805 2176 862 2253 ipe-

89 2251 178 2331 στρίσι
192 2255 373 2331 πεποιημένων
385 2256 504 2337 θυρίδων·
529 2258 596 2320 ὥστε
611 2257 662 2339 γάρ
678 2261 731 2327 τοῖς
751 2263 796 2321 ἐπὶ
810 2267 857 2333 τῆς

91 2340 171 2398 δοκοῦ
191 2342 313 2421 ἀνδράσιν
334 2342 468 2403 ἀκίνδυνον
488 2337 554 2405 εἶναι
576 2346 625 2419 τήν
646 2348 751 2429 μάχην,
777 2350 864 2429 λύγοις

88 2426 240 2494 διαπλόκσις
254 2428 432 2490 ἐκαλύπτοντο
446 2432 542 2513 δέρρεις
555 2436 601 2493 καί
616 2436 734 2516 διφθέρας
744 2437 864 2516 ἐχούσαις

86 2513 199 2590 κώλυμα
211 2519 262 2573 τῶν
272 2538 301 2573 τε
316 2516 401 2576 τίλλων
417 2523 499 2598 βελῶν
514 2522 560 2579 καὶ
579 2519 628 2581 ὅσα
643 2525 687 2583 ἐπὶ
703 2522 770 2603 aqi<
787 2548 856 2603 πυρ-

90 2606 158 2681 φόρα
169 2601 339 2680 έκπέμποιτο.
357 2606 387 2683 (ε)
400 2608 510 2667 Πολλῶν
525 2608 596 2687 δέτῷ
605 2610 694 2691 τρόπῳ
703 2610 787 2692 τούτῳ
799 2616 861 2672 ἐπι-

86 2690 272 2768 τειχισθέντων
286 2691 401 2771 ὀργάνων
421 2698 454 2770 τῇ
466 2696 555 2768 πόλει,
574 2694 642 2756 ὥστε
663 2698 706 2757 διὰ
717 2700 748 2757 τὸ
759 2701 856 2771 πλῆθος

90 2779 175 2854 βελῶν
193 2778 308 2836 ἐνδοῦναι
328 2779 374 2836 καί
388 2784 559 2860 ὑποχωρῆσαι
574 2781 633 2848 τοὺς
652 2784 694 2843 tat
710 2788 761 2842 τῶν
780 2785 860 2844 έπάλ-

91 2864 175 2941 ξεων,
191 2866 354 2943 προσήγοντο
370 2868 415 2926 καί
433 2872 456 2926 οἱ
474 2869 630 2947 καλούμενοι
648 2871 727 2951 κριοί·
750 2871 861 2950 μεγίστη

88 2952 117 3009 δὲ
131 2950 182 3031 ἄρα
194 2952 239 3011 καί
252 2951 299 3024 ἥδε
313 2954 456 3031 ἧμηχανή·
468 2956 541 3023 δοκὸς
553 2959 582 3016 ix
592 2957 674 3025 ξύλων
683 2958 746 3037 πρὸς
759 2956 862 3031 ἄλληλα

86 3038 214 3098 νευόντων
222 3043 352 3119 χαλαραῖς
360 3042 538 3121 άπηωρημένη
549 3044 680 3118 ἁλύσεσιν,
693 3046 862 3125 έπιδορατίδα

89 3126 135 3184 καί
160 3126 373 3207 προκαλύμματα
389 3128 417 3187 ὃν
434 3130 536 3211 εἴρηται
550 3131 646 3213 τρόπον
661 3130 756 3211 έχουσα
776 3136 861 3213 ἀσρα-

90 3215 161 3284 λείας
178 3218 254 3277 ένεκα
268 3222 320 3277 τῶν
341 3221 530 3299 ἐργαζομένων·
547 3222 685 3289 καλωδίοις
698 3221 749 3303 γὰρ
770 3226 799 3282 έκ
813 3228 860 3293 τῆς

90 3304 198 3363 όπισθεν
212 3306 319 3386 κεραίας
333 3298 419 3366 εἷλκον
441 3308 531 3387 βιαίως
555 3310 645 3390 ἄνδρες
667 3309 749 3381 αὐτὴν
772 3312 808 3377 τίς
830 3310 860 3369 τὸ

89 3392 203 3452 ἐναντίον
217 3398 262 3450 τοῦ
273 3391 409 3469 δεξομένου
422 3394 470 3465 τὴν
486 3393 606 3472 πληγὴν,
622 3396 667 3453 καὶ
691 3394 758 3470 μετὰ
774 3399 859 3453 ταῦτα

88 3480 214 3560 ἠρίεσαν,
229 3478 298 3540 ὥστε
310 3484 342 3561 τῇ
355 3482 423 3562 ῥύμῃ
436 3491 488 3539 πᾶν
504 3481 533 3540 τὸ
548 3485 678 3559 ἐμπῖπτον
693 3486 739 3539 τοῦ
757 3480 860 3560 τείχους

90 3568 257 3649 ἀφανίζεσθαι
267 3568 344 3647 μέρος
359 3572 402 3648 (a).
417 3572 453 3630 Οἱ
464 3570 490 3628 δὲ
499 3568 551 3630 ἀπὸ
562 3574 613 3629 τῶν
625 3573 719 3649 τειχῶν
730 3570 860 3645 ἀμυνόμε-

89 3678 127 3714 νοι
139 3656 291 3734 ἁμαξιαίους
304 3657 389 3723 λίθους
401 3657 464 3737 πρὸς
477 3663 554 3716 τοῦτο
571 3657 622 3729 ἤδη
643 3656 859 3738 παρεσκευασμέ-

89 3769 158 3824 νους,
168 3746 246 3817 ἡνίκα
260 3750 298 3825 τῷ
309 3746 438 3828 περιόόλῳ
454 3747 616 3828 προσαχθείη
631 3745 664 3804 τδι
678 3748 788 3827 όργανα,
805 3744 860 3805 ένί-

90 3831 195 3895 όαλλον.
214 3834 267 3895 Καί
288 3858 347 3893 τινα
367 3834 414 3913 μὲν
438 3835 525 3901 αὐτοῖς
548 3834 658 3913 ἀνδράσι
680 3834 856 3913 συνέτριψαν,

90 3922 152 3998 πρὸς
165 3922 191 3981 δὲ
206 3921 235 3980 ιθ
247 3925 345 3994 πλῆθος
367 3926 414 3981 οὐκ
429 3922 573 4003 ἀντήρκουν
587 3926 638 3981 τῶν
656 3922 792 4000 μηχανῶν·
811 3919 858 3978 καί

1118 550 1153 600 rr.
1167 552 1187 599 r.
1201 543 1310 603 rurscr'
1321 554 1485 605 ursronus.

1179 640 1280 691 uutssr
1305 642 1443 693 uusrnru.

951 801 1049 865 δοκείτω
1069 804 1197 855 obsidione
1210 806 1340 871 cingebant
1357 809 1487 872 Naissum,
1508 825 1563 875 qua
1582 812 1642 863 urbs
1657 818 1697 867 est

842 916 847 937 ·
920 902 1062 967 lllyriorum
1070 905 1104 955 ad
1113 906 1256 957 Danubium
1268 908 1405 973 (timaeum
1413 910 1437 973 ε)
1448 911 1537 975 posita.
1550 914 1695 968 condidisse

921 1017 977 1055 cam
998 1008 1079 1057 ierim
1095 1010 1285 1071 constantinus,
1302 1012 1347 1076 qui
1365 1010 1440 1061 etiam
1458 1016 1628 1078 cognominem
1648 1018 1696 1081 ipsi

920 1106 1009 1156 urbem
1021 1108 1052 1158 ad
1065 1109 1203 1173 Bosporum
1212 1111 1237 1161 in
1250 1114 1358 1175 bymntti
1371 1115 1426 1166 loco
1440 1115 1581 1168 edificavit.
1591 1118 1695 1169 Darbari

921 1206 997 1270 igitur
1007 1211 1036 1258 ut
1048 1208 1109 1259 urbe
1122 1212 1177 1261 tum
1187 1212 1275 1263 incolis
1290 1214 1419 1278 frequente
1429 1220 1484 1267 turn
1495 1218 1591 1282 egregie
1600 1218 1695 1268 munita

921 1305 1071 1372 potirentur,
1085 1308 1146 1361 nibil
1157 1325 1206 1361 uon
1219 1315 1356 1365 tentarunt.
1368 1317 1457 1368 incolis
1473 1332 1533 1368 vern
1544 1320 1576 1368 ad
1588 1332 1693 1383 pugnam

920 1407 988 1457 crire
998 1420 1048 1457 uon
1059 1408 1221 1474 audentibus,
1234 1412 1337 1463 durium
1346 1414 1413 1477 quia
1426 1416 1528 1466 meridie
1536 1417 1624 1468 urbem
1632 1432 1695 1482 prce·

920 1509 1027 1574 terbuit,
1048 1516 1123 1575 ponte
1137 1511 1285 1576 junxerunt,
1303 1517 1332 1565 ut
1351 1514 1429 1565 facilis
1448 1517 1524 1580 copiis
1540 1524 1607 1569 esset
1627 1524 1693 1571 trau·

918 1612 996 1669 situs3
1012 1611 1102 1663 deinde
1112 1612 1239 1663 macbiuas
1253 1613 1287 1663 ad
1303 1615 1395 1665 moeuia
1413 1616 1583 1680 adduxerunt,
1601 1623 1627 1669 et
1639 1625 1692 1685 pri·

920 1726 989 1762 mum
1002 1714 1102 1777 quidem
1114 1714 1209 1774 trabes,
1225 1729 1282 1779 quac
1294 1718 1323 1766 ut
1338 1717 1433 1767 facilius
1443 1720 1570 1771 εθιττονετί
1582 1728 1690 1786 possent,

919 1812 981 1860 rotis
989 1812 1110 1875 impositoe
1123 1816 1199 1863 erant.
1215 1813 1259 1863 ilis
1273 1813 1414 1865 insistentes
1424 1816 1515 1867 milites
1529 1818 1663 1882 oppidanos
1678 1836 1692 1871 a

919 1909 998 1961 muris
1013 1915 1194 1974 propugnantes
1206 1911 1305 1975 sagittis
1318 1912 1447 1976 petebant,
1467 1914 1528 1965 dum
1541 1918 1649 1969 nonnulli
1662 1919 1693 1967 ab

919 2013 1024 2074 utraque
1039 2013 1152 2061 antenna
1163 2014 1232 2074 parte
1243 2015 1338 2063 stantes
1353 2014 1380 2063 et
1389 2017 1456 2063 rotas
1474 2014 1577 2077 pedibus
1591 2021 1690 2079 protru-

919 2110 1019 2172 deutes,
1037 2111 1162 2162 machinas
1175 2126 1204 2162 eo
1215 2112 1378 2164 admovebant
1390 2127 1440 2178 quo
1459 2117 1624 2169 neceesarium
1640 2125 1693 2172 erat

918 2216 947 2262 ut
966 2226 1068 2276 scopum
1080 2213 1180 2263 ferirent
1195 2214 1258 2275 tela,
1273 2228 1328 2277 qum
1343 2229 1387 2279 per
1403 2216 1523 2268 fenestras
1539 2221 1690 2283 tegumento-

918 2326 974 2361 rum
984 2312 1166 2363 emittebantur.
1187 2313 1305 2364 Nimirum
1318 2319 1347 2365 ut
1358 2316 1404 2366 viri
1418 2317 1443 2366 in
1454 2318 1524 2369 trabe
1535 2323 1629 2372 dantes
1639 2324 1691 2373 abs·

918 2424 966 2474 quc
980 2414 1090 2477 periculo
1104 2420 1252 2479 pugnarent,
1274 2416 1384 2467 cratibus
1402 2420 1514 2471 vimineis
1529 2426 1689 2488 protegeban-

917 2517 967 2577 tur,
981 2516 1057 2581 pelles
1070 2520 1097 2568 ct
1109 2518 1175 2568 coria
1185 2522 1307 2583 pretence
1319 2519 1466 2572 habentibus
1479 2524 1510 2575 ad
1521 2527 1627 2577 arcenda
1643 2530 1691 2579 tela

916 2619 970 2665 tum
984 2618 1066 2665 cetera
1082 2621 1136 2666 tum
1152 2616 1263 2681 ignifera.
1274 2618 1310 2683 (2)
1322 2620 1405 2669 Multis
1416 2620 1441 2669 iu
1455 2621 1520 2672 bunc
1532 2625 1633 2675 modum
1641 2640 1691 2677 mn·

916 2715 997 2766 obicis
1008 2716 1069 2766 urbe
1082 2717 1216 2779 obvallata,
1235 2723 1364 2783 postquam
1378 2720 1445 2771 cives
1461 2723 1538 2786 quiin
1551 2738 1688 2791 propugna-

917 2816 978 2867 culis
992 2820 1076 2880 erant,
1088 2818 1231 2869 recedentes
1244 2832 1271 2869 sc
1290 2820 1468 2882 srdtduxcrant,
1490 2825 1580 2875 arietes
1593 2826 1690 2878 maeoti

915 2920 983 2965 sunt.
996 2918 1056 2966 llaec
1073 2930 1170 2980 quoque
1188 2916 1300 2968 machina
1316 2920 1422 2971 maxima
1438 2926 1492 2981 est;
1511 2924 1579 2975 trabs
1595 2926 1688 2978 scilicet

915 3018 978 3067 laxis
992 3020 1086 3070 catenis
1097 3034 1112 3071 e
1121 3020 1232 3085 postibus
1242 3020 1267 3071 in
1279 3034 1306 3071 se
1316 3021 1420 3074 invicem
1430 3024 1552 3077 inclinatis
1561 3041 1686 3093 suspensa,

916 3126 1021 3174 terream
1035 3122 1162 3187 cuspidem
1170 3123 1263 3173 babens
1272 3127 1298 3173 et
1310 3124 1452 3185 tegumenta
1467 3127 1550 3189 qudia
1557 3128 1609 3191 lam
1625 3128 1685 3179 diri·

915 3243 971 3279 tuus
982 3228 1014 3277 ad
1032 3229 1188 3278 secauitatem
1203 3227 1363 3290 operantium.
1383 3232 1452 3279 itanc
1465 3229 1589 3280 lunibuse
1601 3244 1686 3287 cornu,

914 3327 982 3391 quod
999 3328 1024 3377 iu
1035 3327 1169 3391 posteriore
1184 3331 1254 3393 perte
1268 3334 1335 3391 erat,
1355 3330 1466 3381 nonnulli
1483 3344 1569 3394 magna
1588 3346 1646 3383 cnm
1660 3334 1684 3383 vi

914 3436 1050 3483 retrorsum
1060 3431 1189 3482 trabebant
1199 3432 1224 3481 in
1234 3431 1364 3483 adversum
1374 3434 1427 3496 ejus
1439 3433 1488 3483 loci
1501 3434 1526 3483 in
1535 3448 1609 3498 quern
1622 3436 1685 3486 ictus

915 3536 1056 3600 dirigendus
1078 3540 1145 3597 erat3
1166 3536 1254 3587 deinde
1276 3536 1433 3587 dimittebant
1446 3539 1555 3598 trabem,
1576 3538 1638 3588 adeo
1659 3543 1686 3588 ut

915 3632 1009 3696 impetu
1026 3635 1080 3695 cius
1100 3647 1218 3683 concussa
1232 3634 1329 3696 qumvis
1346 3634 1412 3684 muri
1429 3648 1487 3699 pars
1507 3633 1685 3687 destrueretur.

915 3726 950 3789 (3)
961 3726 1009 3785 Qui
1025 3740 1085 3776 uero
1099 3739 1114 3776 a
1125 3725 1202 3779 muris
1213 3727 1407 3789 propugnabant,
1419 3728 1586 3791 grandiasaxu
1599 3729 1631 3778 ad
1641 3730 1686 3779 boc

914 3824 1050 3884 proeparata
1061 3822 1086 3871 iu
1102 3821 1213 3871 admotas
1226 3822 1349 3872 menibus
1357 3821 1483 3872 machinas
1493 3822 1648 3887 dejiciebant,
1661 3829 1687 3875 ct

913 3918 1041 3967 uonmdlas
1049 3916 1149 3980 quidem
1161 3930 1209 3966 uua
1219 3931 1275 3965 cum
1285 3916 1345 3967 viris
1353 3916 1551 3980 pessumdabant,
1562 3922 1589 3968 at
1599 3932 1686 3983 magno

90 4007 138 4086 γάρ
152 4007 183 4078 δὴ
195 4014 325 4088 προσῆγον
339 4011 384 4070 καί
396 4009 545 4087 κλίμακας,
562 4008 630 4068 ὥστε
642 4008 679 4080 πη
698 4007 744 4085 μὲν
762 4012 792 4067 ἐκ
804 4011 857 4065 τῶν
912 4028 999 4064 carum
1011 4026 1114 4065 numero
1129 4014 1235 4078 impares
1246 4018 1324 4064 erant.
1335 4018 1457 4077 Aequum
1470 4019 1591 4079 praterea
1602 4017 1678 4069 etiam

91 4098 166 4174 κριῶν
177 4096 294 4164 λυθέντος
310 4102 355 4155 τοῦ
369 4097 484 4175 τείχους,
498 4096 535 4168 πθ
552 4098 579 4156 δὲ
592 4098 645 4154 τῶν
664 4100 691 4155 έν
705 4098 763 4161 ταῖς
777 4096 858 4154 dost·
915 4097 997 4161 scalas
1007 4109 1093 4161 hostes
1105 4111 1235 4171 aiicrrent,
1256 4112 1350 4161 lactum
1365 4113 1405 4161 est
1420 4115 1461 4173 ut,
1478 4112 1518 4162 liic
1533 4126 1605 4163 muro
1621 4115 1684 4164 arie·

123 4370 154 4417 ll.
170 4368 184 4430 §
203 4374 223 4418 1.
238 4370 279 4427 τὴν
300 4372 417 4435 nenati]
437 4372 479 4431 τὴν
499 4379 583 4421 αῑσσου
597 4370 683 4421 codex.
705 4368 744 4418 ct.
765 4372 816 4419 not.
833 4369 864 4419 ad
879 4371 966 4433 fragm.
980 4375 1001 4418 t.
1015 4370 1026 4432 ΙΙ
1042 4398 1073 4405 -
1085 4372 1123 4419 ἐπὶ
1135 4371 1257 4435 navatae]
1267 4372 1341 4419 Error
1356 4371 1513 4433 excerptoris.
1524 4375 1579 4434 ipse
1588 4373 1685 4423 Priscus

94 4440 123 4489 ir.
143 4442 155 4487 7
178 4439 290 4491 nussum
301 4440 409 4503 quinque
427 4442 522 4491 dierum
539 4438 625 4491 itinere
643 4455 659 4492 a
676 4441 788 4491 Danubio
803 4440 888 4491 abesse
907 4441 977 4491 dicit.
995 4444 1108 4493 Fortasse
1125 4446 1212 4490 auctor
1231 4440 1362 4503 scripserat
1371 4442 1409 4490 ἐπὶ
1428 4446 1462 4503 τῷ
1475 4443 1574 4503 Ναῑσσῷ
1585 4448 1685 4505 ποταμῷ

94 4510 129 4559 Ci.
142 4512 236 4566 Nicaea
255 4509 325 4561 durii
340 4525 436 4562 nomeu.
452 4514 520 4562 ttunc
538 4514 605 4562 certe
619 4512 711 4563 tlurius
721 4514 761 4565 cui
777 4512 878 4563 Naissus
888 4510 956 4569 (hod.
971 4510 1046 4573 litat)
1062 4510 1165 4574 adjacet,
1187 4511 1242 4561 urbi
1259 4511 1410 4575 cognominis
1424 4515 1527 4562 vocatur
1544 4510 1682 4564 Nicbcwu·

94 4582 121 4628 ln
135 4581 259 4642 superiore
281 4594 371 4632 cursus
389 4585 458 4645 parte
473 4582 620 4632 tritanum
644 4582 744 4636 dicitnr.
759 4586 830 4633 lluue
846 4594 894 4631 nou
912 4582 1040 4633 diversum
1065 4595 1119 4632 esse
1136 4585 1197 4645 puto
1215 4582 1344 4646 abygino,
1363 4596 1438 4650 prope
1460 4596 1534 4646 quem
1552 4582 1684 4663 nleaander

94 4650 193 4711 lingnus
206 4660 221 4697 a
237 4648 353 4713 Philippis
369 4654 453 4701 contra
466 4651 587 4701 triballos
601 4651 756 4714 proticiscens
766 4652 880 4716 proelium
892 4652 1029 4709 commisit,
1039 4652 1145 4715 indeque
1158 4652 1237 4703 tribus
1250 4653 1338 4703 castris
1351 4653 1384 4702 ad
1398 4654 1536 4703 Danubium
1546 4656 1631 4733 yenrt,
1644 4656 1682 4700 tc-

93 4724 171 4771 stunte
185 4720 287 4770 Arriano
299 4724 359 4785 Eup.
371 4730 394 4779 ε,
405 4728 428 4782 2,
446 4727 468 4773 l.
484 4724 494 4785 ΙΙ
508 4748 539 4760 -
549 4723 663 4787 οἰκιστὴν]
677 4723 849 4775 constantinus
860 4734 909 4771 uon
918 4722 1035 4782 condidit,
1049 4723 1094 4772 sed
1102 4723 1173 4772 auxit
1185 4723 1280 4773 urbem.
1293 4729 1433 4786 anonymus
1447 4724 1473 4772 in
1485 4725 1567 4773 Gestis
1575 4724 1679 4771 const:

94 4794 280 4841 constantinus
300 4795 328 4840 tn
345 4792 441 4856 oppilato
457 4793 538 4842 llaiso
552 4795 632 4843 nutus
644 4796 671 4843 ct
685 4795 805 4854 eductus,
823 4792 893 4856 qaod
906 4792 1035 4856 oppidum
1054 4796 1147 4855 posteo
1163 4794 1304 4857 magnifice
1319 4795 1433 4843 amauit.
1450 4791 1590 4872 §tephanus
1603 4792 1661 4876 Byz'.
1677 4812 1683 4839 ι

93 4861 203 4923 Naturae,
210 4860 299 4921 κτίσμα
306 4862 345 4911 καὶ
354 4864 435 4925 πατρὶς
445 4863 632 4913 Κωτσταντίνου.
649 4863 660 4926 ΙΙ
674 4890 703 4900 -
715 4865 776 4913 εἶναι
793 4864 833 4923 τὴν
843 4862 895 4927 πμ]
909 4864 967 4912 εἶναι
978 4866 1010 4920 ὡς
1023 4865 1064 4921 τήν
1080 4864 1135 4913 cod.
1151 4864 1163 4927 ΙΙ
1178 4889 1208 4900 -
1219 4864 1345 4929 έφεστρίσι]
1360 4864 1398 4912 Gi.
1414 4862 1503 4912 sudas
1516 4862 1682 4925 Ἐφεστρις,

94 4934 133 4986 «ἐξ
145 4932 178 4979 ὧν
195 4934 218 4979 σί
227 4933 319 4988 τόξόται
330 4940 380 4989 ταῖς
398 4933 515 4997 ίφεστρίσι
532 4934 701 4996 καλυπτόμενοι
720 4937 832 4997 βάλλουσι
841 4934 894 4990 τούς
912 4935 1009 4983 ἐπὶτῶν
1024 4936 1252 4996 aragonensem
1265 4938 1288 4991 ἐξ
1299 4934 1398 4995 atratum
1410 4939 1507 4995 τριχῶν.
1527 4950 1540 4974 ι
1558 4937 1683 4994 Ἀρτῶντες

92 5003 167 5063 κύκλῳ
184 5001 314 5063 έφεστρίδας
326 5004 366 5051 καὶ
389 5004 458 5063 νείκη,
472 5005 504 5058 ὡς
518 5004 548 5051 du
559 5002 589 5051 τὰ
600 5007 698 5051 τοιαῦτα
708 5006 861 5065 προθλὴμκτα
874 5004 906 5066 μὴ
917 5004 1030 5064 εὔφλεκτα
1039 5005 1085 5063 τίη.
1104 5006 1115 5063 ΙΙ
1129 5032 1160 5041 -
1174 5006 1237 5054 ὥστε
1243 5005 1289 5069 γὰρ
1298 5004 1357 5067 τοῖς]
1371 5006 1433 5051 ὥστε
1447 5005 1492 5065 γὰρ
1505 5004 1528 5051 έν
1539 5009 1589 5060 τοῖς
1604 5003 1658 5052 rod.
1671 5002 1682 5065 Ι

92 5094 123 5108 -
132 5070 216 5134 λύγοις]
227 5071 303 5128 αὐτοῖς
313 5072 399 5133 codex,
410 5071 476 5135 quod
488 5085 520 5122 ex
533 5074 611 5133 λυγοις
624 5070 694 5121 lncile
706 5075 774 5124 nasci
785 5075 872 5139 potuit.
1441 5145 1444 5150 Ι

122 5142 170 5205 §2
183 5144 298 5209 trinovae]
308 5144 389 5194 δοῦναι
398 5144 452 5194 cod.
468 5143 479 5207 ΙΙ
502 5142 665 5207 -καλωθίοι;]
680 5146 762 5196 καλοδ.
780 5146 835 5195 cod.
853 5146 864 5210 ΙΙ
879 5176 907 5189 -·
920 5147 992 5210 ῥύμη]
1001 5164 1063 5211 τυμη
1074 5144 1161 5196 codex.
1175 5144 1186 5209 ΙΙ
1204 5174 1232 5187 -
1244 5144 1260 5206 5
1274 5149 1298 5195 3.
1313 5150 1355 5193 τοῦ
1366 5142 1503 5205 περιῦολιυ]
1513 5147 1541 5193 τὸ
1555 5162 1582 5191 π.
1597 5144 1673 5193 codex
