3809 5859
556 307 733 370 lllslolltls
754 309 806 370 DU
827 299 957 370 REGNE
977 311 1027 369 DE
1047 312 1237 372 TIRIDATE.
1632 317 1692 376 ίθθ

90 445 194 520 qu'aux
215 443 405 500 fondemenls.
424 443 449 497 11
475 461 511 497 en
531 443 589 516 prit
603 443 642 496 les
664 443 767 497 trisors
790 460 866 516 pour
922 443 1058 500 dez-vous
1067 443 1195 516 indique,
1206 445 1254 517 qui
1265 445 1333 500 etait
1342 445 1368 500 la
1378 445 1445 500 ville
1456 445 1492 502 de
1502 446 1693 520 Vagharscha·

88 535 127 590 les
141 532 298 589 distribues
310 549 365 586 aux
384 547 521 603 pauvres,
541 540 568 584 ct
582 531 600 583 il
616 548 752 584 consucta
765 531 792 586 le
804 542 863 585 ter·
921 531 990 600 bad,
1001 531 1070 586 dans
1079 532 1251 606 laprovince
1261 531 1402 590 d'drarat.
1413 535 1454 588 Le
1464 533 1508 588 roi
1520 552 1539 606 y
1549 535 1612 589 vint
1622 538 1694 590 aussi

87 623 151 678 rain
166 623 183 675 is
197 606 320 694 l'Eglise.
338 619 362 671 11
381 615 518 672 confirma
533 618 724 672 leshabitanls
742 617 782 672 du
796 634 867 692 pays
923 629 951 674 et
961 628 1053 674 tontes
1063 620 1103 674 les
1111 620 1242 676 cohortes
1249 620 1289 693 ε’]
1296 620 1572 690 ταεεετοθίὲεειιιςίοε
1579 623 1692 696 grands,

89 709 159 764 dans
169 710 195 764 Ιο
205 708 315 763 science
328 704 364 760 de
376 705 403 760 la
426 705 523 759 ve'ritd.
539 705 653 760 Ensuite
666 705 687 760 il
703 723 868 780 commenpa
922 707 962 761 les
974 707 1093 780 profem,
1108 706 1148 762 les
1159 725 1365 781 gouverneurs,
1378 709 1418 763 les
1427 707 1536 780 nobles,
1554 710 1593 765 les
1607 713 1694 784 gine-

89 796 256 858 iinstruire
282 811 349 849 arec
366 793 431 846 soin
453 791 522 846 dans
546 789 574 846 la
593 809 701 866 sngesse
725 790 820 848 divine
841 794 868 848 la
922 811 1011 860 raus,
1029 794 1069 849 les
1083 794 1314 864 commendante,
1334 797 1374 850 les
1397 797 1527 870 princes,
1543 796 1583 851 les
1602 809 1693 854 satra-

90 903 164 938 conr
175 883 216 939 du
230 883 289 951 roi,
303 880 372 936 ainsi
385 878 491 955 quoles
505 878 608 953 grands
621 889 650 934 et
662 879 702 934 les
715 879 815 935 nobles
828 879 866 936 de
921 900 987 955 pes,
996 882 1036 936 les
1041 880 1138 956 juges,
1153 887 1193 937 les
1203 884 1376 957 magistrats,
1389 893 1453 938 tous
1462 901 1490 939 se
1499 884 1695 957 presenterent

90 971 219 1030 l’armee.

439 1091 520 1149 CXL'

132 1233 163 1310 [5
179 1227 256 1311 ι35.]
273 1233 387 1288 Ensuite
401 1232 427 1286 le
442 1232 487 1287 roi
500 1230 637 1298 Tiridate,
649 1250 715 1288 avec
726 1251 755 1288 sa
767 1239 867 1289 temnis

90 1323 118 1378 ia
134 1323 215 1376 reine
227 1320 380 1376 Aschkhen
403 1331 431 1374 ct
452 1337 483 1375 sa
504 1337 579 1374 soeur
600 1320 867 1392 Khosrovitoukhd,

92 1408 260 1464 commanda
285 1407 373 1481 qu'on
399 1409 492 1462 riunit
517 1418 608 1463 toules
624 1425 666 1462 scs
689 1419 821 1483 troupes‚
840 1419 867 1464 et

93 1497 206 1570 d'apris
217 1515 259 1552 scs
269 1495 367 1551 ordres
380 1496 447 1550 elles
460 1495 617 1550 arriserent
629 1496 747 1551 aussitdt
756 1514 791 1550 au
805 1515 867 1552 ren·

94 1752 185 1813 καὶτὸ
200 1752 373 1812 όποστολικδν
388 1753 511 1831 κήρυγμα
524 1753 629 1811 κάκεῖσε
658 1753 781 1831 σπείρας,
799 1758 866 1812 ἀπο·

93 1848 189 1914 στῆσαι
201 1847 248 1914 τῆς
261 1843 387 1920 βδελυρᾶς
398 1845 449 1900 τῶν
462 1841 592 1916 δαιμόνων
602 1841 805 1921 προσκυνήσεως
820 1842 865 1900 καί

92 1933 139 2001 τῆς
154 1931 306 2010 ἔριαλτικῆς
317 1928 446 2010 ἐνεργείας
458 1927 493 1988 πθ
507 1928 658 2008 βαρόαρικόι
669 1928 755 2008 μέρη,
771 1930 817 1988 καὶ
829 1933 865 1997 είς

94 2016 130 2074 τὰ
145 2015 290 2092 μαθήματα
303 2019 348 2086 τῆς
358 2019 444 2086 θεῖκῆς
454 2016 545 2094 σορίαι
557 2016 715 2092 μεταλαθεῒν
726 2017 757 2076 τὸ
767 2016 865 2096 τραχύ-

95 2127 176 2163 τατον
189 2104 259 2170 ἔθνος
268 2101 312 2162 καί
321 2103 520 2184 περιφερόμενον
533 2106 644 2170 ἐθνικαῖς
656 2106 786 2182 ἀγωγαῖς,
800 2102 868 2163 ὥστε

97 2191 320 2268 πεπαιδευμένους
330 2191 375 2250 καί
387 2191 614 2269 γεγυμνασμένους
628 2193 654 2250 ἐν
667 2200 721 2258 τοῖς
735 2193 867 2270 εὐαγγελι-

94 2283 150 2346 κοῒς
171 2279 377 2358 παραγγέλμασι
390 2279 436 2338 καί
450 2281 496 2338 οὐκ
509 2278 578 2345 οἴους
595 2282 624 2356 (l.
640 2278 761 2358 οἰκείους)
784 2301 866 2337 κατα·

96 2371 201 2437 στῆσαι.
210 2365 344 2446 Ἐρθασεν
356 2357 400 2425 αι’ίν
410 2369 435 2426 έν
445 2371 483 2446 τῷ
493 2370 554 2446 ἱερῷ
562 2365 595 2426 Ἦ
599 2367 717 2446 ραίστου,
723 2365 865 2444 λεγομένου

94 2457 149 2514 υἱοῦ
164 2458 210 2512 τοῦ
222 2454 281 2523 Διὸς
292 2500 301 2530 ,
318 2457 345 2512 ἐν
360 2453 439 2532 κώμῃ
449 2453 575 2534 λεγομένῃ
592 2454 727 2534 Βαραάριζ
739 2452 805 2512 κατά
818 2455 865 2527 τήν

95 2545 146 2600 τῶν
160 2542 274 2622 Πάρθων
293 2545 435 2621 γλῶσσαν,
448 2541 492 2602 καί
516 2547 591 2600 τοῦτο
606 2542 658 2600 άπὸ
672 2543 798 2618 θεμελίων
817 2565 867 2601 κα-

95 2629 237 2711 τέσκαψεν,
259 2629 318 2696 τούς
340 2628 368 2688 δὲ
390 2629 577 2708 ἀποκειμένους
602 2628 747 2710 θησαυρούς
769 2629 866 2688 συλλέ-

95 2715 198 2793 ξαντες,
212 2725 265 2785 τοῖς
277 2720 393 2796 πτωχοῖς
406 2717 547 2792 διένειμαν·
562 2719 607 2776 καὶ
624 2717 668 2775 τὸν
681 2717 761 2778 τόπον
776 2722 809 2798 τῇ
822 2719 866 2775 έκ-

95 2801 193 2880 κληπίη
210 2802 357 2882 ἄρύρισαν,
382 2805 428 2862 καί
450 2803 586 2883 ἐστήριξαν
609 2807 635 2863 ἐν
658 2808 692 2883 τῇ
712 2803 804 2882 γνώσει
820 2809 867 2875 τῆς

96 2890 232 2960 ἀληθείαις.
249 2891 303 2950 Καί
320 2891 371 2949 riri
383 2891 441 2950 τότε
457 2891 580 2950 ἔσπευδεν
596 2890 657 2958 τοὺς
675 2891 864 2964 οἰκειοτάτους,

95 2978 143 3036 καὶ
164 2976 224 3044 τοὺς
241 2977 365 3054 μεγάλους
386 2987 430 3038 τοῦ
451 2979 580 3038 παλατίου
600 2979 646 3038 καὶ
671 2978 818 3059 ἐλευθέρους
838 2983 864 3040 ἐν

95 3063 168 3142 γένει
182 3068 209 3125 ἐν
223 3069 257 3143 τῇ
271 3070 317 3124 τοῦ
330 3067 400 3126 Θεοῦ
415 3067 491 3148 σορίορ
504 3068 654 3130 παιδεῦσαι.

923 969 1027 1024 devant
1042 969 1416 1038 leroi.Celui·cidecida‚de
1427 981 1544 1027 concert
1553 991 1693 1041 croceus,

923 1056 960 1111 de
969 1057 1051 1113 hiter
1059 1058 1085 1112 la
1093 1058 1250 1130 possession
1257 1057 1294 1114 de
1301 1059 1325 1113 si
1335 1057 1695 1132 grandsbienszsfldtons·

923 1163 997 1199 nous
1003 1145 1100 1199 d'elire
1107 1163 1183 1219 pour
1191 1155 1275 1200 notre
1283 1157 1398 1218 pasteur
1407 1147 1555 1222 Gregoire‚
1566 1151 1616 1222 qui
1622 1168 1695 1205 nous

924 1249 940 1285 a
955 1233 999 1286 ete
1014 1231 1110 1286 donni
1128 1251 1182 1304 par
1197 1235 1270 1289 Dicu
1293 1253 1403 1289 comme
1423 1235 1523 1310 guido,
1536 1255 1611 1312 pour
1624 1236 1695 1311 qu'il

925 1337 998 1376 nous
1009 1321 1137 1375 illumino
1150 1338 1204 1395 par
1221 1321 1247 1376 le
1266 1321 1414 1394 baptime‚
1431 1334 1460 1378 et
1475 1323 1545 1396 qu'il
1562 1344 1635 1381 nous
1648 1344 1694 1381 re-

922 1408 1054 1463 nouvelle
1069 1426 1121 1481 par
1142 1409 1168 1462 lc
1187 1420 1342 1463 sacrement
1363 1408 1403 1464 du
1417 1410 1562 1470 Createur.
1587 1437 1599 1460 ν
1626 1415 1696 1468 Mais

924 1496 1060 1570 Gregoire
1079 1514 1113 1551 ne
1126 1495 1236 1550 roulait
1255 1513 1307 1570 pas
1323 1499 1465 1552 consentit
1484 1498 1501 1552 ir
1518 1502 1647 1555 recevoir
1668 1503 1694 1555 le

922 1763 998 1813 eliam
1009 1763 1188 1827 promulgando
1204 1763 1417 1828 pradicationem,
1428 1764 1570 1816 abstrahere
1585 1766 1616 1816 ab
1634 1767 1692 1817 abo·

922 1871 1036 1922 minanda
1049 1871 1190 1922 damonum
1203 1872 1357 1934 adoratione,
1370 1875 1395 1922 ct
1409 1872 1440 1922 ab
1453 1872 1588 1936 Ephialtica
1606 1886 1694 1938 opera·

921 1979 988 2031 tione
1001 1984 1084 2044 partes
1092 1981 1231 2032 barbaricae
1240 2021 1247 2043 ,
1259 1984 1285 2033 et
1296 1981 1328 2032 ad
1336 1982 1489 2046 disciplinam
1498 1983 1589 2033 divine
1599 1984 1692 2047 sapien

922 2089 965 2138 tiae
978 2089 1111 2140 transferre
1123 2091 1220 2154 gentem
1232 2090 1404 2152 durissimam,
1417 2091 1586 2154 institutisque
1598 2091 1694 2154 gentili·

921 2197 969 2248 bus
980 2197 1161 2259 circumlatam,
1176 2201 1206 2249 ut
1225 2199 1315 2249 cruditi
1334 2202 1360 2249 et
1377 2199 1502 2250 exercitati
1524 2201 1607 2250 essent
1617 2213 1692 2250 eran-

921 2308 1005 2374 gelicis
1025 2309 1124 2358 monitis
1145 2309 1262 2359 atanici
1288 2309 1382 2360 tierent.
1402 2310 1477 2359 Venit
1495 2321 1553 2374 ergo
1577 2309 1609 2360 ad
1629 2312 1693 2360 tem·

921 2417 990 2480 plum
1000 2417 1118 2478 Vulcani,
1132 2417 1176 2480 qui
1191 2417 1260 2467 loris
1279 2418 1345 2468 lilius
1357 2418 1455 2480 dicitur,
1466 2419 1491 2469 in
1509 2431 1570 2484 pago
1583 2421 1694 2471 Barasriz

921 2525 1045 2575 nominato
1066 2525 1202 2575 secundum
1215 2526 1322 2590 linguam
1342 2527 1499 2588 Parthorum,
1513 2530 1539 2579 et
1546 2527 1594 2578 hoc
1606 2543 1622 2578 a
1638 2530 1695 2579 lun·

920 2635 1043 2685 (lamentis
1052 2637 1194 2685 everterunt
1206 2656 1212 2684 ι
1225 2635 1270 2686 sed
1281 2637 1409 2688 thesauros
1419 2637 1454 2686 ibi
1466 2639 1577 2701 jacentes
1591 2640 1690 2704 college

922 2745 996 2800 runt.
1008 2745 1034 2792 et
1042 2742 1179 2792 diviserunt
1195 2743 1342 2806 pauperibus
1357 2760 1363 2792 :
1376 2744 1460 2793 locum
1477 2757 1523 2807 pro
1535 2743 1639 2795 ecclesia
1658 2757 1693 2795 se

921 2858 1091 2921 questraruut,
1101 2858 1126 2906 et
1137 2857 1204 2920 ipsos
1211 2855 1237 2904 in
1244 2856 1379 2918 cognitione
1388 2856 1498 2907 veritatis
1510 2856 1692 2908 corilirmerunt.

920 2965 997 3016 Abeo
1010 2969 1121 3030 tempore
1131 2966 1256 3016 festinavit
1268 2966 1481 3029 familiarissimos,
1491 2969 1517 3018 et
1527 2980 1641 3031 proceres
1651 2980 1694 3031 pa·

920 3075 986 3136 latii,
1000 3077 1026 3126 et
1034 3089 1121 3139 genere
1134 3075 1236 3137 liberos,
1253 3075 1299 3125 Dei
1312 3074 1413 3125 scientia
1421 3075 1529 3127 erudire.

691 3303 819 3366 cllur
838 3303 1102 3367 DUODECIMUM.

105 3515 235 3575 Sanctus
254 3515 416 3593 Grsqorius
433 3533 501 3576 com
514 3519 629 3592 insiqni
643 3518 783 3574 comitatu
810 3519 838 3574 et
854 3532 920 3574 cum
933 3515 1043 3574 litteris
1066 3513 1231 3574 Caesaream
1243 3519 1350 3573 missso
1365 3530 1384 3573 α
1399 3531 1478 3591 repe,
1498 3513 1597 3592 ibique
1615 3515 1696 3576 ordl-

329 3625 415 3678 nolus
428 3618 679 3698 archiepiscopus,
698 3619 776 3678 redit
790 3624 823 3678 in
837 3619 1014 3679 Armeniam
1027 3633 1094 3676 cum
1111 3617 1221 3677 litteris
1235 3617 1473 3677 Caesoreeasium.

137 3803 155 3879 S
178 3803 246 3862 135.
269 3800 303 3863 Ὁ
318 3801 345 3861 δέ
366 3803 487 3882 βασιλεύς
499 3803 665 3880 Τηρηδοίτιος
678 3801 725 3862 σὺν
739 3807 773 3881 τῇ
790 3807 867 3882 βασι-

99 3888 178 3967 λίσσῃ
187 3889 323 3970 Ἀαιχήνη,
333 3892 380 3950 καλ
393 3915 425 3970 τη
435 3893 533 3971 ἀδελφῇ
544 3895 622 3952 αὐτοῦ
633 3891 868 3971 Κουσοιρωδούκτογ,

98 3977 233 4036 έκέλιυσεν
250 3983 411 4057 συναχθῆναι
433 3981 597 4058 ὁμοθυμαδὸν
617 3980 649 4038 τὰ
674 3979 867 4057 στρατεύματα.

99 4067 135 4125 Ol
149 4063 177 4123 δὲ
192 4065 235 4125 διδ
249 4065 345 4146 τάχους
365 4070 401 4134 εἰς
412 4067 459 4141 τήν
475 4067 621 4147 ὡρισμένην
641 4067 742 4146 ἡμέραν
754 4066 867 4146 παρεγέ-

98 4175 174 4212 νοντο
188 4155 223 4219 εἰς
238 4153 351 4235 Ἀραρθτ
365 4154 413 4226 τήν
429 4155 558 4234 πατρίδα,
577 4157 621 4214 καλ
641 4155 869 4234 Οὐαλεροιιτίστην

97 4238 149 4310 τήν
162 4240 247 4316 πόλιν,
261 4240 322 4300 ἔνθα
336 4241 382 4299 καί
396 4246 409 4300 θ
426 4244 546 4322 βασιλεὺς
560 4241 705 4322 ἐπορεύετο.
724 4241 777 4301 Καί
789 4241 869 4314 συνή·

99 4331 204 4406 χθησαν
218 4337 389 4409 μεγιστᾶνες,
417 4331 463 4390 καί
477 4329 622 4410 φύλαρχοι,
646 4330 691 4388 καί
716 4329 868 4409 τοπάρχαι,

98 4415 146 4472 καί
163 4417 188 4474 οἱ
203 4417 230 4474 ἐν
248 4416 377 4495 ἀξιώματι
390 4417 506 4494 ἔντιμοι,
520 4417 763 4498 στρατοπεδάρχαι,
782 4419 827 4476 καλ
847 4421 871 4476 οἱ

99 4501 143 4560 εἰτ’
155 4502 276 4572 έξουσιῶν
301 4505 439 4585 ἄρχοντες,
456 4507 590 4587 σατράπαι
610 4529 637 4564 τε
663 4506 708 4564 καί
727 4499 872 4584 ἐλεύθεροι,

99 4589 147 4648 καὶ
161 4592 340 4670 παρίστανται
357 4593 466 4654 ἐνώπιον
480 4600 526 4653 τοῦ
549 4595 688 4674 βασιλέως.
705 4592 871 4668 Συμόούλιον

954 3803 969 3866 §
987 3807 1039 3853 ¹35.
1055 3805 1107 3852 ilex
1126 3815 1198 3865 porro
1211 3801 1354 3852 Teredaiins
1367 3815 1425 3852 cum
1436 3801 1519 3866 regina
1535 3801 1654 3852 seldene
1671 3804 1697 3852 ct

923 3926 1006 3964 sorore
1030 3925 1078 3963 sua
1092 3911 1260 3963 cusaroducta
1285 3911 1359 3973 iussit
1379 3911 1525 3962 uuariimiter
1556 3912 1696 3977 congregari

923 4022 1052 4072 exercitus.
1067 4021 1100 4071 lli
1114 4035 1173 4072 vero
1189 4020 1306 4072 velociter
1319 4019 1424 4070 addiem
1438 4020 1608 4084 prestitutum
1620 4019 1694 4071 adre-

923 4136 1012 4183 neruni
1020 4132 1045 4182 in
1051 4131 1201 4196 provinciam
1210 4133 1303 4192 λεπταί,
1309 4130 1365 4183 σείει
1373 4130 1499 4180 civitatem
1505 4129 1695 4190 Valeroctisten‚

924 4255 974 4306 quo
980 4245 1006 4293 et
1012 4256 1056 4293 res
1064 4241 1190 4305 proiectus
1198 4244 1244 4291 est.
1251 4221 1397 4304 Congregati
1402 4243 1486 4291 autam
1494 4242 1553 4290 suut
1559 4243 1695 4304 magnates,

924 4352 1046 4416 principes
1055 4351 1183 4411 tribuum,
1204 4352 1314 4401 locorum
1326 4351 1461 4414 principes,
1478 4352 1504 4401 et
1520 4350 1563 4414 qui
1575 4350 1601 4400 in
1614 4348 1694 4414 digni·

925 4462 1017 4513 latibus
1037 4465 1095 4512 sunt
1116 4462 1242 4522 honorati,
1259 4461 1385 4525 agminum
1399 4461 1490 4523 duces,
1508 4461 1696 4525 magistratuum

925 4574 1048 4642 principes
1061 4577 1087 4626 et
1096 4575 1180 4638 liberi,
1192 4574 1387 4638 adstiteruntquc
1402 4587 1487 4625 coram
1501 4587 1568 4638 rege.
1587 4574 1691 4624 consul

100 4679 129 4738 δὲ
140 4677 236 4738 lissei
258 4680 326 4756 perd
340 4681 445 4740 πάντων
466 4686 480 4740 ὁ
499 4681 619 4762 βασιλεὺς
629 4728 636 4753 ,
648 4679 765 4738 σπεύδων
781 4679 873 4747 αὐτούς
926 4687 1271 4739 tabatautemcumomnibus
1279 4700 1337 4748 rex,
1354 4685 1456 4736 studens
1470 4683 1697 4747 bonorumoperum

101 4767 207 4842 ἀγαθῶν
235 4767 317 4845 ἔργων
341 4770 519 4848 κληρονόμους
547 4769 684 4847 γενέσθαι,
709 4768 754 4826 καί
785 4791 872 4848 φησιν·
926 4813 970 4850 ,0,
989 4799 1091 4849 reddero
1104 4812 1272 4862 90⁸⁸⁰⁵⁸⁰¹⁹⁸2
1290 4796 1407 4848 epm:
1422 4797 1508 4860 Agim,
1522 4795 1588 4844 hune
1604 4795 1695 4855 (ΜΟ.

100 4857 183 4911 Δεῦτε
197 4859 289 4914 τοῦτον
309 4859 335 4915 έν
350 4857 499 4936 τάχει,τδν
519 4857 624 4918 δοθέντα
649 4855 720 4936 παρὰ
735 4861 780 4915 τοῦ
801 4859 873 4916 Θεοῦ
941 4913 946 4926 ,
1048 4912 1054 4923 ,
1188 4911 1212 4960 b,
1236 4911 1279 4960 dt
1346 4911 1358 4959 t
1386 4910 1426 4959 ,m
1436 4908 1452 4958 d
1603 4904 1692 4953 fimum

99 4944 148 5010 τῆς
166 4945 324 5019 ζωῆςήμῶν
340 4946 444 5022 ὁδηγὸν,
467 4946 579 5022 ποιμένα
602 4945 811 5020 καταστήσωμεν
830 4944 874 5003 τὸν
927 4914 1187 4975 num'qmnfflm
1205 4921 1227 4960 ω
1253 4923 1346 4960 auses
1368 4923 1393 4958 n
1453 4920 1603 4970 ux'quamp

102 5031 260 5110 Γρηγόρων,
274 5030 344 5100 ὅπως
358 5035 459 5114 φωτγσ,
475 5040 546 5109 ἡμᾶς
560 5032 604 5092 μή
618 5038 664 5092 ,οη
679 5031 873 5112 βαπτίσματος,
928 5022 1108 5072 constituamus
1125 5023 1263 5084 pastorem,
1279 5021 1309 5069 ut
1332 5017 1453 5067 illuminet
1469 5028 1515 5065 nos
1533 5009 1680 5075 baptismate

100 5105 319 5200 καίοίνακαινίάῃ
341 5121 384 5180 διὰ
404 5125 456 5182 τῶν
480 5121 619 5203 ζωορόρων
641 5121 802 5200 μυστηρίων
828 5126 872 5179 τοῦ
921 5113 955 5178 ¹et
967 5128 1069 5178 renovet
1080 5126 1203 5191 mysteriis
1216 5124 1293 5174 vitam
1310 5119 1470 5172 alluentibus
1483 5114 1598 5168 umoris
1617 5111 1695 5163 nostri
