3809 5859
605 563 1270 692 rnonncounnn.

768 831 1056 867 ι-φ-ι-

733 1052 806 1139 ΒΕ
840 1048 1144 1142 CODlGlBUS.

508 1293 544 1355 ·1.
567 1292 691 1353 CODEX
712 1290 944 1355 PAlllSlENSlS
964 1290 1070 1351 DCVll
1092 1289 1363 1350 SUPPLEMEN'I’I.

180 1540 222 1599 lle
234 1539 290 1599 boc
304 1538 419 1608 codice,
431 1556 468 1595 ex
480 1556 539 1614 quo
550 1534 729 1593 Aristodemi
742 1546 770 1593 et
783 1534 902 1595 Eusebii
916 1546 944 1592 et
959 1533 1052 1592 Prisci
1063 1535 1223 1609 fragmenta
1233 1531 1422 1605 exhibemus,
1434 1534 1568 1610 quamvis
1580 1532 1736 1611 diligenter

136 1637 196 1717 jam
219 1635 388 1716 exposuerit
408 1632 529 1692 Carolus
552 1632 690 1691 Wesclrer
705 1632 737 1690 in
760 1632 838 1691 libro
862 1632 1078 1707 elegantissimo
1096 1631 1149 1709 qni
1174 1631 1348 1690 inscribitur
1369 1634 1571 1707 Polfometique
1588 1636 1638 1689 des
1658 1636 1743 1691 Grecs
1772 1662 1776 1665 ·

140 1734 247 1806 [Paris.
267 1734 354 1809 1867)
372 1752 403 1810 p.
421 1728 460 1789 xl
476 1750 555 1807 sqq.,
574 1742 668 1789 tamen
684 1741 716 1787 ut
729 1728 824 1787 denuo
838 1749 893 1789 nos
907 1729 1054 1801 dicamus,
1072 1728 1198 1786 instituti
1214 1727 1306 1786 nostri
1321 1728 1396 1786 ratio
1410 1728 1558 1806 postulare
1570 1728 1699 1787 videtur.

178 1830 325 1889 Minoidns
336 1828 432 1889 Minas
448 1846 464 1885 a
480 1828 644 1886 scholarum
659 1826 796 1885 ministro
810 1827 841 1884 in
854 1827 1002 1887 Orientem
1017 1826 1124 1884 missus
1142 1838 1176 1883 ut
1194 1824 1309 1882 codices
1323 1822 1367 1883 ibi
1382 1826 1519 1901 antiquos
1536 1824 1583 1882 rel
1596 1839 1739 1884 coemeret

142 1928 187 1985 vel
201 1924 393 1997 describeret,
405 1926 437 1981 in
451 1922 576 1981 Galliam
592 1922 685 1982 redux
698 1942 745 1983 an.
767 1922 841 1991 1843
856 1926 931 1981 inter
943 1924 1003 1981 alia
1015 1920 1203 1981 bibliothecae
1216 1920 1344 2000 publicae
1358 1921 1479 1979 tradidit
1496 1921 1656 1997 fragmenta
1669 1941 1744 1979 non-

140 2025 221 2083 nulla
229 2022 356 2099 Polybii,
364 2021 513 2099 Dionysii,
523 2020 665 2097 Polyaeni,
675 2020 802 2099 Dexippi
812 2032 840 2079 et
852 2020 984 2093 Eusebii,
992 2039 1095 2098 quase
1106 2018 1445 2097 descripsissedicebatc
1456 2018 1557 2077 codice
1569 2018 1668 2079 saeculi
1677 2014 1745 2078 llll.

142 2126 205 2180 Hoc
217 2122 305 2181 illinac
317 2118 469 2200 ἄπόγραφον
485 2138 562 2177 nunc
573 2130 667 2177 exstat
680 2118 712 2177 in
727 2117 915 2176 bibliothecae
926 2120 1019 2180 Paris.
1034 2117 1135 2176 codice
1148 2116 1206 2183 485
1214 2115 1432 2194 supplementi,
1445 2136 1483 2174 cx
1496 2135 1589 2193 eoque
1603 2116 1746 2191 fragmina

141 2218 196 2277 ista
206 2216 318 2296 publici
329 2215 407 2293 juris
420 2216 539 2275 fecimus
549 2214 585 2275 ad
595 2216 702 2297 calcem
714 2215 853 2275 editionis
860 2216 982 2295 losephi
991 2216 1101 2292 (1847).
1110 2214 1243 2272 Ceterum
1253 2214 1349 2273 Minas
1355 2214 1442 2272 etiam
1458 2226 1583 2272 veterem
1597 2213 1743 2287 codicem,

139 2334 176 2375 ex
197 2334 256 2392 quo
276 2314 338 2373 hacc
359 2314 511 2392 depromta
525 2325 608 2371 erant
622 2325 651 2371 et
665 2312 749 2390 cujus
763 2314 936 2391 acquirendi
954 2314 1117 2372 facultatem
1133 2311 1302 2387 denegatam
1322 2330 1386 2370 csse
1405 2310 1597 2389 putabamus,
1612 2310 1745 2369 Parisios

140 2409 292 2481 attulerat,
310 2408 360 2467 sed
374 2410 474 2468 nescio
490 2428 550 2485 quo
564 2408 688 2467 consilio
702 2408 776 2467 clam
788 2428 878 2487 penes
896 2430 928 2468 sc
942 2407 1107 2487 detinebat,
1121 2428 1215 2485 usque
1233 2407 1302 2466 dnm
1324 2407 1356 2467 in
1370 2407 1523 2466 domicilio
1546 2407 1676 2466 defuncti
1694 2426 1744 2466 rc·

140 2518 240 2584 pertus
254 2505 331 2564 liber
342 2504 528 2567 bibliotheca
543 2505 686 2563 thesauris
700 2505 899 2566 vindicaretur
914 2504 973 2586 (an.
991 2508 1087 2584 1863).
1100 2506 1193 2564 Simul
1209 2519 1277 2564 tnnc
1299 2525 1316 2563 e
1332 2504 1440 2564 chartis
1453 2504 1540 2563 Minae
1563 2517 1744 2583 compertum

139 2614 182 2661 est
197 2600 327 2660 codicem
342 2601 433 2661 fuisse
447 2603 618 2661 monasterii
631 2601 720 2661 Athoi
735 2604 813 2680 quod
827 2602 962 2664 Βατοπέδι
978 2617 1111 2664 uocatur.

179 2697 271 2761 Liber
285 2700 353 2771 illc,
370 2699 445 2758 altus
459 2700 630 2759 centimetra
647 2721 695 2772 27,
708 2700 784 2759 latus
799 2700 969 2758 centimetra
984 2720 1039 2776 oc,
1054 2699 1126 2757 folia
1146 2698 1366 2757 membranacea
1384 2696 1472 2757 habet
1486 2718 1555 2774 129,
1571 2717 1637 2774 quaa
1651 2696 1744 2755 Lucas

141 2795 260 2870 qnidam
273 2795 444 2875 bibliopega
456 2816 472 2853 c
485 2795 601 2855 Verona
615 2797 758 2855 oriundus
773 2796 877 2869 (λουκας
898 2817 1063 2875 corporosa<
1079 2795 1213 2875 ιλλιγατορ
1236 2794 1372 2873 ληὸρορομ
1393 2795 1425 2854 in
1446 2796 1512 2856 cod.
1531 2796 1662 2872 legitur),
1677 2814 1743 2855 saec.

141 2882 205 2951 xvl
218 2892 264 2950 rel
276 2888 355 2950 xvll
366 2893 398 2951 in
413 2893 574 2952 voluminis
586 2894 708 2953 formam
725 2893 884 2969 colligarit.
900 2892 957 2950 Sex
971 2893 1101 2949 continet
1114 2891 1229 2950 codices
1244 2892 1290 2949 vel
1305 2891 1438 2950 codicum
1451 2892 1609 2971 particulas
1623 2890 1742 2949 totidem

141 2987 268 3063 scriptos
281 2988 428 3049 manibus.
444 2988 488 3049 Ex
499 2990 546 3051 his
565 2991 699 3048 ultimum
716 2990 812 3048 locum
826 3001 902 3048 tenet
919 2988 1011 3047 codex
1026 3008 1091 3048 saec.
1109 2987 1174 3048 XVl
1200 2988 1263 3066 (fol.
1283 2988 1441 3067 rol-129),
1458 3008 1564 3047 novem
1590 2987 1744 3046 continens
1838 3067 1841 3071 ι

140 3082 287 3141 orationes
302 3082 397 3161 Lysiae
412 3088 470 3161 (or.
491 3108 519 3147 1.
535 3107 584 3146 ao.
602 3107 652 3147 aa.
670 3107 719 3147 aa.
737 3087 764 3143 3.
781 3107 810 3146 a.
827 3094 853 3152 ἰ..
868 3085 898 3144 5.
916 3106 934 3161 9
948 3084 994 3145 ed.
1009 3084 1100 3161 Did).
1119 3084 1248 3162 Reliquae
1265 3086 1414 3164 particulae
1428 3087 1559 3165 quinque
1580 3085 1745 3161 argumenti

140 3176 263 3236 vinculo
277 3180 401 3256 quodam
416 3182 493 3242 inter
504 3203 535 3241 se
546 3183 723 3261 junguntur,
739 3183 789 3241 sed
804 3182 880 3241 haud
890 3187 973 3260 justo
985 3201 1016 3240 se
1035 3181 1140 3241 ordine
1151 3183 1318 3261 excipiunt,
1334 3198 1363 3243 et
1376 3185 1514 3243 foliorum
1534 3184 1742 3242 nonnullorum

139 3274 187 3331 vel
208 3274 325 3351 jactura
349 3278 466 3351 lacerae,
486 3280 533 3339 rel
556 3281 784 3358 transpositione
806 3278 982 3357 perturbatae
1003 3291 1081 3341 sunt.
1106 3278 1147 3338 Ut
1170 3302 1249 3340 nunc
1271 3281 1349 3340 liber
1372 3281 1473 3351 habet,
1499 3282 1591 3341 series
1610 3281 1743 3341 codicum

139 3369 200 3429 baec
214 3385 255 3430 est
275 3392 283 3433 τ

223 3489 250 3527 ι.
273 3466 380 3528 Nicetae
393 3471 541 3531 Choniarae
557 3473 766 3549 fragmentum,
783 3472 835 3533 fol.
853 3493 917 3543 1·7.

223 3586 253 3625 a.
275 3564 478 3644 Chrysostomi
491 3570 700 3647 fragmentum,
714 3571 732 3630 f.
746 3571 829 3630 8-15.

223 3664 249 3723 3.
275 3663 392 3743 Scripta
410 3666 446 3724 de
467 3666 610 3726 machinis
629 3680 657 3725 et
672 3679 734 3725 arte
748 3664 955 3745 poliorcetica,
972 3666 991 3725 f.
1008 3668 1098 3725 18-80
1110 3682 1140 3727 et
1152 3671 1202 3729 82.

221 3766 250 3825 f..
274 3760 451 3820 Aristodemi
465 3776 494 3821 et
507 3763 676 3823 Philostrati
690 3764 865 3839 fragmenta,
880 3764 900 3823 f.
915 3765 950 3820 81
969 3776 997 3821 ct
1011 3765 1114 3839 83-87.

221 3855 250 3915 5.
273 3855 416 3935 Excerpta
428 3858 569 3919 historica
583 3860 620 3919 de
633 3860 749 3939 proeliis
763 3875 792 3920 et
808 3859 1034 3933 obsidionibus,
1048 3862 1068 3920 f.
1086 3863 1210 3923 88-103.
1228 3864 1273 3921 16.
1291 3884 1337 3935 17.

140 3949 174 4009 ln
188 3952 341 4011 codicibus
363 3955 378 4010 3
395 3966 423 4012 et
438 3954 455 4023 ’4
469 3967 499 4014 et
513 3956 529 4014 5
546 3956 684 4015 foliorum
700 3958 772 4016 ordo
786 3958 853 4017 talis
867 3956 964 4035 qualis
977 3978 1057 4016 nunc
1074 3973 1129 4031 est,
1142 3959 1420 4039 transpositionibus
1435 3973 1463 4018 et
1484 3960 1596 4019 lacunis
1612 3957 1745 4018 turbatus

141 4048 334 4126 mutilusque,
352 4051 499 4110 indicatur
512 4052 667 4131 adscriptis
686 4056 817 4114 numeris
841 4056 942 4131 graecis
966 4054 1084 4136 (α’-πζ’).
1100 4056 1138 4114 Hi
1158 4055 1249 4133 igitur
1271 4058 1385 4116 codices
1405 4057 1500 4136 juncti
1518 4061 1595 4117 inter
1613 4077 1644 4117 se
1663 4068 1747 4115 erant

141 4156 294 4221 antequam
312 4145 481 4205 accederent
501 4148 641 4207 codicesa
653 4162 682 4207 et
692 4152 721 4222 3,
733 4170 857 4228 quorum
871 4154 944 4211 alter
957 4152 1067 4211 Nicetae
1079 4154 1276 4213 narrationem
1293 4154 1329 4213 de
1343 4168 1506 4233 expugnata
1521 4176 1569 4215 an.
1584 4162 1656 4241 raol,
1670 4152 1747 4248 Con:

1654 4230 1670 4239 0.

141 4240 349 4318 stantinopoli,
365 4242 437 4301 alter
451 4257 563 4321 partem
583 4247 725 4305 orationis
745 4246 947 4326 Chrysostomi
962 4249 998 4308 de
1012 4250 1067 4308 Dei
1083 4250 1201 4309 ciuitate
1214 4252 1394 4311 defendenda
1406 4254 1545 4313 continet.
1591 4240 1605 4253 ‘

759 4422 888 4473 SCRIPTA
903 4424 946 4473 DE
963 4426 1125 4474 blalcllllflS.

97 4647 101 4653 η
184 4570 284 4649 ltaque
306 4574 404 4651 primo
426 4576 492 4639 loco
514 4578 619 4656 loquar
636 4578 672 4638 de
696 4579 796 4639 codice
817 4583 920 4659 tertio,
937 4584 970 4646 in
995 4604 1055 4662 quo
1077 4584 1203 4663 pristina
1222 4597 1251 4644 et
1272 4584 1400 4661 genuina
1419 4586 1558 4645 foliorum
1576 4586 1666 4645 series
1683 4584 1745 4647 baer

142 4680 207 4725 erat
225 4688 233 4724 :

222 4763 422 4835 Quaterniol.
440 4768 491 4829 sol.
514 4771 560 4829 18.
588 4790 636 4847 19.
660 4792 709 4831 ao.
733 4793 782 4834 aa.
806 4793 855 4835 aa.
880 4777 927 4837 23.
951 4786 1001 4846 af.
1026 4780 1076 4838 3ι.

383 4862 422 4924 ll.
501 4867 558 4928 'a5.
584 4878 632 4927 all.
659 4889 708 4940 ²7.
732 4870 780 4929 28.
804 4891 851 4946 ²9·
876 4874 925 4932 3ο.
951 4875 998 4934 3ι.
1032 4877 1049 4906 *

363 4959 418 5023 lll.
509 4966 559 5023 60.
583 4966 633 5041 59.
656 4966 705 5025 61.
731 4966 778 5026 33.
803 4968 851 5035 34.
876 4969 925 5027 35.
950 4971 1001 5030 36.
1024 4973 1072 5044 37.

284 5055 321 5113 lv
335 5070 363 5115 et
375 5057 410 5119 V.
507 5059 609 5121 3853.

919 5165 958 5245 rij
