3809 5859
652 362 949 428 COMMENTAIRES
970 367 1044 431 siin
1064 371 1200 432 L’INDE.
1698 378 1733 434 'il

121 479 328 562 διημερεύοντες
347 483 375 540 έν
394 489 446 548 τοῖς
471 483 531 560 περὶ
554 489 600 542 τοῦ
617 484 686 544 θείου
704 486 799 564 λόγοις,
817 487 908 567 ἔχουσι

125 572 160 631 δὲ
178 571 267 638 οἴκους
289 571 335 630 καί
359 571 456 646 τεμένη
478 571 529 630 ὑπὸ
550 577 599 630 τοῦ
620 574 748 651 βασιλέως
768 577 908 653 οἰκοδομη-

126 660 223 732 θέντα,
238 662 265 716 ἐν
280 649 319 726 οἷς
333 657 465 734 οἰκονόμοι
480 659 544 718 εἰσίν
558 661 706 720 ἀπότακτόν
720 686 746 720 τι
758 663 908 739 λαμόαίνον-

129 773 176 816 τες
199 747 274 828 παρὰ
295 751 342 805 τοῦ
358 747 486 824 βασιλέως
507 749 543 813 είς
564 747 662 828 τροφὴν
679 753 730 817 τῶν
755 751 904 812 συνιόντων.

122 835 167 899 Ἦ
193 836 221 894 δὲ
246 835 402 914 παρασκευὴ
430 833 529 912 γίνεται
557 835 650 916 ὀρύζης
675 836 721 896 καὶ
749 839 835 920 ἄρτων
864 839 908 898 καὶ

128 923 239 1004 ὀπώρας
263 923 310 982 καί
333 923 470 1002 λαχάνων.
515 923 568 982 Καὶ
597 924 765 984 εἰσελθόντων
796 931 832 994 εἷς
862 927 907 986 τὸν

125 1004 202 1073 οἶκον
216 1011 267 1070 ὑπὸ
280 1011 437 1094 σημαίνοντι
454 1011 556 1072 κώδωνι
569 1014 593 1070 οί
609 1013 645 1087 μὴ
662 1015 815 1091 Σαμαναῖοι
831 1014 905 1082 ἐξία-

131 1125 192 1173 σιν,
214 1102 238 1158 οί
272 1101 300 1160 δὲ
331 1098 534 1179 προσεύχονται.
578 1099 738 1178 Εὐξαμένων
768 1102 796 1162 δὲ
827 1102 906 1160 πάλιν

129 1186 317 1256 διακωδωνίζει
326 1186 373 1246 καὶ
384 1189 408 1244 ol
421 1187 551 1265 ὑπηρέται
565 1187 668 1268 ίκοίστιμ
682 1189 804 1268 τρυύλίον
820 1191 908 1257 δόντες

128 1279 140 1358 ί
147 1276 194 1335 δύο
206 1275 256 1356 γδρ
271 1277 300 1334 ἐκ
309 1276 405 1334 ταύτοῦ
418 1275 748 1358 ούκίσθίουσι)τρέρουσιν
762 1278 797 1359 (1)
814 1277 907 1345 αύτούς

125 1369 162 1444 τῇ
181 1365 275 1442 ipit·
297 1363 379 1442 τῷδέ
400 1362 515 1444 δεομένῳ
537 1365 669 1432 ποικιλίας
685 1366 853 1444 προστίθεται
877 1367 907 1426 τδ

124 1453 247 1531 λάχανον
268 1451 285 1522 ἢ
303 1455 351 1522 τῆς
365 1450 472 1529 ὀπώρας
487 1475 523 1514 τι.
567 1452 717 1532 Τραρέντες
732 1455 759 1513 δὲ
773 1455 908 1530 συντόμως

134 1541 181 1600 ἐπὶ
193 1539 239 1605 τδις
259 1537 338 1604 αὗτδις
362 1537 498 1617 διατριόδις
516 1538 622 1606 ἐξίασιν.
666 1540 795 1616 ’λγύναιοι
815 1541 837 1600 δ’
857 1542 907 1601 εἶσί

132 1630 231 1694 πάντες
245 1627 289 1686 καί
311 1627 459 1702 οῖκτήμσνες
471 1626 516 1685 καί
531 1633 653 1687 τοσοῦτον
666 1631 750 1688 αὐτῶν
759 1652 788 1687 τε
799 1632 844 1689 καὶ
855 1634 907 1698 τῶν

132 1717 301 1796 Βραχμοίνων
324 1713 404 1780 σέόας
428 1713 532 1794 ἔχουσιν
547 1717 571 1772 οἱ
592 1716 685 1792 ἄλλοι,
708 1717 776 1777 ὥστε
796 1718 841 1777 καῖ
862 1718 905 1776 τὸν

132 1804 244 1882 βασιλέα
260 1807 428 1884 ἀφικνεῖσθαι
439 1805 502 1881 παρ’
521 1803 612 1869 αὐτούς
630 1804 675 1862 καὶ
690 1805 814 1864 ἱκετεύειν
827 1804 905 1875 εύξα-

131 1892 193 1952 σθαί
207 1903 237 1950 τι·
246 1891 291 1950 καῖ
305 1892 429 1961 δεηθῆναι
441 1891 508 1970 ὑπὲρ
518 1894 569 1948 τῶν
584 1893 844 1969 καταλαμόανόντων
856 1893 903 1965 τλν

129 1979 223 2060 χώραν
236 1979 254 2050 ἢ
266 1978 458 2055 συμύουλεῦσαι
469 1980 499 2038 τὸ
513 1980 654 2052 πρακτέον.

172 2071 190 2144 §
202 2088 236 2128 18.
259 2067 341 2128 Abroi
352 2066 379 2126 δὲ
394 2065 474 2133 οὕτως
486 2066 552 2146 πρὸς
565 2067 675 2128 θάνατον
697 2069 857 2148 διάκεινται,
871 2096 906 2140 ως

131 2156 179 2216 τὸν
196 2155 244 2229 μὲν
257 2161 304 2214 τοῦ
317 2159 361 2225 ζῆν
373 2154 464 2234 χρόνον
477 2153 567 2235 ὥσπερ
581 2156 728 2235 ἀναγκαίαν
739 2158 797 2216 τινὰ
810 2163 843 2238 τῇ
858 2158 905 2239 pi·

129 2268 170 2303 σει
185 2244 350 2323 λειτουργίαν
370 2242 497 2312 ἀκουσίως
512 2243 667 2322 Ιξιπομένειν,
680 2247 800 2305 σπεύδειν
815 2247 842 2306 δὲ
858 2253 905 2315 τὰς

128 2333 218 2414 ψυχὰς
247 2335 381 2392 ἀπολῦσαι
405 2335 458 2391 τῶν
486 2333 629 2409 σωμάτων.
673 2334 727 2394 Καί
761 2336 904 2412 πολλάκις,

131 2421 193 2481 ὅταν
208 2413 321 2500 slipen
338 2421 509 2501 σκέψωνται,
524 2421 636 2498 μηδενὸς
655 2423 747 2489 αὐτοὺς
759 2422 905 2501 ἐπείγοντος

129 2513 210 2567 κακοῦ
225 2507 293 2586 μηδὲ
309 2508 489 2577 ἐξελαύνοντος
507 2509 590 2576 ἐξίασι
602 2517 649 2569 τοῦ
671 2511 744 2589 βίου,
764 2511 906 2590 προειπόν-

128 2620 171 2662 τες
187 2597 277 2674 μέντοι
290 2605 346 2663 τοῖς
362 2597 464 2662 ἄλλοις·
482 2596 528 2654 καὶ
544 2596 613 2656 ἔστιν
627 2599 711 2665 οὐδείς
733 2603 747 2657 ὁ
763 2599 905 2672 κωλύσων,

128 2685 199 2744 iili
222 2686 321 2751 πάντες
345 2683 440 2751 αὐτούς
462 2685 686 2762 εὐδαιμονίζοντες
702 2687 766 2768 πρὸς
787 2687 846 2754 τοὺς
869 2690 905 2746 οῖ·

128 2773 215 2839 κτίσας
235 2777 287 2831 τῶν
311 2772 475 2845 τεθνηκότων
493 2773 687 2844 ίπισκήπτουσί
701 2798 769 2836 τινα.
814 2775 905 2843 Ούτως

130 2861 245 2938 βεὸαίαν
258 2861 304 2919 καὶ
317 2861 498 2933 ἀληθεστάτην
512 2861 586 2921 αὐτοί
597 2885 626 2920 τε
641 2863 686 2921 καί
703 2866 725 2922 οἱ
742 2865 835 2922 πολλοὶ
848 2871 906 2932 ταῖς

128 2953 232 3029 ψυχαῖς
250 2950 296 3019 τὴν
312 2954 367 3026 μετ’
385 2950 508 3020 ἀλλήλων
523 2939 589 3008 εἶναι
605 2950 707 3010 δίαιταν
723 2952 903 3011 πεπιστεύκα-

128 3057 204 3097 σιν(
229 3040 264 3098 Oi
285 3037 307 3094 δ’
322 3037 424 3098 ἐπειδὰν
445 3039 618 3097 ὑπακούσωσι
638 3043 690 3096 τῶν
711 3041 904 3117 ἐντεταλμένων

129 3125 234 3196 αὐτοῖς,
247 3124 311 3204 πυρί
324 3125 353 3184 rb
367 3127 633 3205 σῶμαπαραδόντες,
651 3126 722 3194 ὅπως
737 3129 768 3199 δὴ
781 3134 902 3207 καθαρω-

124 3212 216 3284 τάτην
232 3211 391 3290 ἀποκρίνωσι
402 3219 448 3270 τοῦ
463 3211 583 3290 σώματος
594 3213 643 3286 τὴν
653 3216 757 3295 ψυχὴν,
775 3218 905 3293 ὑμνούμε-

123 3325 169 3360 νοι
185 3303 343 3360 τελευτῶσι·
366 3307 429 3381 ῥᾷον
444 3301 493 3380 γδιρ
507 3302 619 3369 ἐκείνους
638 3306 672 3370 εἷς
693 3304 736 3362 τὸν
746 3304 862 3363 θοίνατον
879 3309 904 3364 οἱ

125 3391 251 3470 ριλτατοι
266 3387 468 3465 ἀποπέμπουσιν
483 3388 499 3461 ἢ
513 3393 565 3447 τῶν
580 3390 667 3448 ἄλλοιν
682 3392 824 3470 ἀνθρώπων
841 3392 902 3451 ἕκα-

126 3501 185 3536 στοι
198 3476 257 3543 Ιτούς
269 3477 379 3544 πολίτας
394 3481 429 3544 εἷς
444 3477 481 3554 μὴ
498 3477 627 3554 μηκίστας
641 3480 801 3556 ἀποδημίας.
850 3481 904 3541 Καὶ

126 3575 196 3646 cpi<
210 3564 258 3642 μὲν
270 3563 365 3632 αὐτοὺς
379 3565 534 3645 δακρύουσιν
544 3569 570 3624 έν
577 3570 614 3646 τῷ
623 3570 668 3638 ζῆν
678 3568 846 3642 διαμένοντας
860 3570 903 3650 (ι),

126 3654 241 3720 ἐκείνους
256 3652 282 3711 δὲ
298 3653 473 3732 μακαρίζουσι
485 3651 533 3724 τὴν
549 3655 677 3713 ἀθάνατον
691 3655 765 3726 λῆξιν
781 3658 904 3732 ἀπολαμ·

128 3739 273 3814 ὅσίνοντας,
295 3741 341 3799 καί
363 3741 446 3808 οὐδεὶς
464 3739 524 3799 οὗτε
546 3743 617 3820 παρδι
637 3741 737 3812 τούτοις
758 3741 817 3802 οὔτε
831 3745 904 3823 παρδι

128 3839 185 3894 τοῖς
199 3829 287 3896 σίλλοις
305 3833 359 3896 τοῖς
380 3829 525 3908 εἰρημένοις
545 3829 669 3912 σοφιστὴς
689 3831 840 3912 προελθὼν,
855 3825 904 3893 οἷοι

129 3917 219 3996 βροτοί
244 3923 288 3976 νῦν
319 3919 384 3996 παρ’
406 3917 554 3994 Ἕλλησιν,
578 3921 686 3997 ἀπορεῖν
713 3920 783 3989 ἔδοξε
807 3921 902 3999 λέγων·

129 4005 196 4064 Ἐὰν
219 4007 287 4078 ὑμᾶς
302 4005 397 4072 πάντες
417 4007 602 4084 μιμήσωνται,
618 4008 644 4066 τί
657 4012 720 4083 ἡμῖν
736 4009 826 4082 έσται;
846 4007 904 4068 οὕτε

126 4091 173 4150 διδ
190 4092 296 4158 τούτους
309 4093 437 4171 συνεχύθη
451 4094 484 4152 τὰ
495 4097 547 4151 τῶν
565 4095 720 4174 ἀνθρώπων.
763 4093 836 4156 Οὔτε
852 4095 904 4176 γδιρ

126 4180 296 4256 ἐμιμήσαντο
307 4180 418 4252 πάντες,
435 4179 461 4239 οί
474 4204 503 4238 τε
519 4181 676 4260 μιμούμενοι
697 4183 819 4260 εὐνομίας
835 4188 904 4262 μᾶλ-

126 4271 195 4344 λον,
210 4269 238 4326 ού
253 4267 405 4346 συγχύσεως
420 4276 472 4335 τοῖς
486 4269 570 4328 ἔθνεσι
584 4272 720 4349 γεγόνασιν
733 4271 823 4331 αἴτιοι.
850 4273 903 4332 Καὶ

130 4354 187 4428 μὴν
201 4355 257 4415 odil
275 4355 382 4432 ὁνόμος
395 4355 502 4424 τούτους
516 4357 684 4436 ἠνάγκασεν,
706 4358 772 4418 ἀλλδι
786 4367 840 4426 τοῖς
855 4359 903 4419 σίλ-

123 4446 184 4508 λοις
207 4441 349 4523 ἐπιτρίψας
368 4449 494 4503 σιτεῖσθαι
515 4443 609 4524 κρέασι
625 4446 733 4514 τούτους
747 4447 905 4524 αὐτονόμους

124 4531 203 4590 εἴασε
216 4531 263 4590 καί
274 4529 370 4612 ratpot,
383 4535 418 4598 ὣς
429 4537 509 4592 αδτοῦ
520 4533 685 4613 κρείττονας,
698 4539 727 4594 ού
739 4534 792 4610 μὴν
805 4538 839 4602 ὡς
849 4539 904 4594 ἀδι-

124 4619 186 4686 κίας
200 4619 381 4698 κατάρχοντας
396 4619 517 4699 θπήγαγε
531 4625 564 4700 τῇ
581 4624 644 4700 παρ’
658 4627 737 4681 αὑτοῦ
750 4623 826 4702 δίκῃ,
837 4624 906 4682 ἀλλὰ

124 4707 190 4773 πούς
203 4707 316 4791 ἑτέρους.
359 4709 434 4786 Πρὸς
452 4708 542 4784 μέντοι
554 4709 614 4777 τούς
628 4712 781 4790 ἐρωτῶντας
794 4711 820 4770 τί
831 4711 905 4772 ἔσται

126 4795 326 4872 μιμησαμένων
343 4796 452 4878 πάντων
468 4797 527 4864 τοὺς
544 4800 690 4868 τοιούτους,
706 4800 796 4880 Ιδητέον
812 4800 842 4858 τδ
859 4807 904 4859 τοῦ

124 4883 305 4962 Πυθαγόρου·
325 4884 372 4942 καί
396 4885 448 4965 γὰρ
479 4886 608 4962 βασιλέων
631 4888 737 4946 πάντων
759 4888 904 4967 γενομένων

123 4971 334 5039 δυσδιέξακτοςὸ
349 4971 422 5050 βίος,
443 4975 539 5054 ρησῖν,
553 4973 627 5033 ἔσται
645 4975 690 5034 καὶ
703 4979 732 5036 ού
747 4976 830 5048 δήπου
843 5001 905 5056 ρευ-

118 5059 204 5118 κτέον
220 5058 311 5131 τὸτῆς
327 5060 477 5138 βασιλείας·
495 5062 541 5120 καί
555 5063 704 5123 σπουδαίων
721 5063 844 5125 ἁπάντων
858 5069 904 5125 οὐκ

157 5185 197 5251 (¹)
209 5189 336 5252 fricet-ru.
350 5215 381 5227 -
394 5189 429 5254 (²)
441 5191 611 5255 διαμείναντες·

962 503 992 542 ase
1005 495 1085 542 totum
1100 493 1167 544 diem
1182 494 1207 544 in
1222 494 1312 548 divinis
1324 493 1452 556 colloquiis
1465 493 1616 555 traducunt,
1632 494 1677 545 ubi
1689 497 1735 543 do-

963 593 1017 630 mos
1028 583 1054 630 et
1065 580 1122 631 tana
1134 596 1149 632 a
1160 596 1216 645 rege
1225 582 1350 652 exstructa
1359 581 1452 631 babent
1463 581 1504 631 :in
1516 582 1607 645 quibus
1616 584 1737 633 oeconomi

962 671 1032 731 sunt,
1043 670 1086 732 qui
1098 673 1191 720 ceriam
1206 669 1330 733 quondm
1344 667 1485 719 mercedem
1497 669 1530 719 ad
1540 671 1737 720 convenientium

962 757 1104 808 albuenturn
1118 772 1133 808 a
1149 772 1206 821 rege
1219 758 1349 822 accipiunt.
1381 757 1468 808 Victus
1483 771 1570 807 eorum
1584 771 1698 822 eroryra
1711 766 1737 809 et

961 858 1024 909 pane
1036 847 1062 896 et
1071 846 1151 908 pomis
1162 849 1188 896 et
1202 847 1310 897 oleribus
1319 849 1457 910 apparatur.
1476 821 1552 895 ‘iiam
1564 860 1622 895 cnm
1633 847 1736 911 ingressi

962 936 987 984 in
1000 933 1100 984 domum
1113 934 1220 994 luerint,
1232 935 1264 984 ad
1275 933 1430 1008 tintinnabuli
1441 934 1666 1008 signum-{Q
1679 948 1735 998 pre·
1770 923 1874 988 studio

961 1035 1004 1092 ces
1020 1023 1166 1084 effundunt;
1184 1022 1251 1086 quod
1271 1022 1315 1072 ubi
1337 1021 1464 1082 lecerunt,
1483 1023 1552 1086 siguo
1571 1023 1663 1074 iterum
1679 1023 1737 1073 dato

961 1111 1067 1160 ministri
1079 1111 1181 1174 singulis
1192 1111 1261 1160 lance
1276 1110 1374 1172 oblata,
1390 1110 1440 1160 duo
1451 1110 1517 1160 enim
1532 1124 1563 1160 ex
1578 1111 1667 1162 eodem
1677 1125 1737 1161 rese

962 1213 1010 1248 non
1031 1199 1179 1260 comeduut,
1192 1213 1266 1261 oryza
1284 1198 1351 1264 ipsos
1368 1201 1479 1262 pascunt.
1512 1199 1538 1248 Si
1555 1199 1613 1264 quis
1633 1200 1735 1250 varieta-

961 1289 1013 1337 tern
1027 1288 1133 1352 aliquam
1145 1289 1266 1352 requirat,
1282 1287 1337 1336 olus
1350 1290 1393 1337 aut
1403 1299 1534 1350 pomorum
1551 1287 1678 1351 quidpiam
1689 1300 1733 1350 ap-

960 1377 1061 1439 ponitur
1083 1375 1195 1440 :qnibns
1213 1389 1272 1426 sane
1292 1375 1405 1426 celeriter
1420 1378 1563 1425 vescuntur.
1596 1379 1652 1434 Quo
1670 1376 1736 1425 tacto

960 1467 1050 1516 exeunt
1061 1464 1094 1514 ad
1107 1464 1193 1515 eadem
1203 1465 1286 1514 studia
1297 1477 1352 1515 sese
1366 1463 1516 1514 conversuri.
1548 1450 1640 1513 Omnes
1651 1466 1735 1513 autem

960 1554 1059 1603 crelibes
1075 1556 1133 1603 sunt
1145 1567 1225 1615 neque
1239 1553 1303 1602 ullas
1317 1552 1485 1616 possessiones
1500 1551 1607 1610 habent3
1620 1566 1650 1601 ac
1666 1554 1735 1602 tanta

960 1644 986 1692 et
998 1642 1044 1704 ipsi
1058 1644 1084 1692 et
1096 1642 1259 1691 brachmanes
1269 1642 1295 1690 in
1303 1640 1460 1691 veneratione
1471 1639 1537 1703 apud
1547 1639 1609 1689 alios
1622 1641 1696 1700 sunt,
1705 1641 1735 1689 ut

963 1742 1006 1777 rex
1020 1742 1119 1792 quoqne
1132 1729 1255 1779 interdum
1268 1728 1300 1778 ad
1315 1742 1359 1778 eos
1375 1727 1491 1788 accedat,
1508 1730 1626 1791 rogetque
1646 1729 1675 1776 ut
1690 1712 1735 1789 pro

960 1818 1028 1865 siaiu
1041 1816 1148 1880 regionis
1167 1815 1242 1865 deum
1259 1817 1397 1879 precentur,
1412 1817 1456 1865 aut
1469 1814 1530 1878 quid
1543 1813 1665 1878 agendum
1683 1814 1733 1874 sit,

959 1905 1100 1954 cousulant.

991 1991 1006 2053 §
1024 1996 1061 2040 tii.
1078 1992 1129 2054 lpsi
1137 1995 1220 2042 autem
1229 1991 1266 2040 ita
1278 2003 1336 2054 erga
1347 1993 1454 2040 mortem
1472 1989 1557 2039 allecti
1571 1992 1644 2050 sunt,
1657 1995 1686 2039 ut
1698 2003 1736 2038 νι-

959 2078 1033 2128 rendi
1049 2083 1148 2142 tempus
1167 2078 1240 2142 quasi
1255 2077 1422 2130 necessarium
1439 2076 1564 2140 quoddam
1576 2080 1673 2127 naturae
1686 2076 1733 2125 mi-

959 2164 1089 2214 nisterium
1102 2164 1174 2215 inniti
1191 2165 1343 2225 sustineant,
1356 2167 1430 2227 atque
1443 2163 1500 2214 ideo
1515 2164 1608 2212 animas
1620 2176 1635 2212 a
1646 2176 1732 2226 corpo

959 2253 1028 2303 ribus
1040 2253 1154 2303 festinent
1168 2253 1305 2303 absolvere.
1338 2256 1374 2302 Ac
1387 2264 1452 2315 saepe
1464 2252 1507 2302 ubi
1524 2251 1587 2301 berre
1601 2264 1629 2300 se
1641 2250 1734 2300 habere

959 2343 1142 2406 conspexerint,
1160 2342 1228 2391 nullo
1249 2341 1314 2391 malo
1329 2343 1435 2404 urgente
1450 2355 1464 2390 e
1480 2340 1532 2390 rita
1552 2339 1690 2398 decedunt,
1705 2352 1733 2388 re

959 2434 1042 2482 tamen
1057 2431 1111 2480 aliis
1131 2430 1310 2494 praenuntiata,
1330 2429 1462 2491 nullusque
1480 2428 1513 2478 sit
1532 2428 1574 2491 qui
1590 2426 1732 2491 probibeat,

959 2519 1004 2568 sed
1016 2532 1102 2569 omnes
1113 2532 1156 2568 eos
1167 2519 1252 2568 beatos
1262 2516 1424 2581 predicantes
1433 2518 1486 2567 suis
1500 2517 1604 2579 quisque
1613 2514 1732 2564 domesti-

959 2607 995 2657 cis
1012 2608 1138 2658 morituris
1150 2607 1266 2658 mandata
1276 2607 1391 2670 quaedam
1408 2605 1529 2656 tradant:
1546 2605 1608 2654 adeo
1619 2603 1733 2654 stabilem

961 2709 989 2744 ac
1003 2710 1087 2746 reram
1096 2699 1122 2746 et
1130 2696 1177 2759 ipsi
1188 2699 1213 2746 et
1222 2696 1333 2759 plerique
1349 2694 1477 2753 animabus
1490 2695 1554 2743 inter
1568 2707 1595 2742 se
1606 2695 1664 2757 post
1680 2692 1732 2742 obi·

959 2791 1014 2836 ium
1023 2786 1100 2835 vitam
1108 2798 1163 2834 esse
1172 2783 1337 2834 crediderunt.
1368 2783 1407 2833 llli
1418 2786 1502 2832 autem
1511 2782 1555 2831 ubi
1566 2781 1681 2831 mandata
1688 2779 1734 2830 sibi

959 2875 1091 2926 commissa
1113 2876 1292 2937 perceperunt,
1310 2885 1413 2935 corpore
1431 2873 1457 2920 in
1470 2872 1551 2934 ignem
1565 2870 1689 2930 conjecto,
1706 2870 1734 2917 ut

960 2961 1117 3024 purissimam
1132 2973 1147 3010 a
1168 2973 1270 3024 corpore
1285 2958 1392 3008 ammam
1409 2959 1552 3018 secernant,
1569 2956 1601 3028 ab
1621 2954 1735 3005 omuibus

958 3049 1076 3100 celebrati
1101 3051 1207 3098 mortem
1223 3048 1324 3098 obeunt,
1357 3047 1468 3109 AEquiori
1489 3046 1554 3095 enim
1575 3045 1657 3094 animo
1680 3043 1735 3093 illos

959 3138 1032 3189 amici
1046 3151 1076 3187 ac
1088 3138 1218 3202 propinqui
1229 3135 1261 3186 ad
1270 3139 1377 3186 mortem
1390 3135 1532 3195 dimittunt,
1549 3148 1624 3198 quam
1637 3134 1679 3182 alii
1687 3132 1733 3182 bo'·

960 3227 1039 3276 mines
1055 3240 1113 3275 suos
1132 3225 1239 3288 quisque
1256 3225 1325 3274 cives
1336 3224 1361 3272 in
1374 3237 1423 3272 uon
1439 3221 1573 3272 admodum
1590 3221 1734 3284 longinquas

958 3314 1182 3379 peregrinationes:
1198 3327 1229 3362 ac
1243 3326 1270 3363 se
1281 3313 1348 3375 ipsos
1362 3311 1406 3374 qui
1420 3311 1447 3360 in
1466 3309 1516 3360 vita
1529 3309 1676 3373 superstites
1693 3319 1733 3356 re-

960 3403 1108 3462 manserint,
1120 3402 1263 3465 deplorant,
1281 3400 1336 3450 illos
1354 3401 1443 3457 beant,
1461 3398 1552 3462 quippe
1570 3394 1734 3445 immortalem

959 3494 1050 3540 sortem
1063 3491 1115 3553 jam
1127 3489 1271 3552 receperint.
1305 3477 1388 3550 Neque
1400 3486 1521 3550 quispiam
1533 3487 1577 3533 aut
1592 3481 1657 3544 apud
1671 3482 1732 3540 hos,

958 3583 1003 3630 aut
1017 3579 1083 3643 apud
1098 3579 1159 3628 alios
1172 3591 1235 3642 quos
1247 3577 1359 3640 superius
1370 3573 1574 3631 commemoravi,
1586 3570 1696 3633 sophista
1705 3583 1735 3620 αα

959 3669 1110 3718 declamator
1126 3665 1276 3730 procedens,
1291 3664 1377 3726 quales
1391 3662 1462 3712 multi
1473 3661 1539 3724 apud
1553 3663 1654 3710 Graecos
1668 3670 1735 3708 nune

960 3760 1032 3817 suni,
1049 3756 1161 3806 dubitare
1177 3755 1246 3804 risus
1256 3755 1309 3814 est,
1322 3765 1352 3801 ac
1362 3751 1460 3810 dicere,
1471 3750 1494 3800 si
1505 3763 1555 3800 non
1570 3763 1656 3799 omnes
1673 3748 1732 3798 imi-

959 3843 1086 3903 tabuntur,
1100 3842 1160 3905 quid
1169 3840 1358 3890 nobisereniet?
1368 3839 1556 3901 nequepropter
1566 3837 1734 3885 hoslrnmanm

959 3947 999 3983 res
1010 3934 1117 3984 contusae
1129 3933 1195 3980 sunt.
1228 3932 1290 3978 Nam
1305 3941 1384 3990 neque
1395 3939 1482 3976 omues
1491 3926 1536 3975 tros
1549 3907 1608 3974 srr'nt
1619 3924 1710 3974 imitati
1725 3944 1733 3972 τ

958 4026 985 4074 et
1006 4023 1049 4084 qui
1067 4020 1158 4071 imitati
1177 4022 1250 4080 sunt,
1265 4017 1358 4066 ordinis
1376 4008 1460 4079 potius
1480 4018 1506 4065 et
1529 4013 1732 4077 tranquillitatis,

958 4125 1033 4174 quam
1046 4109 1197 4160 contusionis
1210 4106 1307 4171 populis
1316 4105 1341 4154 in
1349 4117 1424 4154 causa
1434 4104 1592 4153 exstiterunt
1626 4105 1659 4153 nt
1667 4102 1733 4152 enim

957 4215 1038 4265 neque
1055 4201 1097 4251 lex
1111 4200 1151 4249 his
1171 4198 1343 4249 necessitatem
1361 4195 1436 4245 ullam
1458 4193 1592 4254 atterebat,
1610 4190 1655 4242 sod
1676 4204 1733 4240 cum

959 4291 1014 4339 aliis
1024 4288 1191 4359 permitteret,
1209 4288 1238 4335 ut
1252 4284 1365 4334 carnibus
1376 4283 1541 4341 vescerentur,
1557 4280 1655 4330 bosani
1670 4277 1735 4343 juris

958 4382 987 4428 nt
998 4379 1098 4438 essent,
1111 4375 1224 4438 reliquit,
1235 4376 1261 4424 et
1273 4372 1345 4436 quasi
1358 4386 1386 4422 se
1402 4371 1542 4435 superiores
1553 4371 1672 4420 venerata
1681 4371 1732 4419 est.

959 4468 1044 4530 licque
1061 4465 1127 4515 enim
1147 4465 1193 4513 lros
1205 4462 1277 4526 quasi
1289 4460 1417 4523 injustitie
1437 4462 1633 4524 perpetratores,
1654 4469 1734 4522 prena)

959 4568 1034 4617 quam
1049 4550 1285 4616 irrogat,subjecit,
1302 4549 1346 4599 sed
1361 4548 1431 4598 alios.
1463 4548 1501 4597 nd
1519 4561 1562 4597 eos
1581 4551 1677 4605 tamen,
1690 4544 1735 4609 qni

959 4640 1019 4715 quid
1032 4644 1181 4690 eventurum
1192 4640 1241 4699 sit,
1259 4637 1402 4701 requirunt,
1417 4637 1439 4686 si
1457 4649 1543 4685 omnes
1562 4632 1734 4698 hujuscemodi

959 4731 1037 4780 uitam
1049 4729 1177 4779 bominum
1189 4727 1326 4787 imitentur,
1345 4725 1407 4776 illud
1418 4725 1564 4787 Pythagoras
1581 4721 1731 4797 responden-

961 4816 1022 4867 dum
1036 4818 1090 4867 est:
1123 4815 1149 4864 si
1161 4815 1324 4866 enimomnes
1336 4815 1419 4864 essent
1435 4824 1521 4875 reges,
1532 4810 1681 4870 efficeretur,
1693 4808 1731 4857 in·

960 4907 1027 4971 quit,
1047 4907 1078 4955 ut
1092 4903 1226 4955 difficulter
1246 4903 1298 4953 rita
1317 4899 1417 4952 uaduci
1434 4903 1530 4963 posset,
1551 4911 1630 4961 neque
1649 4899 1732 4946 tamen

960 4998 1089 5059 propterea
1101 4991 1245 5056 fugiendum
1257 5004 1359 5054 regnum
1372 4992 1420 5040 est.
1453 4988 1493 5037 Sic
1505 5000 1603 5050 quoque
1613 4986 1634 5034 si
1644 4996 1732 5032 omnes

959 5083 1030 5149 probi
1039 5082 1100 5144 sint,
1108 5080 1250 5145 reipublice
1259 5077 1358 5142 quidem
1368 5074 1526 5140 expediendas
1534 5087 1566 5122 ac
1572 5070 1731 5136 disponendae
