3809 5859
200 331 257 388 ,ὃς
881 303 1127 378 notrannus.
1164 381 1171 397 ,

201 474 405 536 quepersonne
421 474 458 511 ne
476 441 623 512 chanceltit
646 453 753 510 dansla
772 452 838 508 voie
859 449 899 508 du
912 449 977 506 Sei·
1029 453 1069 508 les
1088 451 1254 508 adorateurs
1274 451 1310 508 de
1331 453 1359 510 la
1375 453 1464 509 verite
1480 453 1646 510 deveuaient
1661 475 1702 512 ses
1717 461 1808 533 amis,

200 565 297 624 gneur.
310 546 334 604 ll
343 561 475 600 renversa
489 545 529 598 les
543 543 660 616 templus
671 541 772 616 imples
781 539 829 595 des
839 539 974 610 demons3
1030 552 1068 609 et,
1084 558 1121 596 eu
1130 541 1170 596 les
1183 541 1346 616 honorant,
1358 542 1380 597 il
1399 543 1440 598 les
1453 543 1578 618 appelait
1591 544 1694 618 aupres
1705 546 1742 602 de
1754 548 1806 606 lui.

201 644 228 690 et
242 651 286 689 ces
298 633 404 686 memes
418 631 536 686 demons
546 647 614 685 avec
623 629 699 684 leurs
712 628 852 682 ministres
865 627 977 700 prirent
1030 629 1073 682 De
1087 636 1160 681 cette
1171 627 1313 697 muniere,
1326 639 1413 702 ayant
1426 630 1525 704 aequis
1545 630 1740 710 laxpuissance
1760 655 1810 692 sur

201 723 228 777 la
241 719 311 776 inite
327 731 356 776 et
373 718 562 793 disparurent.
584 717 609 774 Il
627 717 741 772 combla
756 714 929 770 d'honneurs
949 725 978 770 et
1031 715 1071 769 les
1089 715 1232 790 hommes,
1253 716 1274 771 il
1289 718 1387 772 ttahtit
1399 735 1431 773 sa
1452 705 1631 774 dominatiou
1649 723 1711 776 etil
1727 722 1810 781 disait

202 809 237 865 de
251 810 458 884 presentsceux
473 804 758 880 quin’araientcessd
771 802 893 864 derivre
907 801 978 858 dans
1032 820 1099 859 avec
1122 804 1218 858 raison
1238 822 1294 876 que
1314 824 1367 860 son
1388 823 1526 880 royaume
1553 808 1620 863 enit
1646 808 1734 866 tonde
1757 831 1811 886 par

202 901 228 954 le
243 899 318 954 culte
331 899 391 953 vrai
406 909 433 952 et
443 897 530 971 pieux
544 894 580 951 de
591 895 678 952 Dieu.
1032 893 1114 947 Dieu.
1129 892 1154 945 Il
1169 892 1269 947 devint
1283 893 1308 947 si
1319 895 1407 968 pieux
1429 896 1495 950 etsi
1515 907 1646 952 constant
1660 916 1732 970 que,
1747 911 1811 958 tous

243 985 270 1064 [3
287 983 367 1062 164]
382 984 455 1041 C’est
468 983 614 1059 pourquoi
627 983 649 1037 il
659 990 804 1055 remporta
814 997 862 1036 sur
875 989 939 1034 tous
950 977 979 1033 la
1032 979 1159 1051 lesjours
1172 978 1208 1035 de
1221 998 1253 1036 sa
1268 982 1331 1056 vie,
1346 1001 1388 1037 un
1400 1000 1472 1057 ange
1484 983 1660 1058 lui·apparut
1673 999 1703 1041 et
1714 988 1742 1042 le
1754 990 1811 1044 bs-

202 1075 336 1143 victoirc,
353 1091 438 1147 parce
451 1071 521 1145 qu'il
531 1073 608 1128 avait
620 1071 648 1126 la
660 1067 797 1126 bauuidre
808 1067 845 1124 de
856 1067 884 1122 la
899 1067 979 1121 croix
1032 1069 1128 1123 nissait
1155 1068 1265 1142 chaque
1285 1071 1392 1140 matin,
1417 1089 1452 1126 en
1477 1083 1598 1144 prenaut
1622 1073 1649 1128 le
1667 1075 1747 1149 signe
1770 1077 1811 1131 dn

203 1175 231 1218 et
244 1181 315 1238 que,
328 1179 382 1236 par
395 1179 437 1216 scs
450 1159 565 1231 ediis,il
576 1157 708 1234 repandit
724 1157 794 1212 dans
807 1155 941 1210 l’uuivers
954 1153 979 1208 le
1033 1157 1128 1212 Christ
1139 1155 1176 1211 de
1185 1174 1216 1212 sa
1226 1175 1382 1226 couronne,
1395 1159 1457 1214 etle
1468 1159 1510 1214 lui
1522 1160 1615 1233 posait
1625 1179 1674 1216 sur
1684 1163 1711 1218 le
1721 1163 1810 1222 front.

203 1248 550 1307 ferruccommandemcnt
570 1247 606 1304 de
620 1247 647 1302 lu
660 1246 926 1318 verite,pourque
941 1242 980 1296 les
1033 1245 1112 1300 Ainsi
1142 1245 1168 1299 le
1196 1242 1392 1302 bienbeureux
1417 1257 1445 1302 et
1463 1247 1619 1316 admirable
1645 1250 1813 1307 Constantio

201 1339 329 1395 hommes
337 1336 590 1394 restassentlermes
596 1332 747 1390 dauslasoi
756 1331 978 1407 recuedeDieu:
1033 1332 1131 1406 voyait
1143 1332 1235 1407 l’ange
1250 1334 1351 1390 celeste
1362 1352 1417 1391 son
1435 1337 1560 1392 ministre
1571 1355 1579 1406 ς
1593 1348 1623 1393 et
1635 1339 1687 1407 lui,
1698 1340 1724 1395 le
1734 1343 1813 1396 ve'ri-

202 1428 344 1500 imposant
356 1427 372 1480 ai
385 1436 448 1480 tous
466 1423 502 1480 de
519 1425 599 1478 vivre
617 1422 844 1496 religieusement
862 1438 930 1476 avec
951 1421 979 1475 la

126 1528 128 1534 ’
143 1582 149 1590 ¹
202 1514 320 1570 lumidrc
334 1515 478 1587 puissante
492 1512 528 1568 de
542 1511 569 1566 la
578 1509 620 1565 foi
629 1509 734 1566 divine.
750 1509 857 1564 Ainsiil
870 1508 979 1583 disper·

203 1604 256 1658 sait
270 1603 310 1658 les
331 1602 462 1657 cohortes
476 1600 524 1656 des
541 1597 672 1654 tenebres
686 1607 715 1652 et
734 1596 876 1670 domptait
890 1607 982 1653 tontes

203 1692 277 1747 leurs
292 1689 392 1744 forces.
412 1686 481 1744 Mais
494 1705 565 1744 ceux
577 1687 628 1760 qui
639 1686 831 1741 consentaient
841 1685 858 1740 'a
869 1703 900 1740 se
909 1684 980 1743 faire

204 1854 347 1926 θάλασσαν,
356 1854 407 1926 τὴν
421 1855 446 1911 ἓν
465 1856 503 1931 τῷ
516 1851 654 1930 Ὠκεανῷ,
677 1855 768 1909 τοῦτον
785 1849 920 1929 τὸνλόγον
935 1849 979 1908 τὸν

205 1941 265 2022 περί
277 1945 324 2012 τῆς
334 1940 447 2007 πίστεως
457 1949 522 1999 πᾶσι
532 1939 636 2012 διέθετο,
646 1935 690 1997 ίνα
704 1937 870 2015 ὁμοθυμαδὸν
884 1939 982 2007 πάντες

206 2054 237 2109 τη
245 2029 634 2110 ἀληθιίμπάντεςπιστεόσωσιν
642 2027 982 2107 (imminuerentur),

205 2121 231 2176 ἐν
241 2117 278 2176 nt
288 2117 399 2198 θεολόγῳ
407 2117 513 2199 φθόγγῳ
523 2116 567 2176 ἐπὶ
576 2115 606 2174 τό
615 2117 678 2176 αὐτὸ
688 2115 735 2184 τίις
743 2115 849 2183 ἐντολάς
855 2121 901 2175 τοῦ
911 2119 981 2178 Θεοῦ

204 2208 395 2280 ἐπιτελοῦντες,
411 2203 478 2264 ὥστε
493 2205 548 2272 ἓνδς
562 2209 632 2267 Θεοῦ
655 2202 837 2285 προσκυνητδις
852 2203 981 2279 γενέσθαι·

206 2291 252 2352 καί
264 2293 398 2374 θαρρήσας
407 2295 445 2373 τῷ
455 2295 517 2370 Θεῷ
529 2291 563 2352 rit
575 2295 626 2350 τῶν
635 2291 771 2364 Ἑλλήνων
786 2289 916 2370 βασιλέων
929 2289 981 2370 ὥρ·

207 2379 358 2457 μησεν,καί
372 2377 465 2446 εὐθέως
475 2377 656 2458 ἔξολοθρεόσας
669 2378 805 2438 ἀπώλεσεν
817 2379 927 2456 πάντας,
938 2377 981 2456 δεδι

206 2474 254 2541 τῆς
261 2467 394 2545 δυνάμεως
402 2472 447 2527 τοῦ
457 2468 610 2526 δεσποτικοῦ
624 2467 744 2540 σημείου,
751 2465 811 2534 τοὺς
822 2465 984 2544 ἀκαθάρτους

206 2557 251 2616 καί
261 2545 428 2637 παρανόμους
442 2556 571 2636 βασιλεῖς,
586 2555 629 2614 τδν
644 2555 832 2626 Διοκλητιανδν
848 2553 894 2612 καί
906 2556 986 2633 Μαρ-

206 2643 294 2703 κιανδν
310 2644 355 2703 καί
363 2642 529 2720 Μαξιμιανδν
540 2643 584 2701 καλ
598 2642 748 2704 Λικινιανδν
760 2642 806 2701 καί
815 2639 983 2714 Μαξέντιον,

206 2735 251 2792 καί
262 2743 315 2791 πᾶν
330 2734 475 2813 ἀκάθαρτον
490 2731 563 2808 γε’νος
575 2733 626 2789 τῶν
647 2733 752 2790 ἐθνικῶν
775 2730 904 2810 βασιλέων
924 2728 985 2800 ἐξῆ-

208 2845 249 2902 ρεν
262 2824 291 2880 ἔκ
305 2820 398 2898 μέσου,
414 2821 459 2878 καί
469 2819 639 2902 ᾠκοδόμησεν
656 2819 808 2892 ἐκκλησίας,
827 2819 872 2879 καί
883 2817 917 2878 τά
933 2842 984 2877 κα-

206 2909 388 2988 τεστρεμμένα
403 2906 576 2986 θυσιαστήρια
598 2907 706 2980 ἔστησεν
722 2909 748 2964 ἐν
769 2908 824 2973 τοῖς
844 2907 925 2974 οἰκοις
938 2913 984 2966 τοῦ

164 3043 167 3050 -
206 3000 285 3060 Θεοῦ.
296 2995 517 3073 Ἐξεδωμάτωσεν
533 2995 562 3052 δί
572 2996 616 3054 καί
629 2993 779 3076 μαρτύρια,
794 2995 840 3054 καί
854 2989 985 3067 ἔπλῆθυνε

206 3084 265 3154 τοὺς
279 3083 442 3164 λειτουργοὺς
455 3085 552 3156 αὐτῶν,
562 3082 724 3164 προσόθηκέν
738 3107 765 3142 τε
780 3084 860 3161 τιμὴν
875 3083 921 3144 καί
931 3086 984 3152 τοῖς

206 3177 303 3254 ἰερεῦσι
315 3177 358 3232 τοῦ
371 3173 453 3232 Θεοῦ.
469 3171 524 3231 Καὶ
535 3171 656 3244 ἐποίησεν
669 3169 773 3252 εἰρῆνην
787 3173 840 3241 τοῖς
852 3173 984 3251 ἐπιγείοις,

206 3263 252 3324 καί
266 3261 354 3344 ἐξῆρεν
370 3263 400 3321 ἐκ
413 3259 493 3340 με’σοο
509 3258 543 3320 τά
558 3261 708 3334 σκάνδαλα,
724 3260 769 3322 ίνα
786 3263 877 3339 μηδείς
889 3265 916 3321 ἐν
931 3287 983 3340 μη-

207 3351 260 3412 δενί
284 3348 422 3430 προσκόψῃ
441 3352 476 3416 εἰς
488 3349 535 3420 τὴν
556 3349 645 3421 θεῐκῆν
668 3351 784 3430 πορείαν.
801 3352 1005 3431 Κατέστρεψεν

206 3439 233 3500 δί
247 3438 292 3498 καὶ
303 3437 337 3497 τδι
351 3435 480 3513 βδελυκτθι
494 3436 551 3517 ἰερόι
566 3440 618 3496 τῶν
632 3439 772 3514 δαιμόνων,
786 3438 832 3498 καί
842 3437 900 3507 τοῦς
918 3441 987 3508 ὑπη-

128 3511 131 3525 '
207 3529 283 3609 ρέτας
298 3528 383 3586 αὐτῶν
399 3527 515 3607 φυγάδας
537 3525 650 3598 ποιήσας
671 3525 817 3606 ἐξήλειψεν.
847 3531 928 3605 Δῶρα
955 3523 982 3582 δὲ

207 3621 253 3678 καί
275 3618 355 3696 τιμῆν
370 3615 513 3697 ἐχαρίσατο
535 3623 587 3684 τοῖς
612 3619 638 3674 ἐν
659 3621 692 3696 τῇ
718 3605 827 3694 ἀληθινῆ
851 3613 983 3693 θεοσεῦείορ

208 3706 376 3785 ἔμμείνασιν,
386 3703 436 3763 καί
446 3702 482 3781 μὴ
498 3704 681 3818 ἀρισταμένοις
692 3709 739 3774 τῆς
755 3704 900 3776 εὐθύτητος.

246 3798 345 3872 5164.
373 3794 475 3854 'subroc
508 3816 553 3851 ουν
576 3790 661 3851 ἕνεκεν
683 3792 809 3873 ἐχαρίσθη
831 3794 902 3872 αὐτῷ
922 3791 982 3863 νίκη

208 3883 271 3960 πρδς
283 3882 389 3947 πάντας.
402 3878 552 3947 Ἀνεδέξατο
564 3877 615 3959 γάρ
626 3881 660 3946 εἰς
674 3879 752 3936 αὐτὸν
767 3877 812 3936 καί
822 3878 852 3936 τὸ
866 3887 986 3962 σημεῖον,

207 3968 238 4026 τδ
261 3974 306 4028 τοῦ
321 3968 362 4026 tet
375 3970 497 4033 νικῶντος
522 3965 713 4046 σταυροῦ,καί
736 3965 769 4023 τδι
790 3966 985 4044 προστάγματα

207 4059 254 4126 τῆς
269 4057 392 4128 ἀληθινῆς
409 4055 533 4129 ἐντολῆς,
548 4055 594 4112 καί
608 4051 728 4130 ἐμμένειν
742 4055 769 4110 ἐν
783 4057 815 4131 τῆ
830 4051 922 4133 ἑδραίορ
944 4051 986 4108 πί-

209 4163 266 4199 στει
278 4146 323 4200 τοῦ
344 4141 442 4221 Κυρίου
464 4140 655 4219 ἐπηγγείλατο,
670 4140 715 4196 καὶ
729 4138 827 4210 ταύτην
841 4139 883 4198 διδι
897 4162 986 4218 γραμ-

211 4228 300 4306 μάτων
316 4231 352 4295 εἰς
377 4229 425 4300 τῆν
441 4228 595 4305 οἰκουμένην
619 4226 754 4298 ἥπλωσεν.
777 4225 933 4300 Ἐξέπληξεν
958 4225 985 4284 δὲ

210 4315 311 4383 πάντας
335 4321 368 4395 τῆ
390 4315 505 4398 ἀνικῆτῳ
520 4319 630 4392 δυνάμει
641 4316 683 4373 διὰ
705 4319 752 4387 τῆς
766 4316 915 4395 ρωιορόρου
935 4315 984 4375 πί-

215 4427 310 4482 στεως,
327 4406 371 4464 καί
390 4404 504 4472 εὖσεῦῶς
517 4409 554 4483 τῷ
576 4403 687 4483 δεσπότῃ
714 4404 794 4462 αὐτοῦ
817 4405 987 4483 προκείμενος

211 4493 362 4554 διετέλεσεν.
379 4493 471 4561 Οῦτως
484 4493 660 4573 θπερισχόσας
675 4491 833 4572 ἐφυγάδευσε
847 4491 894 4564 τῆν
909 4516 987 4573 στρα-

211 4581 269 4642 τιδν
292 4587 338 4642 τοῦ
362 4581 486 4659 σκότους,
511 4581 556 4640 καὶ
585 4579 713 4661 σἰνώτερος
743 4580 848 4640 πάντων
872 4579 985 4658 ἐγένετο.

211 4668 278 4738 Tube
292 4669 506 4746 δί’ὖποταγέντας
515 4675 548 4750 τῇ
559 4669 733 4749 προσκυνήσει
742 4672 789 4740 τῆς
804 4669 939 4742 ἀληθείας,
954 4673 988 4737 ὣς

213 4759 315 4839 φίλους,
338 4757 404 4834 μετὰ
418 4757 544 4830 πλείστης
562 4761 638 4834 τιμῆς
657 4757 765 4824 οἰκείους
785 4761 870 4837 ἑαυτῷ
889 4756 987 4834 ἐποίει,

212 4847 257 4905 καί
271 4845 357 4925 τούτῳ
370 4849 408 4926 τῷ
423 4845 511 4926 τρόπῳ
527 4845 632 4904 πάντων
647 4849 699 4904 τῶν
714 4846 856 4924 ἀνθρώπων
871 4844 988 4904 δυνατώ·

212 4957 284 5014 τερος
297 4933 407 5015 εὑρεθείς
420 4931 467 5004 τὴν
481 4932 548 4992 ἰδίαν
564 4934 699 5012 βασιλείαν
714 4933 786 5012 παρὰ
800 4941 845 4993 τοῦ
858 4935 929 4993 Θεοῦ
945 4934 989 4990 δε-

214 5024 327 5100 δομένην
352 5023 432 5090 όντως
455 5023 594 5102 βασιλείαν
614 5029 714 5102 ἡγεῖτο.
733 5023 797 5084 Ἐπὶ
817 5027 938 5081 τοσοῦτον
962 5022 989 5080 δὲ

214 5115 356 5194 προέκοψεν
372 5115 397 5171 ἰν
415 5116 447 5192 τῇ
464 5111 633 5192 εὐαρεστῆσαι
648 5117 694 5170 τοῦ
714 5112 803 5190 Θεοῦ,
820 5109 888 5169 ὥστε
904 5110 990 5177 πάσας

1035 1421 1110 1476 table
1128 1421 1281 1477 adorateur
1297 1433 1326 1478 et
1338 1422 1415 1478 l'ami
1431 1422 1467 1479 de
1478 1425 1553 1481 Dieu
1572 1425 1702 1497 toujonrs
1718 1431 1815 1484 victo-

1034 1510 1129 1580 rieux,
1140 1509 1236 1566 offrait
1248 1529 1285 1567 au
1293 1511 1386 1567 Christ
1395 1530 1426 1568 sa
1441 1531 1568 1588 ponrpre
1581 1516 1697 1588 royale,
1708 1515 1815 1572 confir-

1035 1599 1106 1652 mait
1117 1616 1171 1653 son
1183 1617 1320 1674 royaume
1337 1599 1407 1656 dans
1419 1601 1445 1655 la
1456 1601 1515 1672 foi,
1530 1612 1559 1658 et
1578 1604 1731 1660 etablissait
1743 1606 1814 1662 dans

1036 1694 1130 1742 tontes
1139 1687 1180 1742 les
1193 1688 1290 1763 eglises
1300 1689 1329 1743 la
1340 1689 1510 1762 croyanceir
1527 1691 1554 1746 la
1564 1692 1663 1750 verite.
1698 1729 1704 1738 -

1036 1853 1076 1901 est
1087 1823 1209 1913 Oceabus,
1219 1851 1251 1903 de
1263 1853 1357 1903 ratione
1367 1852 1425 1904 tidei
1435 1867 1518 1903 coram
1527 1855 1642 1906 omnibus
1656 1857 1715 1921 ogit,
1724 1861 1755 1907 ut
1763 1871 1815 1907 uno

1037 1973 1124 2011 omnes
1137 1963 1222 2013 essent
1231 1961 1328 2024 animo,
1338 1975 1424 2013 omues
1433 1962 1533 2014 veritati
1545 1963 1689 2026 crederent,
1706 1979 1813 2017 consono

1037 2081 1152 2121 sermone
1162 2069 1194 2120 do
1206 2073 1260 2121 Deo
1270 2083 1355 2122 omnes
1367 2071 1441 2122 simul
1452 2041 1578 2136 'precepta
1589 2073 1637 2124 Dei
1649 2074 1810 2140 perficerent,

1036 2191 1172 2242 omnesque
1190 2180 1264 2230 nnius
1280 2181 1327 2231 Dei
1342 2179 1431 2233 timent
1443 2182 1594 2235 adoratores.
1608 2185 1724 2236 conlisus
1741 2201 1814 2253 porro

1037 2286 1070 2337 de
1082 2289 1142 2349 Deo,
1153 2287 1327 2353 imperatorum
1337 2290 1465 2355 gentilium
1473 2291 1591 2345 ditionem
1598 2293 1699 2359 invasit,
1710 2299 1737 2348 et
1746 2297 1816 2349 brevi

1036 2402 1148 2466 ίειοροτε
1156 2415 1201 2465 per
1209 2402 1326 2453 virtutem
1336 2402 1398 2466 sigui
1406 2402 1633 2470 Domiuidpenitns
1641 2408 1816 2458 exterminarit

1037 2511 1179 2563 immundos
1191 2514 1217 2563 et
1229 2512 1333 2576 iniustos
1343 2513 1504 2580 imperatores
1514 2517 1707 2582 Diocletianum,
1717 2521 1745 2570 et
1754 2522 1817 2570 liar·

1039 2618 1150 2680 danum,
1161 2623 1189 2672 et
1200 2623 1388 2687 Maximianum,
1397 2627 1425 2676 et
1431 2625 1592 2690 licinianum
1606 2629 1633 2679 et
1643 2629 1813 2691 Maxentium,

1039 2747 1162 2798 omneque
1182 2734 1337 2789 immundum
1352 2740 1479 2804 gentilium
1493 2742 1668 2806 metretarum
1684 2757 1761 2808 genus
1782 2745 1815 2795 de

1040 2837 1123 2889 modio
1134 2842 1250 2903 sustulit,
1263 2845 1290 2894 et
1304 2844 1438 2896 aediicaut
1447 2846 1576 2908 οσσίσεὶεε,
1588 2847 1815 2912 altanaqmeversa

1040 2945 1065 2994 iu
1074 2945 1120 2997 Dei
1129 2945 1226 2997 adibus
1238 2949 1325 3002 crexit.
1341 2949 1486 3000 Construxit
1499 2951 1611 3002 similiter
1621 2964 1705 3004 sacras
1719 2957 1813 3017 marty-

1038 3074 1097 3139 rum
1108 3059 1189 3123 odes,
1201 3075 1335 3126 σοιοωσοε
1347 3064 1472 3115 ministros
1484 3064 1705 3129 multiplicarit3et
1716 3067 1764 3118 Dei
1774 3081 1812 3117 sa-

1041 3167 1246 3220 cerdotumanxit
1254 3168 1381 3221 bonorem.
1395 3171 1483 3222 Ροσεω
1493 3172 1567 3222 tarra
1580 3171 1681 3236 tribuit,
1694 3175 1721 3224 et
1735 3174 1813 3224 otten-

1041 3273 1149 3325 diculae
1165 3274 1247 3326 medlo
1259 3275 1376 3338 abstulit,
1395 3279 1424 3327 ut
1443 3279 1528 3330 nullus
1540 3279 1592 3330 ulla
1609 3278 1635 3328 in
1654 3279 1816 3330 relaberetur

1041 3380 1125 3429 contra
1135 3379 1278 3431 institutum
1289 3379 1409 3431 divinum.
1419 3383 1516 3434 Evertit
1526 3387 1608 3435 autem
1621 3386 1647 3434 et
1655 3384 1818 3434 abominanda

1040 3497 1111 3535 sacra
1124 3485 1421 3551 damonum,eorumqtte
1429 3488 1555 3540 mimstros
1564 3490 1661 3564 fugatos
1670 3488 1818 3542 obliteravit.

1040 3593 1111 3641 Dona
1121 3605 1180 3642 vero
1192 3594 1218 3642 et
1231 3593 1349 3644 honorem
1362 3593 1518 3658 impertiebat
1528 3594 1590 3656 illis,
1607 3595 1652 3657 qui
1664 3595 1690 3644 iu
1698 3608 1757 3644 reru
1770 3597 1816 3645 Dei

1039 3695 1108 3744 cultu
1117 3698 1314 3760 permanserant,
1328 3699 1355 3748 et
1367 3711 1382 3748 a
1396 3697 1436 3747 ria
1447 3700 1515 3748 rocta
1529 3711 1578 3746 non
1589 3699 1755 3749 ermtarersi.

1072 3808 1087 3872 §
1110 3813 1161 3859 tut.
1182 3811 1276 3860 tiorum
1293 3824 1350 3874 ergo
1372 3823 1447 3860 causa
1461 3811 1542 3861 cidem
1554 3812 1641 3877 contra
1659 3824 1745 3862 omues
1761 3811 1820 3861 data

1040 3912 1080 3960 est
1091 3911 1205 3963 victoria.
1227 3917 1289 3964 itant
1305 3913 1346 3963 ille
1363 3916 1493 3978 acceperat
1510 3914 1606 3978 signnm
1626 3913 1706 3964 erucis
1721 3927 1820 3978 semper

1042 4006 1179 4070 ducents,
1196 4024 1310 4074 remque
1328 4011 1389 4074 legis
1408 4015 1544 4075 praeoepta3
1560 4013 1586 4062 et
1597 4011 1718 4074 pollicitus
1733 4015 1776 4062 est
1792 4025 1820 4062 se

1040 4124 1187 4162 mansurum
1200 4112 1227 4162 in
1236 4111 1307 4162 lirnia
1320 4112 1417 4161 Domini
1429 4111 1493 4172 tide,
1509 4114 1535 4163 et
1547 4112 1610 4162 banc
1618 4112 1708 4163 litteris
1721 4126 1817 4176 peror-

1041 4208 1100 4260 bem
1112 4210 1255 4261 declaravit.
1266 4212 1357 4260 Omnes
1370 4212 1454 4260 autern
1467 4211 1584 4261 attonitos
1597 4210 1705 4262 reddidit
1716 4212 1818 4275 insupe-

1042 4309 1113 4359 rabili
1125 4311 1218 4359 virtute
1231 4307 1289 4359 tidai
1300 4309 1424 4372 lucilerae,
1437 4312 1464 4362 et
1471 4311 1511 4375 pie
1519 4311 1624 4361 Domino
1636 4324 1683 4361 sno
1692 4311 1819 4373 subiectus

1043 4411 1121 4459 vitam
1134 4409 1289 4460 traducebat.
1299 4409 1340 4460 Sic
1353 4423 1427 4473 supra
1442 4411 1545 4462 modum
1562 4412 1715 4462 confortatus
1731 4424 1819 4475 agmen

1041 4510 1199 4560 tenebrarum
1209 4509 1323 4574 lambat,
1337 4491 1485 4561 ctomnibus
1498 4511 1668 4576 iebatmajor.
1679 4511 1739 4562 Illos
1749 4524 1819 4570 vero,

1041 4607 1086 4670 qui
1106 4621 1134 4658 se
1151 4608 1263 4660 vertutis
1287 4608 1365 4660 cultui
1385 4607 1553 4672 subjecerant,
1572 4612 1691 4673 unquam
1710 4609 1819 4669 amicos,

1042 4708 1150 4772 marimo
1159 4722 1216 4758 cnm
1227 4709 1321 4760 honore
1331 4708 1463 4760 familiares
1475 4709 1523 4760 sibi
1534 4709 1648 4772 iaciebat,
1658 4709 1740 4760 ethoc
1745 4708 1820 4759 modo

1043 4806 1156 4858 omnibns
1173 4808 1252 4858 tactus
1263 4808 1394 4872 potentior,
1414 4809 1545 4872 imperium
1564 4808 1612 4860 sibi
1632 4811 1716 4859 alteo
1732 4809 1820 4859 datum

1043 4921 1101 4957 vere
1118 4907 1249 4971 imperinm
1261 4907 1423 4960 existimabat.
1442 4911 1549 4960 Tantum
1561 4923 1621 4961 vero
1637 4909 1784 4974 proiciebat
1793 4908 1821 4960 iu

1044 5008 1121 5072 gratia
1136 5009 1180 5058 Dei
1190 5048 1196 5070 ,
1206 5010 1235 5058 ut
1248 5007 1363 5059 omnibus
1372 5009 1459 5060 diebus
1474 4994 1533 5060 ritu
1543 5023 1595 5062 suae
1605 5010 1705 5074 angelos
1718 5009 1822 5062 baberet

1044 5116 1092 5166 sibi
1111 5116 1291 5176 ministrantes,
1307 5117 1334 5166 et
1348 5115 1460 5167 diadema
1475 5116 1567 5168 Christi
1585 5117 1654 5180 simio
1674 5116 1822 5168 distiirctum
