3809 5859
209 297 261 377 viij
878 285 1176 349 rauracorum.

429 424 480 491 rt.
573 422 621 490 st.
646 424 694 482 ιι.
719 422 767 482 56.
795 423 843 483 ts.
869 422 919 494 57.
943 422 992 481 62.
1015 422 1065 479 aa.
1089 422 1139 488 cr..

289 531 345 589 Vll
359 544 387 589 et
398 528 479 590 Vlll.
571 528 675 586 6580.

431 624 480 688 lll.
573 627 622 683 8ο.

212 728 326 806 Scripta
341 725 389 782 lris
403 722 590 781 continentur
608 743 614 778 ε

296 844 322 882 ι.
344 819 480 891 Ἀθηναίου
494 818 555 895 περὶ
568 816 769 896 μηχανημάτων
783 815 815 893 li.
836 817 936 883 ι8-ο4.
955 817 1004 874 3ο.
1019 818 1078 894 ο5).

293 939 323 978 a.
345 914 463 983 Βίτωνος
476 912 638 973 κατασκευαὶ
651 914 803 989 πολεμικῶν
817 912 934 992 ὀμγοίνων
950 911 996 971 καὶ
1008 913 1213 969 καταπελτικῶν
1228 910 1257 991 (f.
1272 910 1316 969 25·
1329 910 1388 986 31).

293 1014 323 1073 3.
345 1007 543 1089 Ἀπολλοδώρου
558 1007 748 1087 πολιορκητικοί
762 1010 849 1067 initio
864 1009 967 1067 mutila
981 1009 1013 1088 (f.
1030 1010 1045 1041 ⁴¹
1058 1010 1107 1067 60.
1124 1008 1173 1083 59.
1190 1009 1242 1068 61.
1259 1005 1380 1086 33-45).

293 1120 323 1179 f..
346 1106 467 1187 Ἥμωνος
480 1105 624 1179 Κτηοιῧίον
640 1106 838 1194 persecuisti.
859 1107 989 1187 46.-55).

297 1208 325 1265 5.
348 1204 472 1282 Ἥμονος
488 1202 706 1283 perpetuisque
718 1201 867 1273 κατασκευὴ
882 1202 928 1260 καί
941 1200 1089 1282 συμμετρία
1105 1202 1136 1279 [f.
1152 1200 1200 1260 56.
1218 1202 1266 1260 58.
1284 1197 1340 1278 57).

294 1306 324 1362 6.
347 1298 467 1383 Ἥρωνος
481 1300 541 1380 περ)
556 1300 680 1380 διόπτρας
696 1301 727 1369 (f.
746 1302 847 1359 60-80.
865 1302 928 1378 8²).

215 1401 369 1479 Scriptura
381 1398 459 1457 baud
473 1398 605 1475 elegans,
621 1398 672 1457 sed
691 1400 827 1475 antiqua,
840 1399 991 1457 simillima
1003 1400 1030 1457 ei
1042 1418 1128 1476 quam
1144 1407 1298 1473 sequentes
1311 1393 1372 1453 duo
1385 1392 1501 1451 codices
1516 1392 1678 1452 ostendunt.
1694 1392 1791 1452 lucunti
1860 1444 1865 1452 .

215 1500 320 1560 saeculo
333 1499 446 1557 decimo
458 1496 505 1555 rel
516 1517 594 1555 nono
607 1500 723 1555 exeunti
738 1516 801 1554 eam
819 1496 947 1553 vindicat
966 1495 1088 1554 Carolus
1104 1492 1242 1553 Wesclrer
1255 1492 1288 1549 in
1303 1494 1501 1566 Poliorcetr'que
1516 1508 1545 1567 p.
1559 1488 1638 1560 xlx,
1658 1502 1790 1567 postquam

217 1596 253 1654 ad
261 1595 445 1655 undecimum
455 1592 772 1667 retuleratinCatalogo
781 1590 1080 1663 Bibliothecae3llinas
1086 1588 1435 1650 saeculumduodecimum
1443 1605 1600 1664 agnoscere
1606 1587 1662 1647 sibi
1672 1590 1791 1647 visusest.

215 1694 276 1770 ligo
291 1711 407 1770 quoque
421 1705 470 1749 aut
486 1690 640 1749 undecimo
652 1690 758 1748 sarculo
773 1702 823 1748 aut
834 1689 1009 1749 duodecimo
1023 1710 1140 1750 manum
1162 1690 1247 1747 istam
1262 1687 1457 1750 attribuerim.
1472 1688 1559 1746 Certe
1573 1701 1709 1765 quantum
1725 1707 1792 1745 meus

216 1809 262 1848 me
273 1788 417 1847 librorum
432 1805 503 1846 usus
517 1786 630 1858 docuit,
646 1804 740 1863 neque
756 1786 860 1843 ductus
875 1785 1024 1845 literarum
1037 1805 1132 1864 neque
1145 1787 1269 1844 interior
1277 1784 1383 1843 horum
1395 1786 1572 1863 scriptorum
1583 1784 1657 1843 ratio
1669 1783 1795 1861 ejusmodi

219 1898 303 1961 sunt,
315 1899 348 1944 ut
361 1885 397 1943 ad
413 1883 581 1961 antiquiora
595 1896 729 1961 tempora·
739 1881 932 1961 probabiliter
951 1882 1055 1941 referri
1070 1883 1144 1941 mibi
1155 1881 1319 1941 videantur.
1340 1881 1463 1940 Librum
1478 1881 1642 1940 Parisinunt
1663 1900 1725 1939 cum
1736 1880 1796 1939 llin-

218 1982 383 2042 dobonensi
395 1981 461 2041 cod.
475 2000 520 2056 gr.
538 2000 592 2038 rao
606 1980 681 2055 (saec.
693 1977 769 2055 XVl)
780 1977 923 2037 familiam
933 1980 1109 2037 constituere
1124 1977 1215 2036 altera
1225 1978 1355 2047 familia,
1365 1979 1448 2053 cnjus
1460 1976 1568 2056 reliqui
1578 1978 1682 2038 borum
1692 1998 1796 2056 operum

218 2082 333 2141 codices
354 2092 436 2151 sunt,
454 2079 554 2139 multis
568 2077 738 2137 nominibus
757 2076 986 2155 praestantiorem
1008 2075 1108 2133 docuit
1121 2074 1310 2147 Wescherus,
1325 2075 1377 2152 qui
1392 2093 1429 2133 ex
1450 2074 1566 2133 duobus
1581 2075 1642 2134 illis
1663 2074 1743 2134 libris
1760 2077 1795 2133 in
1902 2123 1903 2134 .

213 2172 330 2252 'gentem
345 2175 375 2233 in
392 2174 529 2234 Athenaeo
544 2175 676 2232 lacunam
692 2172 838 2252 explevit,
854 2184 883 2231 et
898 2171 976 2229 baud
992 2192 1100 2250 paucas
1112 2171 1274 2231 verborum
1290 2171 1472 2249 corruptelas
1492 2172 1603 2231 codicis
1621 2171 1743 2232 Parisini
1754 2194 1798 2251 ope
1902 2161 1903 2178 ¹

215 2272 342 2333 sustulit.
357 2270 437 2330 ldem
450 2284 544 2330 tamen
559 2271 635 2329 liber
654 2270 741 2328 etiarn
758 2269 829 2327 vitia
840 2270 986 2346 permulta
999 2283 1061 2329 tum
1073 2269 1130 2328 sibi
1142 2269 1267 2349 propria
1278 2282 1340 2328 tum
1361 2288 1427 2327 cum
1448 2269 1552 2329 ceteris
1568 2268 1719 2328 codicibus
1731 2289 1796 2327 com·

218 2370 316 2427 munia
331 2367 434 2442 habet,
451 2388 575 2446 quorum
593 2381 702 2447 partem
719 2386 808 2425 manu
822 2368 882 2426 leni
894 2367 1069 2427 Wescberus
1086 2368 1218 2439 sanarit,
1233 2379 1327 2426 cetera
1347 2367 1419 2425 artis
1434 2366 1544 2426 criticas
1563 2366 1690 2425 medelas
1712 2385 1799 2444 exspe-

217 2479 294 2525 ctant
309 2463 356 2544 (*].
1756 2471 1759 2478 ’

677 2628 867 2678 sntsrooeut
883 2629 922 2677 ET
933 2628 1140 2677 Pttttosrtttrt
1156 2627 1353 2676 FRAGMENTA.

256 2814 301 2873 Ex
316 2824 454 2889 sequente
467 2809 567 2869 codice
581 2829 631 2869 sex
644 2823 802 2887 supersunt
815 2810 884 2868 folia
896 2812 956 2891 (81.
970 2812 1018 2872 83.
1035 2812 1084 2878 8η.
1100 2809 1148 2868 85.
1163 2809 1213 2870 86.
1237 2808 1296 2887 87).
1311 2807 1402 2867 luitio
1417 2828 1507 2867 unum
1521 2810 1624 2869 saltem
1640 2810 1743 2870 folium
1760 2811 1802 2869 de·

219 2908 382 2987 perditum;
396 2906 591 2987 probabiliter
604 2926 675 2965 vero
690 2906 750 2965 duo
769 2906 840 2965 folia
855 2907 1066 2967 interciderunt
1078 2926 1143 2984 quae
1156 2926 1223 2965 cum
1237 2905 1360 2983 reliquis
1371 2925 1423 2964 sex
1435 2909 1659 2985 quaternionem
1673 2908 1802 2985 integrum

218 3023 237 3062 c
249 3004 337 3082 pleno
358 3004 509 3062 volumine
530 3004 665 3063 avulsum
684 3005 871 3065 constituere.
889 3006 1011 3064 Servata
1032 3005 1183 3063 continent
1201 3004 1394 3079 fragmentum
1414 3004 1613 3077 Aristodemi,
1635 3007 1684 3065 cui
1701 3005 1803 3065 librarii

170 3156 173 3163 .
218 3114 320 3179 stupor
335 3100 497 3177 fragnrenta
516 3102 615 3179 operis
632 3101 817 3161 Philostratei
833 3103 876 3161 De
889 3103 1046 3181 Apollonio
1061 3102 1210 3179 Tyanensi
1223 3101 1402 3175 immiscuit,
1414 3101 1487 3161 adeo
1500 3118 1533 3161 ut
1546 3103 1597 3164 fol.
1609 3106 1649 3163 85
1663 3106 1717 3166 lin.
1737 3127 1766 3178 ¹7
1778 3107 1804 3163 iu

219 3197 314 3257 medio
331 3216 420 3257 versu
435 3196 529 3255 oratio
542 3196 579 3256 ab
592 3198 684 3257 altero
700 3199 736 3257 ad
751 3199 843 3257 altera
862 3212 998 3259 transeat.
1013 3200 1225 3259 Animadversa
1245 3199 1433 3273 confusione,
1448 3200 1568 3277 quidam
1591 3202 1674 3260 notis
1685 3215 1714 3260 et
1727 3202 1805 3277 signis

218 3294 362 3375 appositis
373 3294 409 3352 de
427 3294 607 3353 restituendo
620 3294 804 3369 disjectarum
819 3297 1030 3373 particularum
1046 3296 1149 3355 ordine
1162 3316 1196 3355 ac
1211 3315 1289 3356 nexu
1303 3296 1443 3355 lectorem
1464 3298 1628 3356 admonuit.
1643 3298 1733 3375 Origo
1751 3316 1808 3375 per-

219 3388 425 3449 turbationise
443 3390 545 3450 codice
558 3392 731 3469 repetenda,
748 3392 779 3450 in
793 3412 852 3469 quo
873 3390 984 3467 justam
1010 3390 1149 3449 foliorum
1176 3392 1283 3450 seriem
1303 3393 1428 3451 solutam
1444 3412 1506 3452 esse
1520 3393 1621 3453 scriba
1643 3407 1804 3454 nosternon

218 3500 415 3567 perspexerat.
440 3486 562 3563 Singula
582 3488 644 3563 ejus
668 3488 780 3548 codicis
801 3486 974 3565 aparctiam
994 3487 1064 3546 folia
1087 3500 1128 3546 tot
1143 3488 1204 3547 fere
1222 3488 1315 3547 verba
1338 3490 1529 3549 continebant
1543 3505 1617 3569 quot
1630 3492 1804 3551 continentur

219 3584 380 3643 editionum
396 3585 619 3643 llidotianarurn
627 3584 763 3644 versibus
780 3585 816 3657 75
833 3584 879 3643 rel
897 3584 945 3657 76.
956 3582 1099 3643 Videlicet
1112 3583 1184 3643 libri
1195 3584 1370 3645 parisiensis
1386 3586 1455 3645 folio
1469 3587 1504 3645 81
1519 3586 1610 3648 habes
1621 3588 1733 3667 primos
1745 3584 1804 3644 Plri-

219 3678 332 3738 lostrati
348 3698 452 3738 vorsus
470 3680 506 3753 75
522 3678 560 3758 (p.
579 3701 606 3751 1,
623 3701 635 3737 1
650 3712 690 3725 -
706 3700 735 3759 p.
752 3702 780 3753 2,
793 3680 810 3738 5
825 3680 872 3738 ed.
891 3680 972 3759 llid.]
990 3693 1020 3739 et
1034 3682 1190 3759 deinceps,
1205 3683 1324 3741 omissis
1339 3682 1475 3742 versibus
1491 3690 1509 3751 [ι
1525 3694 1562 3749 ><
1574 3685 1612 3756 76
1630 3686 1671 3764 [p.
1684 3706 1713 3757 a,
1729 3684 1807 3741 35-

218 3793 247 3850 p.
261 3774 286 3843 8,
304 3771 370 3853 23),
386 3772 460 3833 alios
475 3792 577 3833 versus
597 3774 632 3847 75
655 3776 696 3853 (p.
712 3777 742 3849 8,
757 3777 793 3833 ο3
809 3798 888 3853 -p.
908 3799 939 3855 9,
961 3780 1020 3856 4ο).
1036 3778 1203 3857 Sequuntur
1218 3779 1268 3840 fol.
1289 3780 1326 3838 83
1348 3798 1393 3840 rs.
1409 3780 1460 3838 lin.
1486 3800 1496 3837 ι
1522 3800 1616 3858 usque
1640 3782 1677 3840 ad
1701 3782 1750 3843 fol.
1772 3780 1803 3838 85

218 3879 289 3928 rect.
299 3868 355 3927 lin.
371 3889 406 3942 17
423 3870 601 3930 Aristodcmi
614 3890 716 3931 versus
732 3874 748 3929 3
763 3884 798 3937 ><
812 3874 848 3947 75
864 3874 904 3953 (p.
923 3896 951 3949 τ,
971 3895 1036 3934 ι-
1048 3898 1094 3949 rr,
1108 3878 1125 3933 8
1139 3877 1186 3938 ed.
1198 3876 1333 3958 nostre),
1350 3899 1424 3957 quos
1445 3879 1597 3957 excipiunt
1613 3880 1678 3956 (fol.
1695 3881 1731 3937 85
1745 3890 1806 3937 rect

220 3963 276 4024 lin.
290 3984 323 4038 ¹7
335 3965 436 4025 -fol.
448 3968 485 4025 86
499 3967 540 4044 v.)
558 3966 729 4027 Philostrati
745 3989 846 4028 versus
865 3992 881 4029 a
900 3983 935 4037 ><
954 3972 990 4044 75
1011 3971 1050 4053 (p.
1063 3994 1093 4045 ο,
1108 3974 1145 4031 35
1158 4008 1197 4019 -
1210 3974 1240 4052 5,
1257 3978 1324 4050 οη),
1341 3975 1450 4054 quibus
1463 3976 1587 4035 dimidia
1601 3996 1671 4056 pars
1689 3978 1806 4047 lacuna,

219 4079 283 4137 quae
297 4062 329 4119 in
343 4061 394 4118 fol.
410 4064 444 4119 81
461 4063 544 4135 latet,
558 4066 703 4141 expletur.
724 4066 846 4145 Reliqua
865 4068 1005 4148 deinceps
1023 4070 1163 4129 adfinem
1178 4090 1269 4149 usque
1289 4072 1352 4131 folii
1368 4073 1405 4145 87
1428 4073 1605 4133 Ανίοιοιίεωί
1624 4088 1704 4134 sunt.

259 4155 339 4215 ldem
356 4158 415 4217 fere
430 4159 613 4236 singulorum
630 4162 768 4221 foliorum
783 4164 910 4225 ambitus
925 4180 969 4226 est
988 4168 1019 4225 in
1039 4167 1200 4227 Turinensi
1222 4169 1323 4229 codice
1343 4171 1510 4247 eclogarum
1526 4170 1586 4251 arrpl
1600 4174 1696 4253 ἀρττῆς
1710 4172 1753 4233 καί
1765 4195 1807 4231 ατ·

219 4251 294 4324 κίας,
309 4265 342 4313 ut
355 4275 392 4313 cx
407 4257 576 4332 fragmentis
591 4258 660 4317 inde
681 4261 812 4338 repetitis
827 4264 858 4321 in
873 4261 985 4340 Fragm.
996 4264 1105 4325 llistor.
1119 4278 1188 4323 totu.
1202 4263 1257 4344 lll,
1276 4287 1308 4345 p.
1326 4274 1384 4345 4⁰9
1404 4280 1433 4327 et
1447 4267 1519 4327 alibi
1538 4268 1722 4347 intelligitur.
1736 4268 1807 4329 ldem

219 4368 308 4427 porro
318 4351 397 4410 valet
408 4353 444 4411 de
458 4353 559 4413 codice
573 4356 740 4433 eclogarum
760 4359 821 4439 περ)
837 4360 997 4435 ἐπιὸοολῶν,
1009 4382 1047 4421 ex
1063 4382 1122 4441 quo
1144 4364 1175 4422 in
1190 4363 1331 4440 Hispania
1351 4384 1417 4424 saec.
1434 4363 1499 4425 xvt
1511 4364 1603 4424 codex
1625 4366 1807 4427 Scorialensis

172 4534 174 4538 Ι
218 4451 263 4517 tl,
279 4451 305 4519 l,
326 4470 358 4506 tt
377 4449 540 4529 descriptus
554 4466 613 4527 est;
631 4475 697 4514 nam
717 4457 795 4535 quod
818 4457 860 4517 ibi
882 4458 914 4517 in
937 4458 1062 4517 mediam
1077 4460 1212 4537 Dionysii
1231 4461 1428 4520 narrationem
1444 4460 1607 4520 intruditur
1622 4462 1805 4540 fragmentum

218 4542 336 4621 Polybii
352 4547 389 4620 (v.
403 4545 450 4609 fr.
466 4548 539 4608 llist.
556 4562 627 4609 toro.
643 4550 683 4622 tl,
699 4574 729 4631 p.
746 4552 863 4634 XXVll)
877 4574 893 4613 a
905 4564 941 4621 ><
955 4576 991 4629 77
1003 4575 1107 4616 versus
1121 4555 1295 4616 Didotianos
1306 4556 1404 4636 explet
1414 4570 1443 4617 et
1454 4558 1484 4616 in
1500 4571 1658 4638 prototypo
1673 4558 1731 4618 duo
1745 4556 1807 4615 folia

219 4640 283 4699 loco
297 4662 350 4701 suo
366 4656 444 4705 motu
461 4646 654 4725 complevisse
669 4649 795 4707 ridetur.

259 4737 301 4795 lix
315 4741 361 4799 his
376 4754 471 4801 autem
488 4742 574 4802 libris
600 4765 689 4822 quum
710 4746 889 4807 clarissimus
914 4748 966 4807 ille
983 4742 1167 4811 Turonensis
1189 4752 1259 4812 olim
1278 4753 1463 4813 bibliothecae
1481 4754 1664 4813 Constantini
1680 4750 1806 4831 Porphy-

220 4837 344 4911 rogeniti
368 4840 456 4898 fuisse
475 4840 549 4899 hand
564 4844 709 4903 immerito
726 4857 887 4918 censeatur,
903 4847 980 4906 idern
996 4848 1116 4908 fortasse
1127 4854 1261 4910 statueris
1271 4852 1307 4910 de
1318 4864 1475 4930 prototypo
1484 4852 1595 4911 codicis
1605 4850 1805 4912 Fseoridensis

221 4982 484 5003 m

250 5072 283 5137 (Ἴ
296 5077 324 5126 ln
337 5076 535 5177 Athcnuilibollo
546 5081 730 5147 corruptissimo
743 5083 857 5135 nonnulla
872 5084 1002 5138 emendare
1014 5087 1099 5137 studui
1112 5088 1136 5137 in
1151 5090 1296 5153 Gutttaaer
1305 5086 1422 5153 gelehrte
1430 5063 1573 5157 ¹Arraelpaaa
1588 5095 1655 5153 1869,
1670 5104 1695 5155 p.
1707 5089 1760 5141 t-t.
