3809 5859
101 368 118 371 --
170 331 232 414 xxij
750 351 757 367 ¹
826 338 1126 403 rnotauounun.

171 465 298 547 Βίχειρις
310 468 463 547 λεγόμενον,
474 474 519 527 νῦν
533 468 560 528 δὲ
575 472 673 529 οἰκοῦσι
689 471 713 529 Κ
716 469 801 550 ολχοι.
814 471 903 552 Μέχρι
918 462 963 531 οῦν
974 476 1021 533 τοῦ
1034 471 1186 554 Ὀφιοῦντος
1197 479 1319 548 ποταμοῦ
1333 474 1367 533 cd
1380 472 1440 546 ἔθνη
1453 477 1504 533 τῶν
1519 475 1565 534 δύο
1576 475 1685 537 Πόντιον
1698 477 1781 539 ἐστίν.

174 585 221 625 ιο.
239 566 368 647 Ψυχροῦ]
383 571 428 624 τοῦ
442 568 487 628 Ψ.
499 600 541 613 -
557 588 604 628 ιι.
621 568 657 635 εἷς
669 566 758 627 Kalhu
779 570 914 647 ποταμὸν,
926 570 970 630 τὸν
985 575 1030 630 νῦν
1044 568 1195 651 ltpops'vnr
1203 569 1297 642 Καλὴν
1315 569 1502 651 παριμῦολήν]
1517 572 1564 631 lbi
1577 572 1655 645 licii.
1674 595 1782 653 παριμ·

172 656 238 731 ῦολή
252 661 284 718 in
298 660 363 720 cod.
381 661 475 720 Lond.
490 660 590 723 Fuerit
607 684 614 719 :
631 663 658 720 ἐν
673 663 757 743 τούτῳ
771 668 788 735 ἡ
803 668 848 722 νῦν
862 666 991 744 λεγομένη
1003 665 1083 738 Καλὴ-
1096 664 1267 744 παρεμδολή.
1278 698 1320 711 -
1335 686 1382 728 ιι.
1397 666 1500 745 Καλῆς]
1518 671 1566 739 τῆς
1581 670 1617 729 Κ.
1631 701 1672 715 -
1684 668 1730 731 lb.
1739 670 1778 734 εἷς

170 752 215 813 rba
229 752 327 823 Ῥίζιον
349 755 489 835 λεγόμενόν
511 780 574 817 ποτε
592 758 660 836 (em.
676 758 804 839 ποταμὸν)
826 760 871 818 καί
890 760 999 843 λιμένα]
1020 765 1055 831 είς
1073 760 1104 821 ab
1123 761 1234 842 Opiros
1257 761 1316 835 ἤτοι
1334 761 1435 832 Ῥίζεον
1454 763 1616 841 καλούμενον
1635 763 1712 824 δπότι
1730 766 1779 824 καὶ

169 849 276 929 λιμένα.
289 852 367 929 Lege
389 854 452 919 καλ.
468 854 588 929 ποταμὸν
602 867 652 913 aut
669 856 731 913 κοιλ.
748 877 812 914 ποτε
823 856 954 935 ποταμώ.
965 891 1006 905 -
1019 871 1064 927 ι4.
1075 858 1190 937 Ῥιζίοο]
1207 856 1320 927 Ῥιζίοιι.
1334 890 1375 905 -
1387 859 1434 921 15.
1447 858 1562 932 Ἀδινῆον
1575 857 1642 942 ἤδη]
1651 859 1779 921 Ἀδιναῖσν

169 948 286 1021 ἤτοι.-
303 951 349 1009 ι8.
365 948 494 1028 Ἀδινήου]
507 950 645 1011 Ἀδιναίου.
656 984 696 997 -
706 953 753 1013 ι8.
768 954 802 1020 είς
815 952 939 1032 Κόρδυλα
950 955 1061 1036 χωρίον]
1079 956 1116 1023 ιίς
1137 952 1275 1037 Κορδύλην
1287 954 1384 1035 χωρίον
1399 955 1530 1034 κείμενον.
1542 977 1639 1015 -αι,
1653 958 1776 1035 χωρίον..

169 1042 321 1124 λεγδμινον]
337 1044 437 1128 χώρα..
448 1048 591 1127 λεγομένη.
602 1082 643 1095 -
655 1050 702 1109 23.
718 1049 809 1109 codron
826 1054 871 1109 τοῦ
885 1051 996 1131 χωρίου]
1014 1051 1100 1133 τούτῳ
1111 1054 1149 1131 τῷ
1167 1050 1269 1132 χωρίῳ.
1282 1082 1322 1097 -
1337 1052 1387 1113 α6.
1401 1050 1510 1121 σώζοιτο
1525 1054 1593 1131 etc]
1608 1052 1733 1122 σώζοιντο
1751 1054 1778 1110 δ’

171 1142 202 1201 ἃν
220 1148 266 1201 τοῦ
288 1148 371 1224 βορρᾶ
395 1148 525 1223 ὁρμοῦντα
546 1147 636 1205 πλοῖα.
653 1178 694 1191 -
709 1147 758 1205 30.
776 1144 839 1205 'Aah
855 1145 882 1205 δὲ
896 1147 1009 1221 Ἀθηνῶν
1029 1151 1065 1215 ti<
1084 1148 1202 1227 Ζιίγατιν
1220 1146 1341 1223 ποταμὸν
1362 1147 1456 1206 στάδια
1472 1147 1507 1217 ζ’.
1525 1148 1589 1209 Ἀπθ
1605 1146 1720 1219 Ἀθηνῶν
1741 1150 1780 1216 είς

171 1236 329 1319 Πρίτανην]
347 1240 411 1299 ’Arm
425 1240 452 1298 δὲ
465 1240 502 1300 Ἀ.
518 1242 553 1308 είς
568 1241 710 1320 Ζαγγοίλην
732 1265 795 1304 ποτ.
810 1243 904 1303 στοίδια
919 1244 954 1319 ζ’,
967 1243 1006 1322 ι’,
1019 1246 1077 1323 μίλ.
1099 1244 1216 1305 cest-'Am
1233 1244 1261 1303 δὲ
1283 1244 1426 1322 Ζαγγιίλου
1447 1250 1568 1323 ποταμοῦ
1583 1245 1644 1318 ἤτοι
1663 1243 1779 1319 Ἀθηνῶν

164 1337 206 1423 Ιείς
221 1336 373 1416 Πυρτιίνην.
393 1370 433 1384 -
449 1342 497 1399 32.
516 1338 638 1419 βασίλειοί
653 1342 733 1399 ἐστιν.
748 1339 812 1400 'And
825 1339 852 1399 δὲ
869 1342 1022 1421 Πρυτᾶνου]
1037 1344 1155 1403 omissa.
1168 1376 1209 1389 -
1219 1344 1266 1409 34.
1281 1340 1418 1421 Ἀρμίνοο]
1430 1340 1566 1421 Ἀρμίνητ.

209 1434 244 1491 Ρ.
259 1442 332 1513 dra,
345 1455 375 1493 a.
394 1430 555 1518 περιοίκων]
566 1436 774 1516 περιοικούντων.
790 1470 831 1486 ·-
849 1438 877 1496 6.
896 1441 948 1497 τῶν
966 1438 1083 1520 ταιίρων]
1099 1438 1166 1497 llaec
1180 1438 1285 1510 verba,
1304 1437 1337 1496 iu
1353 1436 1419 1499 vat.
1437 1439 1560 1512 omissa,
1575 1438 1664 1498 habet
1683 1442 1778 1500 codex

170 1530 266 1593 Lond.
279 1560 320 1577 ·-
330 1529 375 1591 lb.
391 1528 419 1598 ὃς
431 1576 451 1591 ..
470 1530 571 1590 διώκων
635 1532 789 1613 φημίζεται]
802 1532 831 1593 δν
845 1576 865 1595 ..
879 1532 1036 1599 διώκοντα..
1050 1536 1217 1617 φημίζονται.
1229 1568 1269 1583 -
1281 1555 1311 1612 9.
1326 1537 1364 1605 είς
1375 1534 1530 1618 Ὀφιοῦντα]
1548 1535 1597 1603 ἕως
1611 1534 1776 1616 Ὀφιοῦντος.

171 1660 212 1675 ·-
230 1649 278 1687 ro.
292 1627 410 1707 πρῶτον]
425 1627 527 1709 πρώηκ

210 1726 251 1787 ll.
270 1725 507 1795 Ὑποτύπωσις
526 1729 745 1809 γεωγραφίας
768 1732 798 1790 ἓν
822 1730 992 1811 ίπιτόμιρ.
1013 1732 1125 1808 Geogr.
1141 1730 1215 1790 liin.
1231 1751 1262 1802 a,
1275 1752 1306 1810 p,
1324 1732 1471 1807 494509,

211 1828 246 1887 Ιιι
259 1826 433 1905 corruptelis
447 1826 534 1903 longe
548 1828 684 1903 plurimis
701 1828 793 1887 codex
805 1829 900 1890 Lond.
916 1849 981 1888 curn
997 1828 1102 1888 ceteris
1116 1828 1202 1887 codd.
1220 1828 1380 1905 conspirat.
1392 1828 1488 1887 Pauca
1502 1827 1634 1905 quaedam
1653 1828 1779 1907 propria

171 1922 259 1981 habet
275 1943 282 1983 ι
298 1942 365 2001 pag.
384 1923 453 2001 495,
470 1945 495 1981 ι.
510 1928 600 1983 τοῦτον
614 1925 640 1982 δὲ
651 1924 678 2004 *]
698 1930 791 1983 τοῦτον
807 1926 834 1984 δὲ
849 1934 918 1985 ποιεῖ
934 1941 1021 1985 recte.
1034 1960 1075 1973 -
1091 1927 1161 2002 496,
1181 1925 1227 1984 ι8.’
1248 1923 1384 2003 δριζομίνῃ
1406 1926 1445 2004 τῷ
1458 1920 1570 2005 Ἴστρῳ]
1584 1928 1625 2003 tp.
1644 1925 1689 1983 καλ
1708 1928 1777 2003 αὐτῇ

171 2022 209 2099 τῷ
222 2017 256 2081 Ἰ.
269 2032 358 2080 recte.
372 2052 412 2063 -—
424 2020 493 2097 498,
514 2041 545 2078 ιι
567 2034 595 2079 et
612 2028 682 2099 499,
704 2014 738 2081 ra
751 2037 779 2080 et
796 2024 831 2081 15
847 2026 864 2093 ἡ
879 2024 1036 2096 articulus,
1055 2042 1141 2101 quem
1160 2020 1311 2099 supplevi,
1328 2040 1389 2078 non
1411 2020 1567 2080 omittitur.
1581 2052 1622 2065 —
1634 2022 1702 2096 498,
1723 2041 1775 2081 aa.

171 2117 271 2195 πολλὴ]
292 2114 382 2189 πολις,
400 2128 432 2175 ut
447 2116 512 2177 cod.
528 2118 568 2190 E,
580 2117 646 2177 πολιν
660 2131 727 2179 cett.
747 2119 833 2178 codd.
845 2152 885 2165 -
900 2120 970 2193 5οι,
987 2123 1022 2179 31
1048 2117 1094 2179 καλ
1112 2118 1157 2178 τὸν
1177 2116 1260 2193 Ἄθω]
1280 2115 1327 2175 lbi
1341 2114 1423 2181 Ἄθως
1441 2116 1497 2196 ὄρος
1513 2135 1615 2176 manus
1630 2134 1732 2175 recens
1745 2116 1777 2174 iu

172 2214 304 2290 margine
323 2213 450 2290 scripsit.
465 2254 503 2267 -
516 2214 581 2285 506,
603 2214 640 2273 25
655 2234 700 2293 sq.
716 2212 771 2293 χξζ
785 2229 814 2272 et
828 2215 934 2274 deinde
950 2215 1032 2297 χίλιοι
1051 2215 1165 2286 στάδιοι,
1182 2213 1257 2290 μίλια
1272 2212 1300 2272 δὲ
1313 2212 1381 2293 ρλγ’,
1399 2216 1429 2271 in
1442 2212 1467 2270 L
1480 2213 1599 2285 omissa.

212 2311 267 2370 lll.
288 2310 519 2392 Ἀγαθημίρου
539 2311 758 2394 γεωγραφίας
771 2309 1011 2377 θποτύπωσις.
1027 2310 1135 2386 Geogr.
1149 2310 1221 2369 liin.
1236 2332 1265 2382 a,
1278 2330 1309 2388 p.
1325 2312 1468 2384 ιρι-487.

211 2407 249 2467 Ρ.
263 2416 331 2481 47ι,
351 2428 378 2470 ι.
391 2406 535 2487 ἐτόλμησε]
548 2410 735 2485 ἀπετόλμησε,
751 2423 841 2480 recte,
856 2421 889 2465 ut
903 2408 1030 2467 videtur.
1041 2441 1082 2454 ·-
1094 2408 1122 2467 5.
1136 2406 1284 2486 Λίοῦιος]δ
1303 2409 1350 2480 A,
1364 2420 1397 2466 ut
1412 2407 1478 2467 cod.
1498 2407 1537 2468 G.
1549 2440 1589 2453 -
1602 2408 1630 2466 6.
1647 2406 1774 2481 πλεῖστα]

170 2506 356 2565 aGronovio
367 2505 517 2579 additum,
538 2504 625 2565 habet
640 2505 672 2565 L.
687 2539 728 2552 -
745 2507 815 2579 483,
830 2526 860 2578 7.
872 2504 969 2582 Θίνηι]
984 2503 1033 2564 Sic
1051 2505 1088 2563 de
1106 2504 1274 2581 conjectura
1294 2505 1401 2583 scripsi
1421 2525 1477 2584 pro
1500 2505 1621 2584 Θρήνης,
1643 2500 1775 2581 ’sepiant

169 2616 302 2665 ιιιιιοιιιιιι
319 2602 461 2661 codicum.
477 2602 643 2679 legendum
658 2602 751 2661 ecod.
767 2600 860 2661 hond.
885 2598 1002 2672 enimc.
1025 2602 1110 2681 Apud
1130 2602 1322 2661 Ptolemaeum
1344 2602 1486 2682 oppidum
1506 2617 1628 2662 vocatur
1641 2601 1774 2672 Occisus,

170 2700 247 2776 apud
263 2700 338 2759 alios
352 2698 424 2771 Θίνη
437 2698 483 2756 vel
495 2696 593 2769 Θαίνη.

834 2863 1111 2898 ψ-

479 3080 562 3183 llE
592 3075 993 3205 FRAGMENTO
1024 3076 1453 3184 ARISTODEMI.

210 3346 413 3422 Fragmentum
426 3346 598 3404 historicum
615 3346 651 3405 de
670 3346 757 3405 rebus
772 3344 941 3403 Graecorum
955 3365 993 3403 ex
1007 3364 1095 3424 opere
1109 3344 1287 3404 Aristodemi
1305 3344 1453 3421 cujusdam
1472 3346 1605 3404 avrrlsum
1620 3366 1684 3405 esse
1702 3366 1781 3425 prae·

171 3442 266 3501 tnissce
282 3444 486 3523 inscriptionis
501 3444 558 3503 fide
572 3445 675 3503 avinis
689 3444 783 3502 doctis
796 3457 939 3504 censetur.
956 3443 1040 3502 llaud
1054 3456 1132 3502 caret
1142 3460 1177 3499 ea
1191 3443 1334 3501 sententia
1349 3443 1447 3519 specie
1457 3439 1694 3519 probabilitatis,
1707 3443 1780 3501 licet

169 3538 345 3598 dubitationi
361 3542 400 3598 sit
414 3539 553 3604 obnoxia.
569 3540 695 3610 Quinam
711 3559 781 3598 vero
799 3541 886 3598 fuerit
899 3540 1103 3599 Aristodemus
1116 3540 1184 3611 ille,
1200 3538 1327 3598 simodo
1348 3540 1452 3608 luerit,
1467 3539 1573 3597 certius
1586 3538 1646 3597 dici
1662 3542 1777 3617 nequit.

169 3635 249 3695 luter
263 3638 419 3715 scriptores
436 3636 499 3714 ejus
518 3638 660 3709 nominis,
672 3657 796 3715 quorum
814 3638 919 3696 notitia
942 3638 979 3695 ad
1001 3658 1054 3697 nos
1072 3637 1225 3715 pervenit,
1239 3636 1458 3712 antiquissimus
1477 3654 1541 3693 esse
1562 3634 1678 3693 ridetur
1699 3634 1778 3694 Arl-

170 3733 332 3806 stodemus‚
346 3732 431 3811 cujus
452 3735 548 3794 Γίλοια
562 3734 741 3811 ὑπομνήματα
759 3733 796 3791 ab
811 3734 949 3793 Athenaeo
969 3738 1076 3813 passim
1095 3732 1262 3792 laudantur.
1275 3733 1359 3790 llunc
1375 3732 1453 3791 enim
1473 3730 1528 3790 sub
1546 3732 1656 3809 primis
1675 3726 1781 3792 Ptole·

170 3828 251 3887 masis
262 3829 427 3889 vixisseerc
443 3828 625 3908 temporibus
642 3829 894 3907 personarunr,de
908 3829 1017 3906 qulbus
1031 3831 1062 3888 in
1082 3829 1249 3905 fragmentis
1267 3848 1361 3886 sermo
1374 3842 1436 3899 est,
1452 3827 1657 3906 collegerisffl
1667 3822 1777 3906 Sequi·

170 3934 217 3979 tur
228 3924 428 3983 Aristodemus
441 3927 663 4001 grammaticus,
678 3926 842 3985 Aristarchi
860 3927 1023 4004 discipulus
1049 3926 1153 4005 (schol.
1173 3924 1259 3985 Pind.
1278 3926 1360 3985 Nem.
1378 3944 1407 3996 7.
1424 3921 1465 4001 al,
1482 3926 1533 4002 qui
1556 3922 1783 3984 Alexandrinus

169 4032 293 4077 vocatur
307 4021 337 4078 in
350 4020 441 4087 schol.
453 4021 542 4081 Pind.
555 4024 657 4082 Isthm.
676 4044 704 4098 ι,
724 4022 865 4084 11.ldem
885 4024 962 4083 haud
983 4023 1073 4083 dubie
1090 4022 1194 4081 ceteris
1214 4040 1333 4098 quoque
1350 4019 1530 4079 scholiorum
1548 4020 1775 4079 Pindaricorum

170 4114 258 4188 locis,
271 4116 380 4192 quibus
394 4118 572 4177 Aristodemi
585 4119 693 4178 mentio
709 4120 757 4191 lit,
771 4119 979 4194 intelligendus
990 4130 1043 4178 est.
1058 4120 1160 4195 Itaque
1171 4109 1261 4195 quum
1281 4137 1346 4195 quae
1363 4117 1394 4175 iu
1409 4116 1502 4198 schol.
1517 4116 1552 4175 ad
1563 4117 1681 4195 Olymp.
1697 4115 1726 4193 3,
1737 4138 1776 4175 aa

170 4210 334 4285 traduntur,
345 4214 443 4272 eadem
460 4216 537 4293 apud
560 4214 816 4294 llnrpocratiunem
835 4236 867 4275 v.
880 4212 1067 4275 Ἑλλανοδίκαι
1085 4234 1119 4272 ex
1137 4214 1320 4276 Aristodemo
1339 4218 1410 4271 Eleo
1427 4212 1598 4287 asserantur,
1619 4234 1705 4291 quern
1728 4217 1775 4273 ci⁶

170 4308 244 4379 tavit
257 4307 343 4364 etiam
357 4308 528 4369 Eusebius
519 4331 551 4370 ιιι
570 4311 725 4370 Lhromcis
741 4330 772 4388 p
788 4321 839 4381 ι4ι
853 4312 899 4369 ed.
913 4310 987 4382 itai,
999 4310 1229 4369 Alexandrinum
1247 4311 1331 4369 illum
1347 4330 1383 4368 ex
1399 4308 1484 4369 Elide
1510 4309 1665 4368 oriundum
1684 4312 1776 4370 luisse

166 4403 234 4481 J'ure
244 4408 397 4481 censeas(
401 4404 438 4481 *λ
453 4392 540 4467 Alius
545 4408 707 4467 Aristarchi
719 4407 881 4487 discipulus
892 4409 946 4467 tuit
957 4406 1135 4467 Menecrates
1149 4406 1315 4485 Nysaensis.
1328 4406 1422 4517 llujus
1436 4425 1509 4464 vero
1521 4406 1576 4463 filii
1590 4404 1709 4466 fuerunt
1719 4406 1776 4467 So·

170 4514 276 4585 stratus
295 4514 324 4559 et
341 4503 542 4567 Aristodemus
561 4505 611 4564 ille
624 4505 723 4563 rhetor
738 4519 767 4564 et
791 4506 1014 4581 grammaticus,
1031 4524 1116 4582 quem
1138 4504 1224 4563 valde
1244 4502 1342 4562 seneni
1358 4501 1647 4580 juvenisadmodnm
1667 4502 1781 4561 Strabo

169 4578 254 4676 Nysae
269 4599 394 4674 audivit,
412 4613 441 4657 et
454 4600 589 4677 quemde
574 4601 681 4659 inde'
672 4622 702 4659 ιιι
722 4600 825 4660 ithodo
834 4615 957 4681 ,postea
971 4622 1044 4660 vero
1062 4601 1162 4659 llomae
1175 4600 1289 4659 scholas
1303 4598 1441 4658 habuisse
1450 4598 1574 4675 ,ibique
1591 4598 1668 4656 lilios
1686 4598 1774 4656 Pom-

169 4694 228 4773 pejr
222 4695 374 4755 'docuisse
394 4715 431 4755 ex
445 4695 588 4755 Strabone
603 4697 644 4777 (p.
660 4698 730 4777 650)
750 4698 898 4757 novimus.
910 4698 990 4757 Idem
1011 4699 1099 4756 refert
1114 4698 1203 4776 hujus
1221 4698 1398 4756 Aristodemi
1418 4696 1522 4777 ἀνεψιον
1543 4696 1634 4754 fuisse
1650 4696 1780 4755 alterum·

200 4872 233 4935 4)
251 4872 288 4920 Gi
303 4870 397 4937 Fragm.
413 4872 472 4922 bist.
487 4874 547 4922 tom.
559 4878 582 4931 3,
593 4887 618 4936 p
628 4862 685 4933 307,
698 4873 739 4923 ubi
756 4873 813 4923 ride
827 4875 902 4923 etiam
913 4874 945 4923 (ιο
957 4874 1012 4923 aliis
1024 4874 1193 4924 Aristodemis.

201 4944 223 5007 (
227 4944 292 5007 ‘)in
307 4945 416 5009 Ροιιιμί
429 4945 756 5008 ιιιιιισιισμσιομποιαιοιιι.
773 4950 782 4993 1
791 4958 834 5007 ‚p
850 4948 906 4993 1607
920 4942 961 4992 cd
975 4957 1024 4994 sec.
1037 4944 1079 4993 hic
1092 4943 1262 4993 Aristodemus
1279 4942 1414 4994 Aristarchi
1430 4915 1569 5007 discipulus
1585 4942 1680 5006 absque
1696 4938 1780 4991 ciusa

169 5016 323 5077 componitur
336 5026 395 5065 cum
418 5014 574 5065 Aristodemo
597 5015 722 5065 Νιοοοιωι.
734 4982 828 5064 Ibidem
848 5013 1018 5063 Aristodemus
1033 5014 1284 5064 Eleusiortassenon
1297 5014 1476 5063 diversusesse
1490 5013 1529 5062 ιιι
1524 5013 1581 5062 itur
1594 5013 1679 5073 abeo,
1694 5023 1770 5075 quem

168 5081 253 5133 laudnt
268 5083 431 5134 Tertullianus
443 5088 480 5135 De
494 5098 534 5136 an.
545 5099 566 5135 c
578 5089 617 5134 tu.
631 5088 663 5135 At
673 5086 724 5149 qui
727 5084 761 5134 ibi
772 5083 937 5133 introducitur
949 5083 1121 5135 Aristodemus
1136 5097 1185 5135 non
1203 5088 1241 5133 est
1257 5085 1372 5148 scriptor,
1382 5081 1426 5134 sed
1440 5088 1511 5133 vates
1524 5082 1565 5133 ille
1576 5087 1603 5132 et
1616 5084 1777 5136 οοιιιιιιοτιιιιι

168 5152 290 5216 interpres
301 5153 344 5217 qui
355 5154 423 5217 apud
437 5152 561 5206 Plutarch.
574 5156 640 5205 Alex.
651 5170 673 5206 c.
687 5160 715 5206 tu
728 5154 871 5206 Aristander
882 5156 993 5204 vocatur.
