3809 5859
231 285 271 343 36
813 282 973 344 Joannls
992 282 1225 345 ANTIOCHENI

230 412 407 489 Ὑπαπαντήν
421 416 599 493 γυμνόποδος,
613 414 679 475 λίθοι
696 417 846 475 κατάίτοῦ
862 415 999 496 ἐπέμφθη·

232 527 280 566 σαν
296 506 332 570 είς
351 502 384 561 πθ
410 506 578 583 Καρπιανοῦ·
594 501 639 562 καί
652 502 773 563 ίκοίθισοίν
787 527 845 563 τινα
865 502 1000 584 φαλακρόν

233 594 269 658 είς
290 592 364 666 θνον,
382 590 503 666 βαλόντες
522 589 618 663 είςτήν
637 590 753 670 κεφαλήν
773 594 851 650 αὐτοῦ
872 589 1000 735 σξκβρ-ο-δα,

231 678 295 756 πρὸς
312 676 423 752 μίμησιν
438 676 599 757 Μαυρικίου,
612 676 739 752 λέγοντες·
761 705 773 729 ι
792 668 861 756 Ιίθρε
911 700 931 745 ,ν
954 676 1001 763 δρί-

232 761 431 839 μαληυδπαλήν
445 766 491 822 καί
502 762 644 844 τρυφερὰν,
667 762 712 821 καί
730 769 764 831 ὡς
778 764 809 823 τί
827 761 916 823 καινὸν
935 764 999 824 είλε-

230 850 335 932 κτόριν,
348 848 429 917 οὕτως
444 850 524 921 αὐτήν
538 850 697 924 πεπήδηκεν.
710 878 722 904 ν

422 1030 426 1037 .
509 984 565 1041 218
587 984 616 1043 d.
639 982 713 1069 (6ου)

270 1104 336 1168 Ὅτι
351 1110 471 1187 ὑφωρᾶτο
485 1106 630 1186 Μαυρίκιος
651 1112 687 1174 είς
708 1108 750 1167 τόν
766 1108 877 1188 στρατόν
892 1108 1000 1190 Θρᾴκης

232 1196 277 1255 καί
286 1198 320 1261 είς
330 1196 373 1253 τόν
385 1194 503 1273 γαμόρθν
514 1194 689 1273 Φιλιππικὸν,
702 1196 746 1253 καί
756 1187 822 1255 εἶδεν
835 1198 999 1276 ἀποκάλυψιν

232 1288 247 1341 ό
259 1282 416 1361 Μαυρίκιος,
432 1278 574 1340 ότιίστατο
585 1285 611 1341 έν
622 1285 660 1361 τῷ
671 1288 796 1363 πορφυρῷ
806 1284 940 1364 μαρμάρῳ
951 1289 999 1356 τῆς

233 1372 354 1439 Χολκῆε·
375 1372 420 1427 καί
444 1368 530 1446 έλεγεν
554 1371 636 1449 αὐτῷ·
656 1395 669 1423 ε
688 1372 746 1430 Ποῦ
760 1371 999 1448 θέλεις,δποδώσω

232 1480 287 1531 οοι,
302 1448 354 1515 ὧδε
375 1454 392 1523 ή
411 1458 437 1513 έν
453 1457 491 1536 τῷ
507 1456 647 1534 μέλλοντι;
665 1482 677 1509 ν
692 1456 726 1516 Ὁ
741 1455 767 1515 δέ
782 1448 854 1517 εἶπεν
872 1486 884 1512 ι
902 1450 952 1518 ίόδε
974 1484 997 1520 ι.

232 1544 283 1605 Καί
293 1544 351 1602 τότε
361 1542 501 1622 ἐπέτρεψεν
514 1544 591 1603 αὗτδν
599 1545 734 1614 ἐκδοθῆναι
745 1546 831 1625 Φωκζί
840 1546 997 1626 στρατιώτῃ,

229 1632 274 1691 καί
291 1633 437 1701 διυπνίσθη.
454 1630 594 1704 Ἐποίησεν
615 1622 657 1691 οὖν
684 1634 822 1709 μετάνοιαν
842 1635 880 1713 τῷ
895 1636 997 1694 Φιλιπ-

229 1723 300 1799 πικῷ
320 1716 502 1797 όΜαυρίκιος.
527 1717 559 1797 (υ)
585 1718 755 1799 Ἐπεχιίρουν
776 1709 821 1778 οίν
843 1722 867 1779 οἱ
889 1721 997 1796 στρατοὶ

228 1806 336 1888 Θρᾴκης
371 1805 525 1885 ἀνέρχεσθαι
560 1806 624 1886 πρὸς
660 1805 798 1877 ίπιθουλήν
834 1808 994 1889 Παυρικίου.

229 1892 438 1954 Ἐόουλεόααντο
459 1883 502 1950 οίίν
523 1894 547 1951 οἱ
566 1892 672 1969 στρατοί
685 1892 742 1950 τίνα
757 1893 895 1963 ποιήσουσι
916 1898 995 1972 βασι-

228 1980 286 2041 λέα.
303 1980 446 2053 Ἐποίησαν
462 1970 505 2037 οίίν
521 1982 621 2041 (hoxae
635 1980 679 2037 καί
694 1980 807 2059 αἰφίησαν
821 1979 864 2038 τόν
879 2002 907 2038 τε
925 1979 996 2039 Ἀλέ-

1057 414 1162 495 ξανδρον
1177 415 1221 473 καί
1233 416 1326 474 Αίλλιν
1337 415 1384 473 καί
1395 406 1473 486 ήλθον
1486 413 1545 479 ἕως
1556 418 1608 472 τοῦ
1620 412 1729 489 κόμπου
1740 415 1818 477 ‘Eeho

1056 526 1117 579 μου.
1135 505 1293 583 Ὺφωριῗιντο
1313 494 1356 560 οθν
1380 503 1405 560 οί
1426 506 1472 573 τῆς
1488 500 1607 565 πόλεως
1623 500 1669 558 δελ
1683 504 1820 581 Παυρυιίνν,

1055 588 1101 649 καί
1118 589 1200 655 οὗδείς
1220 588 1319 665 έτόλμα
1333 587 1442 657 ἐξελθεῖν
1455 588 1524 668 πρὸς
1544 586 1658 655 αὐτούς.
1680 586 1819 670 Ἐπεσόρεττ

1055 670 1099 737 οίν
1114 669 1150 743 εἷς
1164 676 1210 736 καί
1224 675 1304 755 αἰπγήει
1317 677 1381 755 πρθς
1398 676 1441 736 τὸν
1456 676 1592 756 στρατόν.
1641 675 1676 754 (ι)
1690 676 1819 752 ’Πόονλήθγ

1055 768 1069 823 ό
1084 763 1230 845 Μαυρίκιος
1244 769 1278 843 τῇ
1296 764 1369 824 νυκτί
1384 772 1470 844 φυγεῖν
1484 763 1558 843 πρὸς
1572 763 1624 823 τὸν
1639 762 1714 841 ἅγιον
1728 766 1819 827 Λότόιο

1056 876 1117 929 μον,
1126 853 1184 910 ἀλλ’
1192 850 1298 910 ἐπίασεν
1310 851 1388 910 αι’ντθν
1397 855 1414 923 ή
1424 850 1578 929 ποδολγία.
1592 849 1628 929 (ι)
1636 853 1819 931 Προαερρύερεν

1055 930 1100 998 οδν
1112 938 1158 996 καί
1169 937 1202 996 τό
1209 939 1254 997 δύο
1265 938 1342 1015 μέρη,
1350 938 1478 1015 Προίσινοι
1488 938 1542 997 καί
1554 936 1681 1010 Βενετοί,
1694 938 1738 996 καί
1748 940 1820 1007 πόνπς

1058 1026 1123 1102 (καί)
1145 1024 1276 1103 δνήγαγον
1289 1024 1335 1085 τόν
1347 1026 1448 1085 noxae
1466 1028 1503 1097 εἷς
1525 1025 1681 1106 σκουτοίριν
1695 1027 1722 1083 ἐν
1738 1031 1820 1106 epap-

1057 1113 1188 1193 όουναλίῳ
1205 1116 1251 1170 τοῦ
1265 1113 1371 1188 κόμπου
1385 1111 1430 1171 καί
1448 1112 1643 1193 ἀνηγόρευσαν
1666 1111 1743 1171 αι’ντόν
1761 1117 1818 1191 βασι·

1055 1201 1111 1257 λέα.
1126 1200 1161 1279 (ε)
1170 1199 1205 1261 ‘0
1214 1199 1241 1258 δί
1251 1199 1397 1279 Μαυρίκιος
1408 1200 1542 1271 ἀκούσας,
1554 1196 1673 1266 ἐξελθὼν
1683 1199 1726 1258 διὰ
1734 1202 1818 1277 κοχλίαν

1056 1285 1139 1344 ἐδόκει
1158 1285 1225 1362 μετθι
1249 1290 1295 1346 τοῦ
1321 1289 1376 1345 υἱοῦ
1400 1288 1479 1345 αὐτοῦ
1500 1284 1619 1364 φεύγειν
1644 1288 1683 1351 είς
1704 1286 1746 1343 τόν
1766 1286 1820 1363 έγιον

1055 1372 1205 1448 Αὐτόνομον
1230 1372 1276 1430 καί
1301 1372 1365 1452 πρὸς
1389 1373 1512 1453 Χοσρόην
1541 1375 1572 1431 ἐν
1600 1373 1724 1451 Περσίδι.
1743 1366 1818 1433 Ἦνδὲ

1055 1461 1111 1535 μετ’
1124 1461 1203 1518 αὐτοῦ
1231 1462 1277 1518 καί
1298 1461 1430 1540 Στέφανος
1453 1465 1467 1519 ὁ
1491 1459 1628 1540 βαίουλος
1650 1462 1818 1531 Θεοδοσίον,ί

1054 1547 1145 1614 κτίσας
1157 1547 1191 1605 τίι
1206 1546 1348 1627 Ἁρμονίου
1361 1551 1407 1609 καί
1420 1548 1450 1609 τθ
1465 1550 1588 1626 Σοίγμα.
1607 1549 1664 1611 Καί
1682 1548 1814 1624 θντανεμίετ

1054 1634 1195 1711 γενομένης
1209 1634 1312 1705 ἐξῆλθεν
1325 1639 1360 1704 είς
1372 1639 1548 1716 Διαδρόμους.
1574 1636 1609 1717 (ο)
1621 1635 1657 1697 ‘0
1666 1637 1694 1695 δέ
1703 1640 1816 1700 Θεοδότας

1054 1719 1169 1793 ἠδυνήθη
1190 1722 1334 1803 διαφυγεῖν,
1355 1725 1401 1784 καί
1414 1725 1498 1793 οὐδείς
1520 1725 1625 1802 διέγνω
1638 1748 1646 1763 ·
1658 1728 1682 1784 oh
1696 1725 1722 1783 δέ
1734 1723 1812 1805 ἔφασαν

1054 1807 1093 1867 ότι
1108 1808 1209 1885 φεύγων
1224 1809 1348 1890 έξέδρασε
1362 1812 1407 1871 καί
1421 1812 1611 1885 έτελεύτησεν.
1627 1812 1664 1869 Ἢ
1678 1811 1704 1869 δὲ
1717 1811 1813 1888 γενήτοῖ

1055 1895 1183 1974 βασιλέως
1198 1897 1344 1976 Μαυρικίου
1356 1900 1401 1958 καί
1414 1898 1448 1957 τθι
1460 1900 1547 1958 τέκνα
1560 1901 1684 1971 αἰπῆλθον
1694 1900 1720 1958 έν
1730 1900 1813 1967 Χαλαη·

1053 1982 1125 2051 δόνι,
1138 1986 1152 2039 θ
1165 1983 1193 2042 δέ
1215 1985 1378 2050 Φιλιππικθς
1392 1985 1511 2063 ἐκείρατο
1536 1986 1589 2056 τήν
1605 1985 1691 2061 κόμην
1713 1984 1811 2061 κληριιθς

228 2150 332 2203 νεύοντος
352 2150 410 2211 μετὰ
432 2147 509 2206 πόσης
526 2154 567 2205 τῆς
580 2148 682 2208 πόλεως,
694 2150 866 2211 παρερχομένου
877 2148 902 2197 έν
915 2154 963 2205 τοῖς
975 2152 1114 2213 Καρπιαυοῖς
1125 2188 1132 2208 ,
1144 2152 1307 2209 στασιάζουσιν
1324 2155 1350 2202 ἐκ
1360 2158 1402 2203 τοῦ
1418 2154 1519 2211 πλήθους
1534 2154 1667 2214 τινες,καῖ
1680 2154 1747 2207 λίθους
1755 2150 1802 2198 κατὰ

228 2222 271 2266 τοῦ
288 2220 402 2281 βασιλέως
421 2217 534 2280 έόαλλον,
553 2218 615 2267 ὥστε
631 2219 694 2280 μόλις
708 2220 746 2266 τόν
764 2219 862 2280 βασιλέα
878 2220 920 2268 σὺν
932 2219 1053 2282 θεοδοσίῳ
1061 2225 1096 2282 τῷ
1106 2223 1150 2282 υἱῷ
1160 2221 1232 2269 αὐτοῦ
1241 2223 1383 2281 διασωθῆναι
1393 2224 1433 2270 καί
1449 2225 1493 2281 τήν
1504 2224 1583 2284 εὐχήν
1594 2226 1717 2286 πλνρῶσαι
1727 2221 1748 2268 ίν
1757 2221 1805 2269 Bh-

227 2290 325 2351 χέφναιτ.
333 2290 363 2337 Οί
375 2290 399 2337 δέ
408 2290 477 2349 δῆμοι
490 2290 593 2349 εὑρόντας
605 2287 676 2351 ἄνδρα
688 2290 1012 2353 προσομοιοῦνταθῖαυρικίῳ,
1025 2292 1065 2339 καί
1080 2290 1188 2351 βαλόντες
1201 2292 1266 2353 αὐτῷ
1278 2292 1359 2354 σόγιον
1369 2297 1457 2356 μαῡρον
1467 2295 1508 2341 καί
1521 2294 1576 2342 ἀπὸ
1587 2294 1696 2357 σκόρδων
1705 2292 1800 2345 alim

149 2362 151 2365 ’
228 2359 352 2419 στέφανον,
367 2360 407 2407 καί
420 2360 451 2414 είς
463 2358 516 2407 θνον
524 2362 606 2407 τοῦτον
622 2358 757 2413 καθίσαντες
769 2359 886 2415 διέπαιζον
903 2361 1020 2421 λέγοντες·
1035 2380 1048 2403 ιι
1062 2362 1157 2423 εὕρηκεν
1168 2363 1210 2419 τήν
1223 2363 1341 2423 δαμαλίδα
1354 2364 1461 2423 ἁπαλήν,
1472 2365 1514 2412 καί
1532 2367 1568 2419 ὥς
1579 2364 1610 2412 τὸ
1618 2364 1698 2411 καινὸν
1709 2360 1802 2419 έιλετιίριι

228 2427 301 2489 ταύτῃ
315 2427 487 2486 πεπέδηκενκαί
501 2427 609 2484 ἐποίησεν
618 2428 699 2475 παιδία
708 2429 739 2483 ὡς
749 2428 963 2483 τὰξυλοκούκουδα.
975 2449 987 2473 ν
1000 2428 1084 2479 Verbo
1092 2429 1230 2480 nasturnes
1241 2430 1391 2495 significasse
1402 2432 1463 2483 salis
1475 2432 1558 2482 hahet
1566 2429 1756 2495 'theophylactus
1763 2432 1797 2481 λθ

259 2498 299 2546 hh.
311 2500 356 2546 218
370 2496 395 2545 d.
411 2496 425 2559 §
440 2502 460 2545 l.
474 2496 630 2559 ἀποκάλυψιν]
642 2495 777 2556 ίιπόκαμθιν
793 2497 879 2547 eodan.
891 2498 902 2563 Ιί
912 2524 945 2535 -
957 2500 997 2548 καί
1008 2500 1094 2564 έλεγεν]
1104 2513 1139 2549 ac.
1150 2500 1325 2565 ήάποκοίλυίτς,
1339 2502 1387 2551 nisi
1396 2503 1534 2567 ίοείεφωνή
1544 2503 1587 2553 vel
1598 2503 1649 2553 tale
1659 2500 1716 2563 quid
1727 2497 1802 2548 excidit

227 2565 389 2629 Theophanes
410 2581 435 2630 p.
454 2569 513 2627 439,
533 2568 561 2615 lo
582 2585 588 2613 ι
603 2568 652 2615 Τοῦ
665 2568 689 2615 δί
711 2567 842 2630 Παυρικίου
863 2570 903 2619 τὸν
922 2570 972 2619 θεδν
984 2572 1124 2625 ἱκετεύοντος
1137 2574 1178 2619 τοῦ
1188 2572 1307 2632 ίλεηθῆναν
1318 2575 1361 2631 τήν
1373 2575 1452 2637 ψυχὴν
1462 2574 1555 2635 αὐτοῦ,
1578 2575 1605 2622 έν
1623 2577 1666 2635 μιᾷ
1683 2569 1801 2632 κοιμωμένου

229 2639 301 2687 αὐτοῦ
312 2637 370 2687 εἶδεν
381 2638 504 2697 ὀπτασίαν,
516 2638 548 2695 είς
561 2637 604 2695 τήν
617 2639 711 2696 Χαλκῆν
725 2638 799 2695 πύλην
813 2644 855 2687 τοῦ
868 2640 982 2689 παλατίου
998 2645 1026 2702 τῇ
1040 2639 1112 2689 εῖκόνι
1125 2644 1166 2688 τοῖν
1180 2647 1284 2705 σωτῆρος
1297 2643 1380 2693 ἑαυτὸν
1394 2648 1551 2707 παρεστῶτα,
1565 2644 1608 2691 καί
1623 2643 1679 2691 λαόν
1691 2642 1800 2700 nuptm

229 2709 302 2770 αὐτῷ.
321 2709 368 2755 Καί
383 2708 446 2770 φωνή
460 2708 540 2769 γέγονε
552 2707 580 2755 ίκ
595 2711 636 2755 τοῦ
651 2706 794 2771 χαράκτηρος
812 2713 858 2757 ποθ
869 2709 969 2770 μεγάλου
983 2711 1036 2758 θεοῖν
1049 2710 1089 2758 καὶ
1105 2714 1208 2770 σωτῆρος
1220 2713 1288 2772 ἡμῶν
1301 2709 1381 2769 Ἰησοῦ
1397 2712 1500 2775 Χριστοῦ
1520 2713 1642 2770 λέγουσα
1660 2727 1674 2753 ε
1687 2708 1734 2756 δότε
1749 2708 1798 2752 ΗΝ·

227 2778 300 2843 ρίκιον
312 2795 334 2824 ν.
349 2778 395 2825 Καί
413 2777 568 2838 κρατήσαντες
580 2776 650 2824 αὐτόν
663 2779 685 2825 οί
697 2776 762 2833 δίκης
772 2778 883 2839 ὑπηρέται
897 2779 1046 2839 παρέστησαν
1057 2784 1091 2843 τῷ
1102 2784 1211 2842 πορφυρῷ
1223 2781 1330 2843 δμφαλίῳ
1343 2784 1377 2842 τῷ
1391 2782 1479 2830 έκεῖσε·
1490 2782 1533 2830 καί
1544 2781 1591 2843 ἔφη
1604 2780 1661 2842 πρός
1672 2778 1734 2826 αὐτόν
1742 2778 1755 2831 ί
1764 2777 1799 2823 θεῖε

229 2848 308 2907 φωνή·
323 2865 335 2887 ιι
353 2848 404 2896 Ποῦ
417 2849 501 2906 θέλεις,
511 2846 631 2896 ἀποδώσω
645 2863 700 2905 σοι,
713 2847 758 2896 ὧδε
772 2848 787 2905 ἡ
801 2847 825 2895 έν
839 2852 878 2909 τῷ,
888 2849 991 2910 μέλλοντι
1010 2850 1092 2908 ταῶνας
1108 2869 1120 2892 ν
1139 2850 1168 2900 Ὁ
1183 2853 1208 2903 θλ
1220 2850 1324 2905 ἀκούσας
1341 2850 1396 2913 έφη·
1411 2868 1424 2894 ιι
1440 2850 1591 2915 φιλάνθρωπα
1608 2850 1719 2904 δέσποτα,
1731 2844 1797 2891 hwa

228 2918 309 2981 κρίτα,
319 2916 365 2965 ὧδε
379 2919 465 2977 μᾶλλον
478 2919 493 2975 ἢ
508 2918 531 2965 έν
545 2922 579 2981 τῷ
592 2918 695 2979 μέλλοντι
709 2920 785 2968 αίῶνι.
802 2937 814 2960 ν
829 2918 875 2966 Καὶ
890 2918 1009 2968 ῖκέλευσιυ
1020 2922 1036 2977 ή
1048 2919 1099 2967 θεία
1121 2924 1186 2983 φωνή
1206 2921 1326 2977 ἐκδοθῆναι
1342 2920 1470 2983 Μαυρῖκιον
1483 2922 1526 2969 καί
1542 2922 1586 2978 τήν
1595 2925 1693 2979 γυναῖκα
1702 2914 1760 2962 αότιῦ
1768 2912 1795 2956 καὶ

228 2989 258 3037 τὰ
277 2988 347 3037 τέκνα
365 2989 406 3035 καί
421 2992 500 3036 πᾶσαν
516 2989 558 3045 τήν
575 2990 709 3049 συγγένειαν
722 2988 794 3037 αὐτοῦ
806 2990 882 3049 Φωκᾷ
896 2993 928 3049 τῷ
943 2989 1082 3053 στρατιώτῃ.
1101 2993 1247 3046 Διυπνισθεὶε
1264 2989 1304 3039 οὗν
1318 2990 1446 3051 Παυρίκιος
1466 2992 1507 3039 καί
1529 2990 1636 3043 καλέσας
1652 2988 1690 3036 τόν
1708 2996 1795 3041 zoam·

229 3059 337 3121 μώμενον
353 3057 418 3119 αὐτῷ
437 3058 559 3106 ἀπέστειλε
572 3058 627 3119 πρὸς
638 3060 779 3107 Φιλιππικὸν
793 3058 833 3106 τὸν
845 3058 949 3122 γαμδρδν
962 3059 1033 3109 αὐτοῦ
1042 3060 1066 3108 n
1083 3064 1174 3126 σετυνδῇ
1188 3063 1283 3123 ἀγαγεῖν
1293 3059 1362 3107 αὐτὸν
1375 3061 1431 3122 πρός
1442 3060 1482 3109 τὸν
1497 3060 1632 3122 βασιλέα...
1642 3054 1745 3105 Εἰσελθὼν
1754 3048 1794 3098 ίὲί

226 3129 368 3183 Φιλιππικός
382 3128 406 3175 έν
421 3131 455 3190 τῷ
470 3129 585 3189 βασιλικῷ
596 3131 705 3187 κοιτῶνι,
719 3127 809 3192 ἔρριψεν
819 3129 902 3177 θαυτθν
913 3130 945 3185 εἰς
956 3129 1009 3185 τοὺς
1023 3130 1095 3187 πόδας
1107 3136 1149 3180 τοῦ
1165 3133 1287 3195 βασιλέως.
1297 3131 1326 3178 '0
1338 3129 1364 3177 δέ
1376 3131 1483 3191 βασιλεὺς
1495 3132 1559 3190 λέγει
1573 3129 1654 3189 αὐτῷ·
1670 3120 1793 3185 ουηιθρηθθ

226 3215 267 3261 μοι
283 3196 323 3247 διόι
339 3199 379 3245 τόν
392 3198 459 3255 θεὸν,
473 3197 509 3245 ότι
524 3196 626 3259 ήμαρτθν
638 3209 691 3245 σοι·
703 3196 746 3252 έως
758 3198 803 3259 γὰρ
817 3201 856 3245 νῦν
866 3196 1064 3260 ίσκανδαλιζόμην
1076 3201 1108 3255 είς
1120 3201 1156 3250 σε’.

256 3263 402 3331 §nahath
412 3265 586 3329 Meminitejus
597 3266 794 3329 Theophylaotus
804 3270 827 3329 a,
843 3271 880 3325 12,
895 3280 919 3329 p.
930 3270 985 3328 3³9,
992 3270 1018 3328 4,
1032 3267 1076 3318 υθέ
1088 3269 1160 3319 anain
1170 3270 1260 3319 Phoco
1271 3268 1342 3329 jussu
1353 3267 1448 3317 eodem
1457 3266 1568 3317 Mauritii
1581 3265 1681 3328 ejusque
1691 3260 1789 3311 anem

224 3337 347 3402 peregisse
358 3334 425 3384 aicit.
437 3334 447 3398 ss
458 3362 489 3371 -
500 3340 542 3384 τοῦ
553 3334 648 3399 κόμπου
658 3335 784 3399 Ἑδδόμου]
794 3336 811 3384 ί.
826 3348 860 3396 e.‚
879 3338 908 3383 nt
927 3335 1102 3400 Theophylacti
1114 3337 1197 3389 verbis
1209 3342 1275 3400 utar,
1290 3338 1334 3393 ίως
1349 3343 1392 3385 τοῦ
1409 3337 1490 3385 πεδίου
1508 3341 1554 3386 τοῦ
1573 3334 1719 3394 ἀνακειμένου
1730 3329 1748 3376 θ
1763 3330 1788 3383 ‘h

225 3409 342 3470 λεγομένῳ
350 3404 472 3469 Ἓθδόμῳ,
483 3405 509 3454 θν
520 3405 614 3469 κόμπον
623 3406 737 3465 Ῥωμαῖοι
752 3404 945 3465 κατονομαζουσι.
960 3406 1075 3455 Ceterum
1086 3408 1118 3458 de
1130 3422 1157 3459 re
1168 3410 1205 3459 ita
1217 3407 1387 3469 Theophanes,
1398 3419 1423 3470 p.
1433 3408 1489 3465 442,
1500 3411 1515 3455 3
1530 3426 1538 3455 ε
1552 3402 1724 3464 umanum
1735 3398 1785 3458 W·

225 3479 283 3535 λέως
297 3481 330 3539 τῷ
346 3476 428 3538 Πέτρῳ
452 3475 477 3523 ἐν
492 3479 521 3539 τῇ
538 3479 584 3523 τῶν
601 3474 733 3523 Σκλαδινῶν
751 3476 819 3538 χώρα
837 3473 1006 3537 προστάξαντος
1018 3476 1057 3526 τόν
1073 3480 1129 3529 λαόν
1148 3479 1323 3544 παραχειμάσαι
1338 3478 1482 3534 ἀντέστησαν
1502 3479 1526 3525 οῖ
1542 3479 1657 3538 Ῥωμαῖοι
1671 3474 1699 3535 μθ
1714 3465 1786 3515 ⁶³¹⁸*

226 3548 321 3612 χόμενοι
343 3550 411 3597 τοῦτο
433 3552 546 3595 ποιεῖν
562 3544 688 3608 Μαυρίκιος
711 3545 735 3593 δέ
759 3550 793 3609 τῷ
812 3545 895 3609 Πέτρῳ
911 3546 1007 3609 ένώχλει
1023 3548 1062 3596 διὰ
1078 3551 1223 3613 γραμμάτων
1243 3550 1383 3612 διαπερᾶσαι
1396 3548 1437 3596 τόν
1459 3548 1562 3609 haphe,
1582 3547 1622 3594 καὶ
1639 3544 1678 3598 τίς
1690 3548 1787 3619 λθθῦβθί

225 3618 358 3682 διποτροφῖις
377 3622 418 3666 τοῦ
429 3618 487 3665 λαοῦ
505 3616 532 3671 aa
549 3622 589 3675 τῆς
601 3622 647 3665 τῶν
659 3616 792 3665 Σκλαδινῶν
811 3616 889 3677 χώρας
908 3614 1055 3680 ἀρύσασθαι,
1071 3620 1135 3674 ὅπως
1154 3621 1187 3682 μή
1207 3618 1320 3680 δημοσίας
1341 3618 1444 3675 σιτήσεις
1466 3617 1605 3677 ἀναγκασθῇ
1625 3618 1674 3667 τοῖς
1689 3612 1785 3683 'Pam

224 3689 406 3753 παρασχέσθαι.
420 3724 426 3737 .
439 3687 469 3735 ‘0
480 3686 506 3735 δέ
519 3686 574 3743 λαὸς
585 3690 654 3736 τοῦτο
669 3683 772 3742 ἀκούσας
782 3685 932 3735 έστασίασεν·
948 3688 989 3735 καί
1009 3690 1031 3737 σί
1052 3689 1163 3751 ῖπίσημοι
1175 3690 1285 3751 αρχοντες
1309 3688 1417 3750 φυγόντες
1432 3686 1456 3741 ἐξ
1473 3686 1555 3734 αὐτῶν
1569 3685 1626 3745 πρός
1638 3682 1676 3730 τὸν
1687 3686 1784 3737 flam*

226 3760 379 3822 παρεγένοντο
389 3770 395 3782 ·
406 3756 437 3806 τὰ
450 3757 474 3805 δέ
492 3757 567 3815 πλήθη
580 3756 773 3820 συναθροισθέντα
785 3755 953 3819 προδόλλονται
965 3756 1060 3823 ίέαρχον
1070 3763 1160 3809 Φωκᾶν
1169 3761 1209 3807 τόν
1220 3759 1361 3821 κένταρχον,
1370 3758 1411 3805 καί
1422 3756 1460 3805 ίπί
1472 3755 1572 3812 ἀσπίδος
1586 3758 1666 3803 τοῦτον
1678 3748 1784 3811 eonem

225 3829 359 3889 εὐφήμησαν
373 3827 476 3889 ἔξαρχον.
496 3826 532 3878 Of.
550 3826 684 3889 Theophyl.
695 3829 719 3887 θ,
733 3832 756 3882 θ,
770 3829 793 3875 7.

255 3898 270 3959 §
287 3902 340 3947 2-5.
357 3897 395 3947 cs.
414 3896 565 3959 Theophan„
588 3910 612 3958 p.
632 3900 687 3957 445,
705 3900 729 3953 θ,
742 3895 917 3959 Theophylact.
937 3896 955 3946 Ι.
975 3896 1003 3956 1.,
1018 3900 1157 3961 anonymus
1170 3900 1194 3949 ίσ
1216 3902 1324 3951 cremer.
1337 3896 1428 3948 anecd.
1444 3895 1523 3947 Paris.
1536 3899 1597 3946 tom,
1611 3900 1636 3951 a.
1644 3906 1667 3956 p.
1680 3892 1726 3941 8³1·
1740 3883 1781 3965 ίζ

225 3968 316 4029 πρὸς..
342 3966 484 4029 Αὐτόνομον]
501 3966 643 4029 Theophan.
666 3979 691 4030 p.
710 3968 756 4015 445
774 3966 915 4023 τΛαίλαπος
930 3966 1007 4015 τοίνυν
1020 3972 1143 4029 γενομένου
1158 3970 1260 4031 μεγάλου
1281 3970 1340 4031 μετὰ
1356 3969 1468 4018 κινδύνων
1484 3968 1603 4029 μεγίστων
1624 3954 1782 4031 hovam&

224 4035 322 4096 τόνομος
334 4036 393 4097 (lege
402 4036 457 4097 πρός
472 4034 511 4083 vel
520 4036 557 4083 έπί
569 4036 609 4084 τόν
624 4035 756 4095 Αὐτόνομον
767 4034 806 4085 vel
816 4037 855 4084 τόν
869 4037 927 4085 νεὼν
942 4036 1096 4100 Αθτονόμου).
1112 4039 1150 4088 cs.
1162 4039 1297 4102 Theophyl.
1313 4052 1337 4102 p.
1354 4042 1397 4088 331
1413 4059 1419 4087 ε
1434 4037 1555 4092 Λαίλαπος
1567 4036 1683 4096 τοιγαροῦν
1694 4032 1783 4097 ww?

228 4104 352 4167 μεγίστης,
373 4103 475 4159 έξαισίου
495 4103 564 4153 νότου
581 4105 800 4167 προσπνεθσαντος,
820 4106 885 4168 μόλις
905 4107 918 4153 θ
932 4107 1062 4168 Μαυρίκιος
1070 4109 1206 4165 διασώζεται
1218 4110 1256 4157 έπὶ
1265 4110 1305 4157 τόν
1322 4109 1379 4157 νεὼν
1389 4107 1523 4169 Αίτονόμου
1531 4111 1575 4155 τοῦ
1587 4104 1700 4165 W·
1711 4097 1736 4146 ἃ
1747 4089 1780 4137 ⁶¹⁹

225 4172 328 4223 σταδίων
344 4171 376 4237 ρι’
385 4179 425 4231 τῆς
436 4173 526 4229 πόλεως
535 4176 721 4224 Κωνσταντίνου.
733 4174 771 4223 Ἐν
787 4175 847 4237 αὐτῇ
860 4176 885 4225 δέ
894 4180 923 4237 τῇ
933 4178 999 4225 νυκτί
1012 4177 1150 4227 ἐπιτίθενται
1160 4179 1225 4241 αι’πῷ
1234 4180 1274 4227 καί
1284 4178 1349 4227 νόσοι
1360 4178 1496 4242 θρθρίτιδες,
1506 4178 1534 4234 δε
1542 4173 1665 4234 ποδαλγίαε
1673 4159 1782 4248 ϊθίγίῑθίβ

226 4248 278 4307 γίας
287 4246 408 4294 καλοῦσιν.
425 4243 541 4293 Ἐντεῦθεν
550 4245 686 4296 ἀποστέλλει
702 4246 829 4295 θεοδόσιον
838 4247 879 4295 τὸν
891 4245 976 4294 ἑαυτοῦ
987 4246 1037 4295 υίόν
1048 4249 1105 4309 πρὸς
1119 4248 1227 4310 Χοσρόην
1237 4250 1277 4297 τόν
1290 4248 1387 4309 βασιλέα
1404 4250 1503 4310 Περσῶν
1521 4248 1580 4309 μετὰ
1591 4246 1744 4311 Κωνσταθθθβ
1753 4225 1778 4288 ίον

226 4316 257 4364 τὰ
270 4316 346 4371 πλήθη
353 4314 446 4377 Λαρδθν
460 4314 623 4376 κατωνόμαζον
631 4314 700 4365 addit
707 4314 841 4377 Theophyl.
855 4330 878 4377 p.
890 4315 956 4379 θθ2].
969 4314 979 4378 ΙΙ
988 4342 1020 4353 -
1028 4317 1057 4365 τὰ
1066 4317 1200 4381 Ἅρματίου]
1209 4320 1240 4367 V.
1249 4320 1290 4367 Du
1300 4319 1379 4381 Gange
1390 4318 1474 4367 const.
1489 4323 1512 4378 2,
1525 4330 1550 4379 p.
1563 4320 1613 4366 168.
1625 4312 1635 4367 ί
1647 4290 1782 4356 *emh

226 4382 279 4433 Hoc
289 4381 350 4446 qnid
359 4381 391 4431 ait
400 4382 494 4433 nescio.
507 4386 545 4431 an
555 4384 683 4444 τὸΣίγμαε
693 4383 824 4445 complura
833 4388 902 4434 erant
920 4385 990 4435 urbis
1006 4386 1060 4435 loca
1070 4387 1172 4439 εῖοτοιε
1182 4387 1259 4450 Σῖγμα
1270 4387 1390 4435 αἰσία-θ.
1410 4388 1448 4435 Do
1465 4386 1546 4449 cange
1556 4393 1579 4447 2,
1591 4398 1614 4447 p.
1635 4384 1681 4429 1¹2·
1692 4378 1712 4431 3¹
1723 4383 1742 4432 θ·
1751 4364 1776 4449 ξ’·

228 4454 240 4517 ΙΙ
257 4482 288 4495 -
304 4450 455 4514 Διαθρόμους]
473 4452 531 4514 Είυε
551 4452 598 4501 loci
616 4452 728 4501 meminit
741 4452 878 4503 Chronioon
891 4454 978 4505 Paeon.
993 4469 1019 4519 p.
1033 4460 1089 4518 694,
1105 4457 1285 4520 θεῖσφθγησαν
1303 4457 1330 4505 δὲ
1349 4458 1381 4513 εῑς
1402 4456 1544 4519 Διαθρὸμους
1556 4453 1649 4513 πλησίον
1664 4443 1776 4498 εοῦθῑθίί

226 4526 401 4577 Κωνστανεῖνος
416 4522 430 4569 ό
444 4522 546 4585 Δαρδίις,
561 4522 607 4571 aaa
619 4522 727 4584 έπόιρχων
738 4522 859 4586 γενόμενος
868 4526 1015 4588 πραιτωρίων
1026 4527 1066 4573 καί
1078 4527 1199 4587 λογοθέτης
1210 4528 1250 4575 καὶ
1263 4532 1383 4589 κουρθτωρ
1396 4530 1443 4575 τῶν
1452 4527 1594 4589 Ὀρμίσθοο,
1610 4522 1646 4571 καί
1659 4502 1778 4567 θθθίίίθί6

130 4624 132 4627 -
227 4594 277 4649 υῐθς
295 4590 435 4655 Μαυρικίου.
459 4590 497 4641 cf.
514 4590 658 4654 Theophan.
674 4606 699 4654 p.
720 4596 774 4653 346,
793 4595 835 4642 33.
856 4592 951 4642 acrites
970 4596 1009 4642 est
1026 4595 1219 4657 promontorium
1233 4609 1249 4645 a
1261 4595 1415 4645 Chalcedone
1432 4600 1465 4647 oo
1481 4595 1561 4645 είειῖῖε
1583 4588 1696 4643 mendieffl
1712 4582 1776 4627 ’θ’θ’

226 4662 327 4714 distans.

257 4733 307 4796 §a
320 4736 357 4783 De
366 4732 503 4783 Theodosio
516 4735 657 4797 anonymus
666 4746 705 4797 ap.
715 4734 824 4784 cremer.
839 4732 864 4783 in
879 4735 970 4785 anecd,
980 4742 1005 4796 2,
1017 4750 1040 4799 p.
1057 4740 1099 4787 881
1115 4758 1122 4788 ι
1135 4737 1261 4788 θεοδότων
1275 4736 1397 4787 ἀπέστειλε
1411 4736 1538 4800 Μαυρίκιος
1549 4735 1602 4798 πρὸς
1623 4722 1737 4788 Χωθίθν·
1746 4712 1776 4792 [ἶ

226 4806 294 4856 τοῖνδε
307 4804 381 4861 οὐδεὶς
395 4805 455 4861 ἔγνω
470 4803 493 4853 τί
504 4804 596 4866 γέγονεν
615 4806 628 4852 ό
646 4805 714 4861 αὐτὸς
725 4805 860 4861 θεοδόσιος.
876 4804 1037 4868 Theophanes
1060 4820 1084 4869 p.
1099 4810 1154 4868 447,
1179 4810 1205 4857 17
1223 4827 1229 4855 :
1245 4806 1370 4857 θεοδόσιον
1388 4808 1413 4856 δῖ
1432 4808 1473 4856 τόν
1492 4808 1543 4855 υἱὸν
1558 4805 1629 4854 αὐτοῦ
1645 4798 1702 4855 λίθθί
1712 4794 1769 4848 *9⁶⁰¹

226 4875 364 4936 πεφευγέναι
384 4875 424 4923 καί
445 4877 573 4924 σεσῶσθαι.
587 4874 680 4932 Ταύτην
700 4875 725 4924 δὲ
747 4876 788 4933 τήν
806 4876 884 4939 φήμην
897 4874 1003 4937 Χοσρόης
1026 4878 1040 4924 ό
1056 4881 1104 4924 τῶν
1123 4880 1222 4939 Περσῶν
1244 4878 1353 4939 βασιλεὺς
1369 4878 1468 4934 ηὔξησεν
1485 4876 1565 4925 δλλοτε
1578 4874 1645 4924 ἄλλως
1655 4858 1772 4927 ΜΨ*

226 4946 267 4993 καί
282 4944 336 5008 παρ’
358 4946 442 4994 έαυταθ
467 4949 549 4994 τοῦτον
561 4944 622 5007 ίχειν
640 4945 729 5007 λέγων,
755 4946 795 4993 καί
812 4950 917 5009 προνοεῖν
939 4946 1022 5003 δῆθεν,
1035 4946 1076 4996 ίνα
1093 4948 1135 5005 τήν
1148 4946 1272 5010 Ῥωμαίων
1289 4948 1409 5010 βασιλείαν
1426 4948 1559 5010 παραλαδῇ.
1576 4935 1700 5016 secuudum,
1713 4924 1771 4973 m

226 5014 369 5076 phylactum
387 5027 412 5077 p.
430 5018 476 5067 ³³5
497 5028 551 5078 sqq.
570 5013 723 5065 Theodosius
744 5014 849 5063 Niooam
865 5015 990 5075 evaserat3
1007 5014 1064 5064 lanc
1082 5029 1141 5067 νεεο
1162 5030 1178 5065 ε
1196 5020 1265 5080 patre
1288 5017 1433 5077 remeatus,
1454 5017 1626 5077 φιλυπόστοργοε
1633 4987 1766 5073 monae&

227 5084 367 5147 ἀποσφαγήν
381 5084 530 5148 παραγίνεται
537 5102 546 5149 ς
565 5083 653 5135 δεῖσθε
666 5084 692 5134 in
715 5082 834 5149 templum
857 5084 987 5135 autonomi
1004 5084 1120 5149 ιιιεείγεῖε
1133 5086 1256 5150 οοιιέυρςίίς
1271 5099 1321 5149 quo
1334 5088 1473 5151 comperto,
1489 5081 1619 5135 alexander
1630 5075 1703 5127 ΡΜ
1715 5066 1767 5125 ¹⁰⁶³
