3809 5859
773 288 1065 397 cursuscursus
1665 355 1701 415 13

101 459 261 537 πνεύμασιν·
277 458 330 517 ddi
344 456 506 538 κυύερνητης
517 458 603 526 δείσας
616 458 663 531 τὴν
679 460 801 540 ἀπειλὴν,
818 460 871 541 ὥρ-

101 570 185 624 μησεν
201 546 338 607 ἐπιτείλω
352 544 434 605 νύκτα
445 546 490 605 καὶ
504 545 618 627 ἡμέραν,
631 547 678 605 καί
690 551 800 629 όντέσχε
819 552 873 619 τοῖς

99 635 218 713 άνέμοις·
228 635 272 693 καὶ
281 632 350 693 οὕτω
364 636 549 709 Θεμιστοκλῆς
564 636 699 703 διασωθείς
713 638 870 717 παρεγένετο

101 726 138 791 είς
154 721 203 794 τὴν
227 722 354 803 Περσίδα.
377 724 407 801 (ε)
428 722 481 782 Καὶ
500 720 601 801 Ξέρξην
624 723 671 800 μὲν
693 726 722 783 ού
741 725 872 785 raritate

99 815 194 884 ζῶντα,
209 808 383 890 Ἀρταξέρξην
398 808 426 868 δὲ
447 808 491 869 τὀν
502 808 556 867 υἱόν
571 813 663 869 αὐτοῦ·
678 802 699 890 ᾧ
714 814 761 870 οὐκ
777 815 867 893 ένεφα-

99 900 187 975 νίσθη,
205 898 274 958 ἄλλθι
294 896 431 978 διατρίψας
448 897 565 957 terroris
577 898 621 956 καί
633 898 722 976 μαθὼν
737 900 874 979 τὴνΠερ-

100 986 177 1059 σικὴν
196 989 330 1065 γλῶσσαν,
342 987 401 1046 τότε
412 984 573 1066 παρεγίνετο
586 984 650 1063 πρὸς
665 986 708 1044 τὸν
728 986 872 1067 Ἀρταξέρ-

100 1074 160 1147 ξην·
178 1074 224 1133 καὶ
243 1075 390 1148 ὑπέμνησεν
414 1072 491 1132 αὐτὸν
517 1078 570 1131 τῶν
585 1076 748 1150 εὐεργεσιῶν,
764 1074 793 1140 ἃς
818 1072 872 1132 ict-

100 1184 140 1221 κει
155 1164 354 1220 κατατεθεῖσθαι
375 1163 410 1228 είς
425 1160 470 1219 τόν
484 1161 588 1241 πατέρα
605 1163 686 1220 αὐτοῦ
703 1160 816 1242 Ξέρξην,
829 1160 873 1218 λέ-

99 1272 153 1325 γων
165 1248 267 1319 καὶτῆς
281 1250 411 1326 σωτηρίας
421 1250 493 1328 αύτῷ
503 1252 659 1328 γεγενῆσθαι
667 1248 757 1325 αίτιος,
772 1247 851 1329 [ένδε]
856 1250 874 1307 ί·

102 1333 161 1416 ξοψς
177 1335 266 1395 λύσειν
288 1334 349 1401 τούς
370 1332 520 1414 Ἕλλ]ηνοις
542 1334 571 1394 τὸ
595 1338 706 1414 ζεῦγμα.
726 1335 873 1415 Ὑπέοχετο

100 1421 140 1497 δέ,
158 1424 180 1480 τί
205 1420 281 1481 λοίύοι
298 1422 410 1502 στρατὸν
431 1424 495 1502 παρ’
510 1424 598 1493 αὐτοῦ,
612 1420 792 1502 χειρώσασθαι
815 1423 873 1490 τοὺς

98 1507 245 1581 Ἕλληνας.
262 1511 296 1586 (ε)
312 1508 344 1571 Ὁ
359 1509 571 1590 δί’λρταξέρξης
587 1510 730 1591 προσσχὼν
739 1516 790 1577 τοῖς
803 1514 841 1594 alp
860 1544 873 1559 ·

99 1596 195 1675 μένοις,
205 1598 300 1656 ἔδωκεν
315 1602 387 1679 αὐτῷ
409 1599 520 1679 στρατόν
535 1599 581 1657 καὶ
595 1600 663 1679 τρεῖς
672 1601 759 1666 πόλεις
772 1603 807 1665 τίς
824 1623 871 1679 χο-

103 1687 206 1767 ρηγίαν,
223 1686 384 1765 Μαγνησίαν
399 1686 448 1763 μέν
469 1689 504 1754 εἰς
524 1695 604 1761 σῖτον,
620 1687 770 1769 Λάμψακον
792 1686 819 1745 δέ
837 1688 873 1754 εἷς

98 1767 178 1847 οἶνον,
189 1778 312 1835 Μυοῦντα
330 1773 358 1833 δέ
381 1776 416 1841 είς
436 1774 511 1855 όψον.
533 1773 633 1835 hetdo
649 1774 676 1833 δέ
692 1776 874 1852 Θεμιστοκλῆς

99 1863 146 1922 καί
160 1861 373 1941 παραγενόμενος
395 1866 431 1929 είς
454 1864 623 1939 Μαγνησίαν,
640 1861 715 1941 έγγίις
729 1864 780 1935 ἤδη
803 1860 879 1940 γενό·

101 1975 178 2029 μενος
190 1956 236 2021 τῆς
255 1950 385 2017 Ἑλλάδος
402 1952 566 2027 μετενόησεν,
581 1952 631 2029 οὐχ
642 1950 807 2029 ἡγησάμενος
821 1952 873 2008 δεῖν

101 2040 226 2117 πολεμεῖν
257 2046 310 2105 τοῖς
332 2036 487 2119 ὁμοφύλοιςι
510 2038 577 2099 θύων
603 2037 630 2097 δὲ
657 2044 689 2111 τῆ
705 2040 874 2119 Λευκοφρύνῃ

99 2126 253 2206 Ἀρτέμιδι,
269 2127 449 2204 σφαττομένου
463 2126 559 2206 ταύρου
576 2127 700 2207 ὑποσρὼν
710 2127 806 2209 φιάλην
823 2128 868 2184 καί

99 2214 243 2293 πληρώσας
255 2213 366 2290 αἵματος
381 2214 451 2274 έπιιν
466 2216 510 2273 καὶ
522 2215 702 2288 ἐτελεύτησεν.

139 2302 190 2363 ΧΙ.
212 2304 248 2362 Ol
265 2302 291 2360 δέ
305 2301 435 2373 Ἕλληνες
450 2304 511 2381 [οὐ]
521 2302 623 2380 γνόντες
638 2308 721 2362 ταῦτα
736 2301 870 2370 ἐξεδίωκεν

98 2388 142 2445 τὸν
157 2389 268 2468 στρατὸν
282 2388 326 2447 τὸν
341 2390 397 2465 ἅμα
408 2394 446 2471 τῷ
459 2391 647 2466 Θεμιστοκλεῖ,
658 2391 666 2470 (
676 2389 735 2467 καί)
753 2412 790 2446 πα
796 2412 868 2468 ραγε·

98 2478 203 2550 νόμενοι
224 2478 250 2535 δέ
267 2475 400 2553 έγνωσαν,
422 2478 468 2537 καί
489 2478 728 2559 άντεπεοτράτευον
750 2480 787 2557 τῷ
810 2476 871 2553 Ἄρ-

96 2564 219 2644 ταξέρξη,
234 2564 327 2631 εὐθέως
336 2590 364 2625 τε
379 2566 427 2632 τθς
437 2566 556 2634 Ἰωνικὰς
566 2567 611 2626 καὶ
625 2563 772 2633 τέςλοιπθς
785 2564 872 2631 πόλεις

98 2652 256 2723 Ἑλληνίδας
271 2653 425 2733 ἠλευθέρουν
440 2654 579 2724 Ἀθηναῖοι.
595 2656 627 2735 (α)
651 2654 770 2730 Κίμωνος
787 2651 815 2711 δέ
827 2658 872 2711 τοῐιΙ

927 465 1075 529 gubernator
1088 470 1217 533 perculsus
1227 475 1379 535 pernoctem
1388 475 1502 541 diemque
1512 480 1537 529 in
1554 482 1607 531 salo
1615 496 1702 535 narem

925 552 950 601 in
962 554 1076 605 anchoris
1082 557 1161 608 tenuit
1171 559 1299 622 ventisque
1314 563 1412 615 restitit.
1422 565 1462 615 Sic
1471 568 1556 618 salvus
1565 569 1702 622 Themisto·

926 639 977 690 cles
986 641 1011 690 in
1019 642 1128 691 Persium
1141 644 1216 695 veuit.
1231 646 1266 710 (4)
1275 646 1313 697 lbi
1321 650 1424 700 xerxem
1435 652 1534 713 quidem
1541 654 1566 703 in
1577 656 1642 707 rivis
1653 672 1702 708 non

929 731 1042 794 repperit,
1053 729 1098 781 sed
1115 731 1193 781 tilium
1204 733 1258 795 ey'us
1272 736 1439 786 Artaxerxem.
1454 738 1513 799 Eius
1526 754 1586 791 xero
1600 742 1625 792 in
1645 758 1701 796 coo·

927 819 1040 879 spectum
1053 832 1102 868 nou
1116 820 1201 869 statim
1213 822 1279 871 venit
1291 822 1369 885 primo
1380 823 1497 887 adventu,
1515 828 1559 877 sed
1572 833 1630 892 post
1642 836 1699 884 anni

927 897 1027 953 demum
1040 917 1144 968 moram,
1159 910 1327 972 quoterupore
1336 908 1444 974 liugnam
1464 914 1588 966 Persicam
1599 916 1699 981 didicit,

926 992 958 1043 ud
974 1008 1056 1058 regem
1078 996 1202 1059 protectus
1220 1001 1266 1058 est,
1282 997 1355 1061 eique
1374 1000 1399 1050 in
1418 1003 1561 1053 memoriam
1581 1008 1704 1072 revocarit

927 1079 1053 1140 beneticia,
1069 1093 1126 1143 quaa
1135 1082 1161 1131 iu
1172 1085 1278 1132 Xerxem
1292 1084 1346 1146 ejus
1360 1089 1457 1147 patrem
1467 1089 1601 1143 contulisse
1610 1094 1657 1144 sibi
1669 1096 1704 1144 ri·

925 1165 1036 1228 deretur,
1047 1170 1073 1217 ct
1081 1168 1145 1218 inter
1156 1169 1203 1219 alia
1212 1169 1274 1219 dixit
1287 1171 1374 1221 saluca
1387 1186 1414 1223 se
1423 1175 1473 1238 regi
1490 1180 1616 1229 auctorem
1628 1182 1704 1234 luisse

926 1267 957 1305 eo
972 1252 1036 1315 quod
1055 1255 1153 1316 pontem
1173 1251 1199 1301 in
1213 1252 1371 1317 Hellesponto
1390 1257 1490 1307 Graecos
1507 1258 1633 1313 soluturos
1647 1277 1703 1314 esse

927 1343 1067 1393 indicasset.
1085 1341 1163 1403 Idem,
1179 1342 1200 1391 si
1207 1344 1332 1393 exercitus
1345 1343 1454 1406 daretur,
1468 1350 1605 1401 Graecosse
1619 1352 1704 1403 debel-

927 1435 1034 1489 laturum
1047 1444 1102 1482 esse
1123 1430 1248 1494 promisit.
1264 1431 1300 1495 (5)
1322 1432 1408 1483 Fidem
1419 1434 1493 1485 dictis
1515 1435 1636 1489 adhibens
1657 1445 1705 1491 Ar·

925 1524 1040 1572 taxerxes
1051 1524 1078 1571 et
1089 1520 1225 1570 exercitum
1235 1521 1262 1570 et
1270 1520 1295 1569 in
1304 1525 1418 1586 sumptus
1427 1522 1552 1575 iaciendos
1571 1529 1624 1579 tres
1636 1529 1705 1580 dedit

926 1609 1014 1672 urbes,
1036 1608 1185 1672 Magnesiam
1205 1620 1263 1670 que
1289 1621 1377 1671 panem
1392 1610 1521 1671 preberet,
1542 1615 1706 1678 Lampsacum

926 1698 991 1747 unde
1004 1697 1089 1747 vinnm
1107 1700 1224 1755 sumeret,
1235 1698 1262 1746 et
1274 1698 1401 1757 biynntcm
1411 1710 1442 1746 ex
1452 1710 1502 1760 qua
1517 1698 1646 1752 obsonium
1658 1701 1703 1751 hs·

927 1783 1005 1833 beret.
1023 1782 1121 1840 Quibus
1136 1780 1245 1845 acceptis
1253 1780 1430 1831 Themistocles
1445 1785 1595 1845 Magnesiam
1604 1788 1701 1849 proteo.

926 1874 969 1921 tus
985 1884 1062 1933 quum
1073 1870 1126 1933 iarn
1143 1869 1170 1919 iu
1191 1868 1329 1932 propinquo
1351 1869 1453 1919 Graecire
1470 1874 1545 1930 esset,
1563 1873 1636 1935 cupii
1650 1887 1706 1921 eum

927 1957 1058 2021 poenituit;
1068 1969 1126 2005 nam
1138 1954 1298 2019 popularibus
1308 1954 1400 2005 bellurn
1408 1954 1500 2006 inferre
1514 1957 1582 2006 netas
1593 1958 1705 2020 putabat.

929 2050 1018 2108 ltaque
1031 2044 1147 2095 itinerare
1161 2044 1346 2108 Leucophrynae
1354 2043 1506 2094 meridcium
1512 2058 1630 2109 peragens
1642 2060 1707 2095 mae

929 2133 976 2183 tati
987 2131 1059 2181 boris
1068 2131 1211 2194 sanguinem
1225 2132 1337 2195 subiecta
1349 2132 1432 2196 phiala
1443 2135 1574 2197 exceptum
1586 2133 1670 2183 hausit
1681 2139 1707 2184 et

929 2223 986 2272 sice
995 2220 1047 2270 rita
1061 2234 1088 2270 se
1098 2220 1225 2271 subduxit.

959 2312 1001 2361 xl·
1026 2309 1106 2360 Greci
1124 2310 1213 2360 horum
1228 2307 1306 2372 ignari
1323 2306 1456 2356 exercitum
1470 2306 1513 2368 qui
1530 2320 1588 2355 cnm
1606 2306 1707 2357 Thenai·

926 2400 1004 2450 stocle
1029 2401 1090 2459 erat,
1113 2395 1266 2461 persecuturi
1280 2397 1364 2453 erant,
1382 2393 1426 2445 sed
1453 2408 1530 2459 quum
1548 2393 1708 2444 advenientes

927 2508 980 2543 rom
990 2492 1173 2557 cognovissent,
1183 2492 1270 2538 contra
1280 2489 1440 2537 Artaxerxem
1451 2486 1633 2549 expeditionem
1650 2498 1705 2535 sus·

927 2583 1053 2645 ceperunt,
1068 2581 1095 2629 et
1106 2578 1236 2629 contestim
1248 2575 1343 2626 lonicas
1353 2574 1620 2637 ceterasqueciritates
1632 2576 1704 2623 Grae·

929 2682 973 2719 cas
990 2666 1150 2717 Athenienses
1167 2663 1192 2712 in
1210 2660 1523 2711 libertatemyindicarunt.
1546 2659 1581 2723 (2)
1593 2658 1644 2709 Sub
1664 2660 1705 2709 cl-

98 2739 244 2799 Μιλτιάδου
261 2748 467 2820 στρατηγοῦντος
480 2744 643 2801 ἀνέπλευσαν
662 2741 705 2800 tat
723 2741 771 2813 τὴν
788 2744 871 2815 Παμ-
930 2753 1103 2809 menesatem,
1119 2746 1235 2797 Miltiadis
1248 2746 1308 2805 tilio,
1323 2745 1349 2794 in
1361 2744 1531 2808 Pamphyliam
1548 2744 1614 2793 vecti
1631 2756 1707 2807 prope

370 2840 1706 2870 ——..-.----——--—-—-—

106 2906 271 2969 Thucydides.
292 2907 303 2972 Ι(
319 2935 349 2945 -
361 2909 449 2973 νύκτα]
465 2912 550 2959 νύκταν
566 2910 621 2959 σού.
632 2912 642 2973 Ι(
656 2936 686 2946 -
698 2910 740 2959 uix
758 2904 876 2969 έρανίσθη]
890 2907 951 2954 Antc
967 2903 1021 2953 laoec
1034 2898 1155 2950 excidisse
1165 2896 1263 2947 videtur
1280 2895 1334 2945 τότε
1347 2896 1388 2959 μὲν
1399 2894 1439 2944 Pel
1452 2900 1595 2959 παραγρῆμα
1613 2894 1655 2958 μέν
1668 2894 1708 2944 vel

105 2978 156 3026 tale
167 2978 235 3041 quid.

137 3046 191 3108 §o,
210 3046 365 3113 Ἀρταξέρξην(
378 3048 417 3099 Sic
438 3053 503 3099 recte
520 3050 595 3100 etium
615 3048 772 3111 Thucydides
793 3052 814 3107 1,
838 3048 890 3105 157,
905 3044 1002 3094 (tirason
1016 3054 1055 3104 up.
1077 3038 1202 3092 Plutarch.
1217 3038 1302 3087 Thero.
1315 3040 1359 3118 27,
1367 3035 1453 3086 Cicero
1471 3035 1503 3085 ad
1521 3037 1571 3084 Att.
1588 3036 1707 3117 ,1ο,11,7,

104 3118 234 3169 cornelius
247 3122 308 3182 Νορ.
327 3119 413 3171 Them.
427 3124 450 3179 9,
466 3120 629 3173 Philostratus
642 3123 692 3172 vit.
706 3120 784 3185 Apoll.
798 3124 820 3180 1,
837 3122 875 3178 29,
887 3115 976 3167 Suidas
986 3128 1012 3164 ν.
1023 3114 1191 3179 θεριστοκὶης,
1199 3113 1300 3159 Τισίεω
1314 3108 1377 3157 Chri.
1391 3111 1427 3167 1ο,
1445 3106 1706 3162 cec,Them1strusor.

103 3193 143 3247 15,
155 3202 180 3251 ρ.
199 3194 251 3239 luc.
264 3190 312 3238 Pro
326 3193 457 3241 Artaxerxe
477 3194 580 3241 Xerxem
597 3192 754 3242 nominarunt
766 3192 888 3255 plurimi,
903 3192 932 3238 ut
948 3185 1044 3236 cornel.
1058 3191 1119 3248 itep.
1132 3183 1175 3240 ait,
1189 3194 1221 3231 ex
1234 3179 1327 3243 quibus
1339 3176 1488 3227 Plutarchus
1501 3178 1611 3225 recenset
1625 3175 1708 3240 Epho-

101 3272 169 3315 rum,
178 3258 475 3322 Dinonem,lleraclidcm‚
485 3261 643 3323 Clitarchum,
653 3261 714 3312 ἔρδ’
725 3264 806 3317 ἄλλους
816 3261 931 3319 πλείονας,
945 3258 1009 3307 inter
1018 3269 1080 3318 quos
1086 3267 1133 3304 nos
1143 3252 1257 3301 norimus
1265 3249 1399 3300 Diodorum
1416 3249 1668 3329 11,.21,3ρ111,55,
1683 3254 1707 3307 5,
1721 3292 1725 3297 .

101 3328 247 3379 Strabonem
265 3343 289 3392 p.
305 3334 453 3390 σινοίατο,
470 3332 595 3383 valerium
615 3336 681 3383 Max.
696 3340 719 3393 5,
732 3336 755 3393 ³,
766 3338 789 3383 3.
804 3336 826 3391 δ,
842 3334 866 3392 7,
885 3336 921 3389 15,
934 3326 1062 3377 libanium
1073 3324 1122 3375 vol.
1138 3329 1159 3383 1,
1172 3334 1198 3385 p.
1213 3324 1259 3371 151
1271 3322 1300 3370 li.
1315 3323 1390 3369 Error
1399 3331 1468 3367 irasci
1484 3316 1611 3381 potuitvel
1628 3330 1658 3365 ex
1677 3330 1708 3365 eo

100 3396 169 3459 qnod
182 3403 304 3460 postrema
315 3401 402 3452 xerxis
410 3402 436 3450 et
443 3400 521 3463 prima
534 3403 675 3452 Artaxerxis
686 3406 805 3465 tempora,
819 3399 986 3450 intercedente
996 3394 1112 3445 Artabani
1123 3406 1197 3455 rrgno
1209 3394 1329 3454 separata,
1347 3387 1562 3467 contunderentur,
1577 3386 1616 3436 rel
1634 3399 1664 3436 ex
1677 3398 1708 3435 eo

101 3466 170 3529 quod
188 3482 246 3519 cum
261 3468 321 3519 iulsa
335 3483 416 3520 rerum
437 3471 608 3521 'Theruistoclis
628 3471 782 3535 chronologia
797 3470 915 3534 genuinus
927 3465 989 3518 ordo
1001 3478 1083 3515 rernm
1101 3462 1253 3513 Persicorum
1265 3461 1459 3539 componeretur.
1477 3454 1648 3505 Aristodemus
1660 3460 1706 3504 Ar·

101 3538 213 3587 taxerxis
224 3541 336 3601 tempora
354 3539 386 3589 ad
405 3552 511 3591 errorem
530 3554 604 3591 suum
620 3541 651 3592 de
670 3540 821 3604 temporibus
832 3536 1005 3589 Themistoclis
1024 3532 1233 3594 accommodavit3
1242 3530 1268 3579 id
1283 3530 1347 3580 enim
1359 3528 1399 3578 rel
1413 3526 1468 3608 rude
1482 3527 1550 3588 patet
1561 3524 1627 3586 qnod
1644 3525 1707 3574 The-

100 3608 240 3659 mistoclem
257 3613 314 3659 ante
330 3623 436 3673 pugnam
451 3610 481 3659 nd
493 3612 697 3675 Eurymedontem
709 3610 866 3661 commissum
884 3608 1010 3655 mortuum
1021 3618 1076 3655 esse
1094 3603 1162 3653 dicit.
1179 3600 1190 3664 Ι(
1207 3626 1239 3636 —-
1249 3598 1398 3679 γεγενῆσθαι]
1411 3598 1558 3679 praeuertere·
1569 3594 1623 3643 cod.
1651 3594 1662 3656 ((
1675 3624 1707 3636 -

103 3682 238 3742 ὑπέμνησεν
255 3680 341 3745 αὐτὸν]
356 3682 440 3743 torpa.
460 3682 523 3731 αὐτῶ
535 3682 590 3732 cod.
608 3682 618 3746 Ι(
632 3711 661 3719 -
671 3684 796 3738 ἐνδείξας...
811 3678 932 3742 Ἕλληνας]
947 3677 1058 3728 inclusas
1073 3674 1157 3724 literas
1177 3672 1296 3720 absumsit
1315 3668 1403 3717 lacuna
1423 3669 1493 3715 rnrtro
1510 3666 1559 3716 toln
1574 3668 1613 3714 57.
1628 3667 1665 3713 De
1680 3678 1707 3715 re

100 3762 128 3799 ν.
151 3749 229 3800 Thus.
244 3754 264 3811 1,
281 3752 334 3811 157,
351 3754 375 3801 A.
395 3752 492 3802 cornel.
508 3753 594 3803 Them.
607 3758 629 3803 t.
1675 3804 1682 3819 ι

133 3818 148 3881 §
160 3826 183 3869 5.
198 3820 314 3883 Προσχὼν
371 3822 471 3871 δέδωκεν
481 3821 535 3871 cod.
551 3822 561 3885 ll
572 3850 604 3859 -
616 3830 657 3881 της
667 3819 785 3883 Ἑλλάδος]
794 3820 904 3883 Intellige
914 3830 1006 3883 graecos
1017 3815 1130 3867 civitates
1139 3812 1203 3863 Asics
1211 3810 1319 3861 minoris.
1335 3808 1346 3871 ψ
1360 3834 1387 3843 -
1398 3805 1558 3870 Δεναορρύιη]
1572 3807 1706 3885 λευαορρυνι

102 3888 157 3938 cod.
173 3891 209 3938 De
228 3888 303 3939 variis
325 3888 399 3951 hujus
413 3891 519 3941 nominis
538 3892 624 3943 tonnis
639 3908 663 3943 ν.
685 3893 768 3955 steph.
787 3891 859 3940 Thes.
876 3904 899 3939 v.
911 3890 1043 3951 λεύιορρυς.
1065 3875 1182 3960 &curum
1200 3881 1232 3930 sd
1250 3878 1398 3929 Aristodemi
1415 3877 1577 3926 uenationem
1596 3887 1707 3960 proxume

106 3958 227 4009 accedunt
239 3973 268 4009 ea
278 3974 334 4023 quse
351 3961 467 4025 leguntur
479 3976 517 4027 up.
531 3960 610 4016 schol.
629 3962 752 4027 Aristoplr.
773 3961 854 4023 Equit.
872 3965 901 4009 81
917 3963 943 4008 et
955 3956 1022 4021 apud
1035 3954 1136 4006 suidam
1151 3967 1176 4001 ν.
1189 3951 1372 4032 Θεμιστοκλῆς]
1385 3950 1545 4008 θεμιοτωιλῆς
1565 3960 1707 4032 γαταφυγωγ

104 4032 161 4093 πρὸς
171 4029 324 4094 Ἀρταξέρξην,
336 4035 376 4082 τὸν
385 4034 471 4095 Ξέρξου
483 4039 525 4082 τοῦ
536 4036 632 4098 Πέρσου
643 4036 725 4095 παῖδα,
738 4036 778 4081 καὶ
786 4034 891 4094 τιμηθεὶς
903 4032 932 4080 τὰ
947 4032 1046 4090 μέγιστα
1057 4032 1114 4088 παρ’
1123 4025 1204 4083 αὐτοῦ,
1215 4025 1247 4078 ὡς
1257 4024 1319 4105 speie
1331 4020 1409 4103 πολερς
1419 4020 1451 4073 είς
1461 4019 1519 4080 bles
1532 4034 1574 4098 ριαι
1583 4016 1652 4079 ἀρτον
1666 4032 1706 4063 παι

105 4101 277 4161 amavissem,
294 4104 441 4165 Μαγνησίαν,
461 4104 581 4165 Μυοῦντα,
598 4105 738 4168 Λάμψακον·
754 4101 906 4163 ἐπηγγείλατο
917 4098 958 4149 οὖν
969 4096 1189 4147 καταδουλώσασθαι
1198 4092 1240 4150 τὴν
1249 4091 1358 4149 Ἐλλαδα,
1370 4090 1466 4149 δύναμιν
1478 4090 1498 4136 rl
1510 4088 1593 4170 λαθω·
1607 4101 1706 4148 παραγε-

105 4170 199 4233 cupreae
209 4172 234 4220 δὲ
244 4172 335 4234 &tedisii
345 4175 499 4237 στρατεύματι
515 4177 547 4231 εἰς
557 4176 706 4236 Μαγνησίαν,
716 4174 842 4234 καταγνούς
853 4174 946 4231 ἑαυτοῦ,
956 4171 977 4219 rt
987 4168 1016 4217 δι’
1030 4167 1100 4216 αύτὸν
1112 4164 1223 4219 σωθέντες
1231 4162 1339 4219 Ἕλληνες
1354 4158 1383 4246 δεῖ
1391 4160 1463 4208 αὐτοῦ
1477 4159 1628 4245 δουλενσουσι
1646 4159 1705 4241 βαρῖ

106 4242 194 4303 ὅάθθῑίι
204 4242 316 4304 πθθφάῠῑῑ
333 4244 486 4307 χρησάμενος,
498 4249 529 4302 ὡς
538 4246 620 4296 θυσίαν
634 4247 764 4297 ίπιτελίσαι
776 4244 883 4305 βούλεται
895 4243 935 4291 καὶ
951 4245 1098 4304 ἱερουργῆται
1108 4240 1137 4299 τῇ
1147 4232 1311 4297 Λευκοφρνήνη
1324 4234 1417 4295 (.,νινιρ
1431 4229 1512 4289 codd.)
1528 4227 1654 4291 Αρτεμιδι,
1671 4243 1706 4287 τῳ

105 4313 184 4375 ταύρῳ
200 4313 293 4368 *milli
303 4313 344 4371 iit
360 4314 441 4373 φῑάληθ
452 4316 492 4365 καί
505 4317 672 4379 ὑποδεξάμενος
685 4318 712 4365 τὸ
725 4316 784 4376 οἶμαι
793 4314 878 4377 χανδόν
887 4314 948 4362 πιὼν
963 4311 1117 4367 ἐτελεύτησεν.

137 4380 211 4443 lll.§
230 4385 252 4431 1.
273 4384 301 4431 σὺ
321 4383 411 4443 γνόντες
430 4386 521 4450 ταῦτα]
536 4400 570 4437 sc.
590 4388 695 4437 mortem
715 4382 892 4435 Themistoclis.
914 4380 1060 4433 Particulam
1081 4378 1109 4427 οδ
1125 4374 1226 4432 inserui,
1238 4372 1300 4423 adeo
1319 4373 1348 4421 nt
1361 4370 1386 4452 in
1400 4383 1454 4432 sqq.
1468 4370 1571 4451 τριτταὶ
1590 4364 1705 4416 abnrrdet.

107 4452 243 4513 Cimonem,
258 4454 388 4515 antequam
402 4453 433 4503 ud
453 4456 658 4518 Eurymedontem
670 4456 827 4520 pugnaretur,
844 4452 924 4501 carice
935 4453 962 4501 et
975 4450 1056 4513 Lyciae
1072 4447 1146 4497 urbes
1165 4444 1191 4493 in
1205 4442 1278 4493 fidem
1296 4452 1419 4524 recepisse
1436 4438 1512 4489 tradrt
1520 4437 1643 4488 Diodorus
1663 4439 1705 4490 tt,

107 4529 145 4585 δθ,
165 4526 190 4575 t.
204 4520 277 4579 Quod
289 4522 342 4573 heac
359 4524 468 4575 Uirronis
482 4526 606 4589 expeditio
626 4528 675 4585 (un.
696 4525 751 4587 Aoo)
767 4538 823 4574 cum
842 4521 1015 4575 Themistoclis
1029 4518 1131 4569 historia
1148 4515 1308 4577 componitur.
1324 4511 1350 4561 rd
1365 4524 1461 4561 merum
1474 4512 1512 4591 est
1529 4509 1704 4583 commentum.

108 4597 173 4644 Vera
184 4595 321 4656 temporum
340 4595 490 4659 supputatio,
500 4610 531 4646 ex
546 4610 596 4660 qua
608 4596 717 4647 Cimonis
728 4593 850 4657 expeditio
866 4592 897 4643 ad
907 4604 998 4641 annum
1010 4593 1056 4639 155
1064 4587 1178 4651 pertinet,
1198 4584 1319 4635 condatur
1337 4594 1394 4630 curn
1413 4580 1473 4630 salsa
1489 4577 1531 4659 rlla
1552 4574 1706 4657 chronologia

107 4666 202 4729 septem
220 4664 290 4713 annis
303 4664 439 4726 aberrante,
454 4680 504 4730 qna
515 4681 581 4718 mors
593 4664 762 4718 Themistoclis
773 4664 851 4714 cidem
866 4676 929 4713 anno
942 4666 988 4711 Aoo
1010 4660 1155 4721 assignatur.
1175 4657 1237 4705 cum
1255 4651 1410 4703 Aristodemo
1423 4663 1488 4701 unus
1508 4649 1550 4697 dle
1561 4646 1620 4733 [τού
1631 4655 1705 4705 quem

107 4732 237 4799 exscripsit
254 4733 355 4784 snidas:
369 4736 461 4799 Κίμων,
473 4735 608 4799 Μιλτιάδου,
624 4738 661 4785 tat
681 4735 961 4798 rememoreramus
977 4730 1128 4783 κατελθόντας
1147 4725 1276 4790 βαρόάρονς
1296 4724 1471 4807 torpescimus,
1483 4721 1529 4804 'xri
1549 4719 1650 4804 πλευσας
1673 4714 1705 4767 τίς

107 4804 203 4867 Κύπρον
221 4804 261 4851 rol
275 4806 413 4866 Παμφυλίαν
429 4806 559 4867 ἐπολέμησε
572 4808 612 4856 καὶ
626 4804 661 4855 1τ’
676 4804 836 4867 Ἐὐρυμέδοντι
848 4808 948 4865 ποταμῷ
966 4800 1036 4849 ναυσὶ
1046 4800 1086 4848 καὶ
1098 4802 1160 4858 πεζῷ
1178 4800 1232 4858 νικᾷ
1243 4796 1280 4843 lui
1294 4800 1334 4850 τῆς
1354 4799 1424 4849 ταύτης
1443 4795 1537 4852 ἡμερας.
1551 4791 1626 4839 Ουτος
1641 4783 1706 4869 ίτρξε

107 4874 155 4941 (Cf-
172 4872 235 4923 inst!
248 4886 269 4923 θ·
284 4878 322 4933 ¹32
335 4874 367 4937 2)
383 4877 423 4925 καὶ
438 4877 491 4933 τοὺς
505 4876 572 4941 ὅρους
589 4880 639 4932 τοῖς
653 4876 852 4939 βαρόιέροις·ἐκτύς
866 4893 891 4925 τι
902 4875 946 4938 γάρ
955 4872 1067 4921 Κυανέων
1080 4870 1119 4917 καὶ
1137 4868 1279 4917 Χελιδονίων
1293 4864 1338 4945 καί
1349 4863 1483 4919 demeres:
1503 4858 1585 4939 (πόλις
1601 4856 1627 4904 dl
1644 4870 1706 4939 αντη

105 4945 311 5010 ἵῆἲΠθΙέθυθῖαί)
320 4952 377 4996 ναῦν
390 4950 498 5007 Maereat
511 4950 543 5011 μὴ
554 4949 619 4997 πλεῖν
631 4947 696 5009 νόμῳ
710 4949 821 5009 πολέμου,
835 4948 893 5008 μηδέ
905 4947 979 4994 ίππου
992 4941 1075 5003 δρόμον
1086 4940 1172 5001 ἡμέρας
1185 4937 1248 4993 ίντθς
1260 4936 1298 4984 lari
1313 4934 1426 4981 θάλατταν
1439 4930 1586 4979 καταθαινειν
1598 4925 1706 4988 βασιλεα,

108 5017 254 5079 canopum
271 5034 296 5068 τε
310 5020 434 5075 εἶναιτοὺς
447 5016 656 5076 'Ellmosroirlv
670 5016 744 5076 Arte.
760 5018 799 5065 Ἐν
813 5018 887 5081 Arato
898 5016 923 5066 et
932 5021 972 5071 τῆς
990 5012 1085 5073 κύπρου
1099 5012 1202 5070 merore.
1343 5072 1348 5084 ¹
1424 5074 1436 5084 ῃ
1462 5069 1474 5085 γ
1490 5068 1495 5078 ¹

140 5086 187 5151 §2
200 5088 283 5138 έιιατθν
295 5088 320 5137 δέ
335 5086 408 5150 ναῦς]
419 5086 534 5138 Similiter
543 5100 595 5136 rem
606 5089 689 5135 narrat
706 5084 827 5135 Diodorus
843 5090 878 5147 11,
891 5090 930 5144 oo,
950 5088 965 5131 5
989 5101 995 5130 τ
1010 5082 1049 5129 καὶ
1060 5079 1145 5133 πολλὰς
1158 5078 1199 5139 μὲν
1212 5080 1259 5123 τῶν
1273 5074 1382 5151 ίναντιωγ
1394 5085 1448 5123 νιιυς
1461 5073 1595 5151 οιτφθειρρν,
1612 5063 1706 5145 olricus

109 5158 135 5208 dl
146 5162 194 5207 τῶν
207 5159 289 5208 ίιιατὸν
298 5159 341 5207 σὺν
354 5158 433 5215 αὐτοῖς
441 5163 491 5215 τοϊς
506 5156 616 5221 ἀνδράσιν
628 5156 696 5205 ullor.
706 5154 863 5218 Thucydides
875 5160 897 5216 t,
909 5158 952 5204 100
965 5169 972 5200 ι
987 5151 1046 5200 εἷλον
1055 5149 1151 5211 τριήρεις
1162 5144 1280 5195 Φοινίκων
1296 5142 1335 5191 ταί
1346 5141 1472 5202 διέφθειραν
1482 5154 1524 5195 τας
1535 5152 1614 5192 πασας
1631 5135 1654 5192 ές
1664 5150 1708 5190 τας
