3809 5859
425 347 677 409 νοονοιιπτιε
698 351 828 413 ANNUS
848 352 886 413 x.
908 358 993 419 οοοιι
1014 353 1255 433 (εισι-11401».
1280 357 1338 437 ο).

77 481 216 553 ταστήσας
231 482 336 554 αὐτοῖς,
349 481 427 545 αὖτδε
440 484 468 549 ἐς
481 483 643 544 Μαντίνειαν
656 485 794 559 ἀπελθὼν,
810 511 859 547 πο·

78 571 178 649 λίχνην
200 570 350 649 παράλιον,
377 568 445 646 μετά
469 593 498 629 τε
521 576 567 641 τῇς
592 572 714 649 γυναικὸς
739 575 784 633 καὶ
807 580 859 635 τῶν

79 658 184 717 παίδων
204 657 250 716 καί
272 660 325 715 τῶν
348 658 483 737 ἀρχόντων
504 659 594 733 ἐνίων,
618 661 663 719 καὶ
682 662 860 729 κατακλείσας

77 746 172 807 ἑαυτὸν
194 749 250 805 ἐκεῖ
272 746 424 824 περιέμενεν
449 749 609 809 ἀποσκοπῶν
631 754 677 809 τοῦ
691 751 809 826 πολέμου
827 750 859 810 τδ

76 836 173 916 πέρας.
188 835 221 911 (4]
243 830 361 895 Ἤλπισε
384 834 436 917 γὰρ
460 834 498 911 με]
522 835 592 895 οῦτοι
613 838 710 920 βφδίως
735 838 857 897 ἐνδώσειν

77 933 168 983 πᾶσαν
193 921 242 992 τὴν
268 921 404 996 Πέλοπος,
420 924 511 1003 χώραν
527 948 557 984 τε
579 915 661 984 σόσαν
688 923 857 1004 ἐχυρωτάτην

77 1010 156 1087 φύσει
168 1011 214 1069 καί
228 1009 317 1077 πόλεις
333 1011 446 1091 ἐχουσαν
458 1011 556 1093 δχυράς
573 1011 619 1070 καὶ
633 1012 743 1093 φρούρια
756 1013 857 1092 ἐρυμνδι

77 1098 127 1159 καὶ
152 1099 310 1175 δυσάλωτα,
325 1101 394 1157 ἀλλά
410 1098 455 1158 καί
475 1123 535 1159 τινα
547 1103 601 1159 τῶν
624 1098 755 1181 φρουρίων
771 1099 789 1171 ἢ
804 1104 856 1159 τῶν

77 1186 253 1263 πολισμάτιον
276 1186 521 1268 περιλειφθήσεσθαι
535 1192 574 1267 τῷ
588 1187 698 1269 πολέμῳ
719 1189 857 1270 περιγενό-

52 1297 166 1357 ,μενα,
180 1274 226 1334 καί
239 1274 306 1334 οῦτω
320 1273 400 1335 πόλιν
419 1276 483 1345 ΐςειν
508 1276 586 1335 αύτδν
608 1276 704 1336 ἐλπίδα
726 1277 789 1336 τινὰ
812 1278 857 1337 καὶ

79 1362 237 1443 καταφυγήν
254 1364 281 1421 ἐν
298 1363 505 1443 Πελοποννήσῳ·
517 1364 575 1423 ἐπεί
585 1362 613 1424 δέ
624 1355 677 1424 είδε
691 1365 778 1424 πάντα
796 1388 855 1444 χει-

81 1449 197 1530 ροόμενα
206 1450 252 1509 καὶ
262 1451 352 1519 πόλεις
367 1452 414 1511 καί
426 1452 599 1534 φρούρια,τά
613 1452 661 1529 μὲν
674 1452 700 1521 ἐξ
713 1454 856 1534 ίπιδρομῆς

81 1537 129 1617 βίῳ
149 1545 203 1604 τοῖς
226 1536 331 1613 ὅπλοις,
345 1537 380 1596 τά
404 1538 432 1598 δὲ
455 1539 549 1616 ἑκόντα
575 1544 788 1621 παραχωροῦντα
809 1540 856 1599 καὶ

78 1625 161 1704 χωρὶς
181 1627 298 1705 ἀνάγκης
314 1630 482 1700 ἡστινοσοῦν,
496 1628 542 1687 καί
555 1638 645 1687 πᾶσαν
659 1627 706 1699 τήν
722 1627 854 1702 Πέλοπος,

78 1711 142 1771 ἀνευ
152 1712 280 1794 μέντοιγε
290 1714 361 1771 δυοῖν
372 1715 388 1787 ἣ
397 1721 475 1796 τριῶν
486 1718 589 1775 πολεων
600 1717 754 1779 Ἐνττικῶν.
762 1718 855 1796 σχεδὸν

76 1798 130 1871 ἤδη
163 1801 378 1878 κατειλημμένην
413 1801 460 1861 καλ
495 1803 692 1882 κατεχομένην,
723 1804 778 1862 τότ’
803 1806 854 1877 ήδη

80 1885 188 1947 πάντων
205 1888 333 1962 ἀπογνούς
352 1894 405 1949 τῶν
429 1894 508 1950 αὑτοῦ
523 1893 704 1971 πραγμάτων,
725 1892 808 1967 ἐμόάς
830 1895 855 1959 ἐς

79 1976 302 2055 πεντηκοντόρους
317 1978 363 2037 δύο
391 1978 493 2057 ξύναμα
509 1980 676 2058 γυναικίκαὶ
694 1979 792 2047 τέκνοις
810 1981 857 2040 καί

78 2085 135 2122 τισι
152 2068 205 2122 τῶν
218 2065 354 2144 ἀρχόντων
367 2065 452 2148 ᾤχετο
473 2070 497 2136 ἀς
520 2069 659 2146 Κέρκυραν
673 2068 851 2136 ἀποπλεύσας.

75 2146 157 2211 Ὅσοι
171 2151 199 2209 δέ
210 2155 262 2211 τῶν
276 2153 412 2233 ἀρχόντων
423 2147 491 2229 ῇσαν
507 2159 533 2216 ἔν
546 2156 674 2240 φρουρίοις
688 2157 734 2216 καί
747 2158 854 2215 πολεσεν

79 2239 228 2319 ἁρμοσταὶ,
252 2242 441 2311 καταλιπόντες
460 2250 563 2320 ταῦτα,
578 2242 738 2323 ὑπεξέφυγον
761 2246 787 2311 ἐς
807 2245 855 2313 τάς

78 2329 132 2384 τῶν
146 2325 260 2386 Ἐνετῶν
274 2328 362 2395 πόλεις
376 2331 526 2408 Κορώνειαν
537 2331 583 2389 καί
594 2329 721 2402 Μεθώνην
740 2331 787 2389 καί
808 2332 855 2399 τδς

75 2413 170 2480 λοιπάς
181 2413 226 2474 καί
238 2416 400 2490 διεσώθησαν
412 2420 477 2480 ἐκεῖ.
493 2420 531 2496 (a)
554 2419 608 2478 Καὶ
619 2418 687 2477 οὕτω
701 2428 791 2479 πᾶσαν
804 2419 853 2494 τήν

74 2506 123 2559 τοῦ
131 2500 251 2569 Πέλοπος
266 2502 356 2583 χώραν
365 2505 685 2587 δβασιλεθςέχειρόισατο,
694 2505 770 2588 ἔργον
784 2508 853 2585 μέγα

78 2588 178 2666 δράσας
198 2591 244 2648 καί
266 2592 418 2669 θαυμαστὸν
439 2596 466 2652 ἐν
481 2594 551 2653 οότω
574 2594 734 2675 βραχυτάτῳ
753 2601 853 2678 καιρῷ·

76 2675 152 2735 οὔπω
170 2676 223 2759 γάρ
245 2679 332 2749 ἐξήκει
356 2681 387 2739 τὸ
409 2681 483 2762 θέρος
506 2683 565 2743 όλον
589 2680 636 2741 καί
653 2692 728 2742 πῦσα
751 2682 851 2764 εἴχετο,

76 2763 168 2831 πόλεις
192 2788 220 2824 τε
243 2768 338 2848 ὀχυραὶ
357 2768 402 2827 καί
418 2771 528 2851 φρούρια
546 2770 645 2850 ἐρυμνά
662 2773 708 2831 καὶ
727 2773 851 2852 πολίχνια

74 2851 155 2929 ἐγγύς
168 2876 219 2913 που
234 2856 356 2915 διακόσια
370 2857 416 2916 καί
430 2859 611 2933 πεντήκοντα,
622 2860 698 2940 χώρα
717 2864 769 2919 τῶν
787 2864 851 2921 ἀνο-

75 2942 188 3013 μαστῶν
198 2941 295 3001 ἀνωθεν
305 2942 351 3001 καί
362 2943 481 3023 ἐνδόξων,
488 2946 534 3005 καὶ
543 2950 656 3005 πλεῖστα
666 2944 711 3002 καὶ
721 2946 850 3007 κάλλιστα

72 3024 140 3106 ἔργα
152 3027 198 3085 καί
212 3027 324 3106 μέγιστα
339 3029 371 3100 δὴ
385 3032 479 3099 ἐντοῖς
496 3032 556 3092 κατ’
569 3031 651 3104 αὐτὴν
665 3031 849 3107 ἐπιδειξαμένη

70 3124 189 3194 καιροῖς,
204 3119 249 3177 καὶ
263 3118 375 3197 τρόπαια
398 3121 511 3199 λαμπρά
536 3121 589 3181 ἀπὸ
606 3119 747 3201 βαρβάρων
759 3144 789 3179 τε
803 3123 849 3180 καὶ

71 3202 212 3275 Ἑλλήνων
226 3206 414 3280 ἀναστήσασα,
430 3210 475 3267 καλ
491 3208 610 3277 ἀποικίας
629 3208 728 3275 πολλάς
742 3207 851 3266 ἀποικί-

73 3314 161 3363 σασα,
174 3293 276 3371 οίρξασά
289 3318 319 3354 τε
331 3297 436 3354 πολλῶν
450 3295 496 3354 καὶ
511 3298 613 3356 πολεων
625 3297 671 3355 καὶ
685 3300 767 3374 γενῶν
783 3295 810 3353 ίν
822 3319 851 3355 τε

70 3377 148 3459 Ἀσία
168 3382 214 3439 καὶ
230 3380 346 3461 Εὐρώπη
361 3382 406 3441 καὶ
421 3381 453 3452 δι]
467 3383 512 3443 καί
525 3382 612 3463 Λιὸύη
629 3385 672 3442 καὶ
687 3382 775 3453 νήσων
799 3386 850 3439 τῶν
865 3385 868 3390 “

71 3468 223 3542 μεγίστων,
236 3470 332 3548 ἀνδρας
346 3493 376 3529 τε
393 3470 552 3539 ἀποδείξασα
574 3482 655 3531 πᾶσιν
672 3470 718 3530 ἐπί
739 3493 768 3529 τι
785 3492 849 3548 φρο-

69 3553 146 3623 νήσει
161 3555 208 3614 καί
222 3558 329 3637 ἀνδρείῳ
344 3557 390 3617 καλ
405 3559 550 3640 στρατηγία
569 3560 614 3617 καὶ
626 3564 659 3640 τῇ
673 3560 753 3637 λοιπῇ
767 3562 848 3637 ἀρετῇ

71 3644 121 3702 καί
136 3644 168 3718 δν]
187 3644 233 3704 καί
248 3645 333 3728 εὐεξίᾳ
353 3646 398 3704 καί
412 3645 488 3729 βώμη
503 3646 633 3722 σωμάτων
650 3646 806 3724 κρατίστους
818 3668 848 3704 τε

71 3731 121 3791 καί
135 3735 309 3800 τελεωτάτους
323 3734 355 3793 δι’
367 3735 503 3804 ἁπάντων,
516 3734 560 3792 καὶ
572 3734 640 3800 οίους
653 3736 702 3792 οὐκ
714 3735 782 3804 ἄλλη
796 3737 849 3792 τῶν

72 3820 186 3881 ἁπασῶν
207 3822 316 3897 οάδεμία
336 3821 405 3891 πλήν
425 3845 455 3899 γε
469 3820 501 3893 δὴ
519 3826 567 3893 τῇς
580 3820 741 3897 Ῥωμαίων,
756 3819 850 3887 θίσιόις

70 3929 104 3964 τε
116 3907 237 3987 λαχοῦσα
250 3906 357 3987 ἀρίστης
367 3932 395 3966 τε
407 3908 451 3967 καί
464 3907 707 3986 ἐπικαιροτάτηςέν
722 3916 787 3968 πᾶσι
799 3910 848 3985 γῇς

69 3994 158 4053 τεκαὶ
170 3996 323 4068 θαλάσσης,
333 3995 350 4056 δ
361 4020 387 4053 τι
400 3996 550 4075 κράτιστον.

114 4081 215 4144 Xxlv.
240 4086 266 4143 Τ
267 4082 284 4141 ἀ
300 4083 394 4161 μὲνδὴ
415 4083 484 4144 κατθ
500 4082 547 4155 τὴν
563 4085 682 4162 μεγάλην
696 4106 725 4141 τε
740 4082 786 4141 καλ
799 4106 847 4141 πε-

73 4168 202 4250 ριώνυμον
215 4172 307 4251 χώραν
317 4177 361 4230 τοῦ
375 4172 494 4239 Πέλοπος
507 4172 558 4232 ἀπὸ
570 4171 713 4245 Ῥωμαίοις
723 4194 752 4229 τε
768 4162 847 4231 οάσαν

1633 368 1692 429 185

916 489 1014 551 ἀνυιθεν
1029 492 1074 550 καί
1089 494 1115 559 ἐς
1129 492 1203 571 δεῦρο
1218 494 1306 559 καλῶς
1324 496 1368 551 ὑπ’
1383 495 1469 553 αὐτῶν
1485 498 1627 576 ἀρχθεῑσαν
1642 500 1690 571 τήν

903 588 1021 648 πᾶσαν,
1035 580 1144 646 ἐλπίδας
1167 603 1197 638 τε
1214 582 1242 639 σύ
1265 581 1360 658 μικράς
1381 582 1566 643 ὑποτείνουσαν
1585 586 1626 645 ἀεί
1645 589 1691 646 καί

913 664 1055 743 Ῥωμαίοις
1068 666 1113 726 καὶ
1122 668 1233 734 Ἰταλοῖς
1246 668 1296 745 όψέ
1307 691 1370 727 ποτε
1387 672 1414 730 ἐν
1425 679 1525 749 καιροῖς
1537 673 1591 739 τοῖς
1606 696 1690 753 προσ-

912 752 1019 823 ήκουσιν
1038 752 1164 834 ὠφελείας
1181 755 1227 815 καί
1242 756 1379 835 βοηθείας,
1404 757 1441 825 δίς
1460 782 1488 817 τε
1514 766 1689 837 τιεχισθεῖσαν

912 842 956 902 τὸν
971 843 1062 917 ἰσθμὸν
1075 845 1101 901 ἐν
1115 851 1167 909 τοῖς
1178 844 1315 922 ἡμετέροις
1329 845 1446 923 καιροῖς,
1462 846 1508 903 καί
1521 848 1601 905 πόλιν
1615 860 1689 939 παρὰ

911 927 993 994 πόδας
1005 934 1225 1009 καταρριφθεῖσαν
1237 930 1343 1011 πολέμῳ
1355 931 1406 989 ὑπὸ
1422 932 1573 1013 Μωρείτεως
1584 943 1630 995 τοῦ
1642 941 1690 1017 βα·

912 1013 1002 1081 σιλέως
1022 1014 1134 1094 πατρὸς,
1155 1016 1236 1082 οὕτως
1258 1016 1421 1089 ἐτελεύτησε.
1462 1022 1483 1098 (ι
1511 1022 1639 1089 Βασιλεύς
1661 1024 1690 1081 δέ

911 1102 945 1160 τδ
961 1104 988 1161 έν
1012 1103 1078 1181 αὐτῇ
1099 1102 1186 1161 πάντα
1208 1107 1296 1171 καλῶς
1315 1128 1344 1164 τε
1360 1107 1457 1174 καλῶς
1476 1019 1508 1178 ήν
1530 1108 1602 1188 αὐτῷ
1620 1109 1689 1169 κατὰ

912 1194 970 1247 νοῦν
994 1188 1111 1269 πράξας,
1128 1190 1153 1257 ἐς
1166 1213 1195 1249 τε
1210 1192 1343 1273 φυλακήν,
1358 1218 1443 1275 φημι,
1465 1195 1509 1253 καὶ
1532 1194 1580 1267 τήν
1605 1197 1688 1270 ἀλλην

911 1277 1070 1356 ἀσφάλειαν,
1094 1278 1232 1359 σατράπην
1251 1304 1280 1338 τε
1301 1282 1390 1352 πάσης
1409 1282 1454 1342 τὸν
1467 1282 1584 1362 ’λμάρην
1607 1308 1690 1345 κατα-

911 1363 1009 1437 λιπὼν,
1023 1365 1068 1424 καί
1079 1366 1152 1425 λείαν
1162 1366 1202 1425 ότι
1213 1370 1339 1439 πλείστην
1354 1369 1450 1436 ἐλάσας
1462 1391 1491 1427 τε
1507 1372 1583 1437 αὐτὸς
1596 1372 1640 1431 καί
1655 1378 1689 1455 τῇ

910 1464 1021 1533 στρατιᾷ
1035 1454 1150 1529 διαδοὺς,
1165 1456 1243 1524 ἐξεισι
1257 1462 1301 1515 τοῦ
1317 1459 1427 1532 ἰσθμοῦ,
1442 1456 1510 1536 έχων
1527 1462 1584 1536 μεθ’
1595 1464 1688 1521 ἑαυτοῦ

910 1540 1014 1599 καὶτὸν
1038 1542 1168 1614 δεσπότην
1183 1544 1336 1624 Δημήτριον
1356 1545 1459 1623 ξύναμα
1478 1547 1582 1625 γυναικί
1599 1549 1688 1627 τεκαὶ

910 1630 1018 1706 θυγατρί
1040 1627 1085 1685 καί
1109 1637 1161 1693 τοὶς
1190 1632 1436 1703 κατακολουθήσασι
1461 1638 1514 1692 τῶν
1541 1636 1686 1715 ἀρχόντων.

910 1716 941 1791 (a)
956 1715 1096 1791 Γενόμενος
1111 1718 1134 1773 δ’
1149 1719 1176 1773 ἐν
1200 1717 1334 1799 Λεάαδείφ
1355 1720 1400 1780 τὀν
1422 1720 1470 1797 μὲν
1490 1720 1620 1794 δεσπότην
1644 1723 1687 1793 ξῦν

909 1809 963 1869 τοῖς
980 1804 1057 1861 αὐτοῦ
1081 1804 1213 1881 παραδούς
1233 1804 1344 1885 ἄρχουσί
1358 1830 1387 1865 τε
1402 1808 1447 1865 καί
1471 1808 1644 1887 στρατιώταις
1661 1810 1688 1879 ές

908 1912 937 1947 τε
950 1888 1092 1967 ὑπουργίαν
1106 1890 1150 1949 καί
1162 1891 1299 1971 φυλακην,
1315 1894 1435 1954 ἐκέλευσε
1448 1898 1531 1974 σχολῇ
1547 1896 1591 1954 καί
1604 1899 1687 1975 βάδην

911 1975 992 2049 ἰέναι,
1002 1980 1061 2035 καθ’
1075 1976 1133 2037 θδδν
1157 1980 1369 2056 ἀναπαυομένους
1391 1981 1435 2040 διά
1456 2005 1484 2040 τε
1499 1982 1548 2048 τδς
1562 1988 1687 2059 γυναῖκας

910 2064 957 2123 καί
977 2064 1012 2123 τδι
1034 2068 1127 2125 παιδία
1150 2068 1195 2124 καὶ
1215 2067 1265 2139 τήν
1286 2069 1370 2138 ἀλλην
1382 2068 1480 2129 τούτοιν
1496 2072 1644 2141 ἀποσκευήν
1658 2095 1687 2131 τε

908 2150 954 2210 καλ
969 2152 1124 2231 θεραπείαν·
1138 2152 1169 2235 (1]
1188 2154 1266 2223 αύτδς
1278 2154 1306 2213 δέ
1323 2155 1388 2235 ἀρας
1408 2157 1505 2214 ἐκεῖθεν
1525 2155 1568 2224 ξὺν
1583 2162 1617 2237 τῇ
1633 2162 1686 2236 ίδίφ

909 2241 977 2317 αὐλῇ
994 2239 1050 2319 [τὴν
1064 2241 1114 2321 γάρ
1138 2242 1264 2320 στρατιὰν
1286 2244 1398 2324 διαφῆκε
1419 2248 1517 2321 πᾶσαν)
1539 2245 1686 2324 ἐπορεύετο,

908 2326 954 2385 καὶ
968 2332 1113 2409 ἀφικνεῖται
1125 2332 1149 2397 ἐς
1158 2330 1206 2401 τὴν
1219 2330 1537 2412 Ἀδριανοῦ,φθινοπώρου
1547 2339 1685 2410 μεσοῦντος

908 2412 976 2485 ἤδη,
991 2418 1067 2475 κάκεῖ
1080 2417 1224 2497 περιμένει.
1239 2418 1306 2479 Μετ’
1316 2419 1345 2477 σθ
1357 2418 1456 2485 πολλδς
1472 2419 1499 2476 δὲ
1514 2418 1617 2497 ἡμέρας
1632 2444 1685 2479 πα-

909 2502 1042 2580 ραγίνεται
1063 2507 1109 2564 καί
1131 2511 1145 2566 ὁ
1164 2504 1293 2577 δεσπότης
1316 2506 1480 2585 Δημήτριος.
1506 2506 1636 2574 Βασιλεύς
1656 2508 1685 2567 δέ

908 2587 1040 2669 προύργου
1053 2614 1092 2649 τοι
1104 2592 1258 2669 ποιούμενος
1270 2591 1318 2661 τήν
1335 2592 1426 2653 τούτου
1441 2594 1582 2669 θεραπείαν
1596 2618 1624 2652 τε
1639 2596 1685 2653 καὶ

907 2676 1060 2757 διόρθωσιν,
1088 2679 1160 2746 εὐθὺς
1192 2682 1382 2756 μετακαλεῖται
1411 2682 1612 2761 Μαχουμούτεα
1638 2684 1683 2742 καὶ

910 2764 1047 2839 ’ίσάακον,
1062 2768 1106 2826 καί
1127 2773 1199 2845 κοινῇ
1220 2768 1470 2849 ξυνδιασκεψάμενος
1483 2770 1573 2828 δίδωσι
1590 2793 1686 2849 σατρα·

905 2851 982 2910 ποίαν
996 2856 1034 2931 τῷ
1049 2855 1162 2934 δεσπότῃ
1179 2857 1204 2922 ἔς
1215 2879 1243 2914 τε
1259 2856 1344 2936 ἀρχὴν
1358 2856 1415 2933 ἅμα
1436 2856 1482 2915 κα]
1494 2858 1622 2937 πρόσοδον
1635 2860 1681 2925 τοὶς

905 2963 933 2997 τε
950 2944 976 2999 ἐν
993 2944 1097 3023 Αἰγαίῳ
1111 2944 1203 3014 νήσους
1215 2943 1324 3025 Ἰμόρον
1340 2945 1385 3005 καὶ
1398 2950 1507 3023 Λῆμνον
1521 2945 1566 3006 καί
1581 2947 1616 3007 τά
1631 2970 1679 3005 κα·

904 3028 1074 3108 ταλειρθέντα
1095 3030 1187 3091 Θάσου
1214 3031 1259 3090 καὶ
1281 3032 1458 3113 Σαμοθρᾴκης
1482 3034 1680 3114 (προαπῳκίσθη

904 3115 955 3196 γδρ
963 3118 992 3176 τδ
1002 3118 1081 3176 πλέον
1092 3118 1188 3177 τούτων
1199 3120 1224 3186 ἒς
1234 3118 1263 3177 ιδ
1274 3120 1441 3201 Βυζάντιον]
1453 3112 1486 3193 ήν
1496 3119 1523 3179 δέ
1532 3125 1582 3179 τῶν
1596 3120 1681 3191 νήσων

903 3202 1001 3261 τούτων
1015 3204 1143 3282 ξύμπαςδ
1157 3205 1257 3276 ἐτήσιος
1275 3207 1350 3286 φόρος
1363 3208 1487 3290 ἀργυρίου
1505 3206 1591 3288 κέρμα
1612 3232 1681 3269 νενο-

905 3290 1030 3367 μισμένον
1049 3292 1186 3370 βασιλικόν
1205 3294 1326 3375 μυριάδες
1343 3296 1493 3375 τριάκοντα.
1514 3299 1547 3374 (τ)
1567 3294 1682 3373 Ὁμοίως

906 3377 996 3437 δίδωσι
1011 3378 1056 3437 καί
1082 3379 1130 3450 τὴν
1152 3372 1232 3439 Αἶνον
1254 3383 1343 3460 αὐτῷ,
1356 3381 1432 3441 πολιν
1454 3383 1530 3460 λόγου
1546 3382 1621 3451 ἀξίαν
1637 3388 1683 3443 καὶ

905 3467 1013 3533 πολλοῖς
1034 3468 1223 3545 εῦθηνουμένην
1238 3472 1348 3544 καλοῖς,
1362 3474 1389 3529 ἐν
1402 3476 1435 3551 τῇ
1456 3468 1576 3551 παραλία
1591 3494 1620 3529 τε
1636 3476 1682 3541 τῇς

903 3553 1015 3633 Θρᾴκης
1034 3556 1158 3631 κειμένην
1181 3560 1259 3615 αιἰτοῦ
1282 3579 1332 3615 που
1356 3556 1417 3637 περ]
1437 3559 1483 3623 τὰς
1507 3556 1617 3625 ἐκῦολάς
1635 3565 1681 3617 τοῦ

903 3638 992 3722 Εύρου
1006 3650 1139 3722 ποταμοῦ,
1156 3644 1201 3703 καὶ
1222 3644 1307 3703 κοινὸν
1321 3643 1444 3721 ἐμπόριον
1463 3634 1542 3704 οάααν
1566 3649 1613 3716 τῇς
1631 3669 1681 3702 πε-

905 3730 1025 3807 ριοικίδας
1040 3731 1145 3801 ἀπάσης
1157 3754 1186 3791 τε
1200 3731 1245 3789 καί
1259 3731 1445 3810 πλησιοχώρου
1467 3732 1510 3791 διά
1523 3755 1551 3791 τε
1564 3732 1623 3799 τοὺς
1636 3736 1679 3790 λι-

905 3816 987 3893 μένας
1003 3818 1048 3878 κα]
1061 3820 1109 3892 τήν
1125 3820 1208 3893 ἀλλην
1223 3822 1303 3891 αὐτῇς
1317 3819 1537 3893 ἐπιτηδειότητα,
1551 3817 1620 3899 ήπερ
1635 3822 1679 3878 καὶ

904 3906 1015 3984 πρόσθεν
1028 3904 1137 3985 ἐφαμεν.
1151 3908 1188 3987 (ο)
1201 3908 1299 3967 Δίδυισι
1314 3906 1341 3965 δὲ
1359 3906 1401 3976 ξύν
1416 3932 1444 3967 τε
1463 3912 1496 3987 τῇ
1512 3908 1583 3977 τάξει
1605 3908 1678 3987 πάσῃ

904 3996 949 4055 καὶ
970 4001 1027 4063 ταῖς
1047 3996 1181 4076 προσόδοις
1202 3998 1231 4065 ἀς
1252 3996 1395 4077 ἀπεφέρετο
1417 3999 1431 4055 ὁ
1452 3998 1548 4064 ταύτης
1568 3997 1680 4077 πρόσθεν

904 4084 1028 4162 ἐπάρχων
1049 4083 1215 4157 Παλαμήδης
1235 4087 1249 4140 ό
1268 4082 1454 4151 Γατελιούζεω.
1470 4073 1561 4143 Ἦσαν
1583 4082 1610 4140 δὲ
1634 4086 1677 4141 καί

905 4162 983 4227 αὗται
997 4175 1042 4228 τοῦ
1057 4172 1135 4228 αὐτοῦ
1153 4173 1288 4247 βασιλικοῦ
1298 4170 1427 4248 κέρματος
1440 4170 1526 4249 ἕτεραι
1539 4170 1678 4250 τριάκοντα

70 4337 207 4388 adventum
227 4340 521 4402 1τυοίεεορρυμιεεοτοι
542 4338 636 4397 (Chalc.
650 4352 676 4401 p.
690 4341 745 4396 471,
760 4339 795 4401 5).
810 4339 899 4387 Postea
915 4350 974 4386 eum
993 4337 1041 4387 Ιιοο
1057 4336 1145 4401 oppido
1163 4337 1268 4400 potitum
1286 4350 1340 4387 ειεο
1363 4336 1389 4385 in
1407 4350 1488 4399 eoque
1504 4336 1599 4386 exitum
1619 4336 1677 4386 hessi

70 4411 227 4471 exspectasse
238 4421 311 4457 nemo
323 4407 413 4467 tradit,
425 4406 470 4457 sed
481 4407 616 4457 Abarinum
628 4406 680 4456 οἰνο
691 4408 779 4471 Pylum
790 4408 909 4458 Thomam
920 4406 1009 4457 abiisse
1017 4410 1100 4458 narrat
1112 4408 1224 4460 Ghaleoc.
1235 4421 1261 4471 p.
1274 4410 1330 4467 478,
1342 4414 1363 4466 2,
1376 4406 1430 4457 coll.
1448 4406 1568 4457 Phrantze
1584 4420 1608 4469 p.
1621 4410 1676 4463 4117,

73 4484 103 4527 16
119 4499 126 4528 ι
140 4482 229 4539 θευμᾶς
247 4479 311 4541 ἀφεὶς
321 4480 364 4538 τὴν
375 4478 518 4540 Ιίαλαμάταν
529 4481 569 4529 καὶ
582 4478 683 4541 περάσας
693 4480 726 4534 είς
738 4480 769 4527 τὰ
782 4480 833 4541 περ]
848 4480 890 4538 την
907 4479 1046 4541 Κόσμαιναν
1059 4480 1100 4527 καὶ
1119 4480 1147 4529 τὸ
1163 4476 1271 4527 Πεταλίδι
1286 4479 1376 4533 εἰσῆλθε
1397 4477 1429 4531 είς
1440 4476 1480 4525 τὸν
1493 4477 1620 4539 Ἀἀαρῖνον
1634 4475 1677 4523 κά-

71 4552 145 4598 κεῖθεν
160 4550 193 4607 είς
203 4552 231 4598 τὸ
243 4551 357 4612 Μαράθιν.
370 4550 381 4613 1]
393 4576 425 4586 -
437 4549 453 4613 §
465 4555 490 4598 2.
501 4551 541 4598 καὶ
553 4547 722 4612 κατεχομένην]
741 4549 804 4598 'mter
813 4548 889 4599 lineas
903 4547 1027 4598 additum.
1045 4548 1055 4610 11
1075 4574 1108 4585 -
1122 4550 1143 4603 ἐς
1155 4546 1283 4613 Κέρκυραν]
1297 4548 1410 4596 Ρίιιοειῑε.
1425 4558 1449 4608 p.
1464 4548 1519 4607 408,
1536 4551 1563 4595 10
1577 4561 1583 4593 :
1598 4550 1626 4607 τῇ
1638 4562 1669 4603 ιη

70 4622 114 4667 τοῦ
130 4616 231 4667 Ἰουλίου
242 4619 313 4680 μηνὸς
326 4620 439 4675 ἀπεσώθη
451 4620 483 4673 εἰς
496 4620 623 4680 Κέρκυραν.
637 4616 647 4679 Ι]
663 4642 696 4652 -
708 4614 723 4678 §
735 4621 758 4666 3.
772 4618 833 4675 πλήν
848 4633 875 4677 γε
889 4617 918 4674 δὴ
932 4622 973 4675 τῆς
985 4617 1120 4683 Ῥωμαίων]
1135 4619 1191 4669 add.
1205 4631 1298 4681 margo.

103 4687 220 4751 xx1v.§
233 4694 255 4737 2.
268 4686 379 4751 Ἀμάρην]
394 4686 510 4751 Ἀμαρρην
522 4686 609 4737 codex.
622 4690 654 4736 11
666 4690 742 4738 omar
753 4686 837 4737 statim
854 4685 924 4735 initio
941 4686 1103 4749 expeditionis
1115 4702 1129 4737 ε
1142 4688 1302 4752 Peloponnesi
1316 4688 1464 4750 praefectura
1483 4688 1594 4737 remotus
1613 4685 1676 4736 erat.

77 4758 170 4808 abiens
183 4770 227 4809 rex
237 4760 381 4822 praesectum
394 4758 493 4823 reliquit
505 4762 635 4822 laganum.
646 4760 677 4807 V.
691 4756 776 4807 Chalc.
786 4772 811 4821 p.
822 4760 877 4817 484,
893 4759 930 4806 11.
947 4756 958 4819 Ι]
972 4758 1075 4820 -έχων
1096 4760 1145 4821 μεθ’
1156 4761 1241 4809 ἑαυτοῦ
1256 4761 1388 4821 Δημήτριον
1414 4760 1451 4815 ξῦν
1470 4758 1559 4819 γυναικὶ
1577 4774 1601 4805 κ.
1616 4754 1677 4819 θυγ]

70 4828 182 4890 Hosjam
193 4833 265 4877 antea
278 4829 303 4877 in
316 4828 440 4879 Boeotiam
453 4829 569 4888 miserat,
584 4841 634 4877 sec.
648 4827 763 4878 Ghalcoc.
776 4840 805 4891 p.
820 4830 876 4886 476,
891 4830 929 4876 18.
947 4826 986 4874 Cf.
1003 4825 1115 4878 Phrantz.
1128 4841 1153 4891 p.
1167 4832 1220 4877 105.
1236 4827 1248 4890 Ι]
1262 4854 1293 4864 -
1305 4826 1320 4890 §
1333 4832 1356 4877 3.
1368 4827 1485 4889 παραδοὺς
1505 4822 1677 4907 cip-somiein]

73 4896 157 4947 chalc.
168 4912 193 4961 p.
205 4901 261 4957 488,
275 4902 301 4947 14
317 4917 323 4947 :
338 4901 494 4962 Κομιζόμενος
512 4898 550 4947 ἐπ’
560 4898 628 4947 οίκον
640 4899 680 4945 καὶ
693 4898 792 4959 πέμπων
806 4897 910 4959 κήρυκας
929 4896 1022 4945 ἐκέλευε
1038 4900 1079 4946 τὸν
1093 4897 1197 4960 ἡγεμόνα
1209 4898 1341 4960 Δημήτριον
1358 4898 1456 4956 ὑπάγειν
1472 4897 1570 4956 πρόσθεν
1590 4911 1632 4943 συν
1646 4900 1675 4956 τῇ

72 4970 181 5031 γυναικὶ,
196 4971 236 5017 καὶ
251 4971 321 5026 αὐτὸς
335 4971 410 5033 σχολῇ
424 4970 556 5032 ἐπορεύετο.
569 4970 581 5032 Ι]
593 4996 624 5005 -
634 4968 650 5032 §
662 4972 687 5017 4.
700 4968 782 5017 δίδωσι
795 4965 950 5029 σατραπείαν]
970 4966 1103 5016 Ρίιτειιίεεα
1118 4980 1142 5030 p.
1154 4970 1209 5025 418,
1228 4971 1257 5015 23
1271 4984 1278 5014 ι
1291 4967 1311 5028 ᾧ
1324 4962 1473 5029 (Δημητρίῳ)
1493 4964 1592 5011 δέδωκεν
1614 4963 1676 5027 ἔχειν

73 5039 106 5093 εἷς
117 5037 245 5101 ζωάριειαν
258 5040 330 5088 αὐτοῦ
341 5055 367 5088 τε
378 5041 420 5088 καὶ
432 5044 479 5087 τῶν
494 5039 566 5087 αὐτοῦ
578 5040 620 5096 τήν
633 5036 735 5098 μεγάλην
748 5038 835 5098 Αἶνον,
853 5037 894 5094 την
906 5038 1017 5098 Λῆμνον,
1029 5039 1072 5095 τὴν
1085 5036 1179 5099 Ἰμῦρον
1195 5037 1235 5085 καὶ
1248 5036 1290 5093 τὴν
1304 5033 1467 5098 Σαμοθρᾴκην.
1481 5030 1568 5115 phale.
1582 5044 1607 5095 p.
1619 5035 1674 5085 483,

76 5109 104 5154 17
117 5123 124 5153 τ
134 5112 169 5168 τῷ
183 5108 279 5171 ἡγεμόνι
293 5110 416 5172 ἐπέτρεψεν
428 5110 498 5158 Αἶνον
510 5109 578 5158 πόλιν
590 5108 631 5158 καὶ
639 5108 756 5170 πρόσοδον
768 5108 816 5157 ἀπὸ
827 5113 869 5166 τῆς
881 5108 956 5155 αὐτοῦ
968 5108 1042 5169 ταύτῃ
1054 5108 1135 5163 άλικῆς
1144 5140 1151 5164 ,
1161 5104 1201 5153 καὶ
1211 5104 1259 5153 ἀπὸ
1268 5108 1316 5151 τῶν
1330 5105 1402 5164 θυρῶν
1415 5102 1437 5156 ἐς
1450 5104 1562 5159 έίηκοντα
1573 5102 1674 5179 (78140.

74 5174 178 5241 Critob.)
189 5179 299 5242 μυριάδας
313 5179 430 5245 ἀργυρίου.
444 5179 455 5243 ll
473 5206 505 5216 -
514 5179 553 5228 καὶ
566 5177 691 5244 πρόσοδον]
702 5178 737 5229 εἰσ
747 5190 841 5241 margo,
853 5176 893 5227 καὶ
913 5177 1045 5229 ἀνάπαυσιν
1057 5178 1118 5227 ίοκί.
1132 5173 1185 5239 {l-
1195 5180 1217 5224 5.
1229 5171 1407 5237 εύθηνουμένην]
1418 5166 1496 5223 εύθυν.
1508 5170 1595 5221 mdes.
1609 5172 1676 5220 Dein
