3809 5859
641 382 693 442 DE
713 382 949 447 FRAGMENTO
973 388 1215 452 ARISTODEMI.
1631 393 1725 475 xxxiii

121 525 249 586 constat,
263 510 461 592 probabiliter
478 531 549 571 vero
568 511 604 570 ad
627 532 674 573 an.
693 523 751 589 47ο
767 518 815 575 vel
837 520 894 596 469
909 520 1080 581 referendus
1099 535 1152 581 est.
1170 521 1292 582 hlortem
1307 523 1514 585 Themistoclis
1528 524 1672 585 Eusebius
1692 528 1725 587 in

122 611 195 669 falsa
210 609 401 684 chronologia
412 606 470 667 sibi
485 622 621 669 constans
638 611 768 687 assignat
784 634 831 676 an.
844 616 916 677 Abr.
932 618 1019 679 1550.
1031 618 1077 679 Ol.
1091 621 1140 691 78,
1157 620 1185 678 3.
1200 622 1258 688 466
1270 616 1490 701 (Themistocles
1501 606 1576 680 tauri
1587 631 1726 701 sanguine

120 711 220 767 hausto
229 704 331 783 periit)
338 727 349 775 ,·
366 723 468 763 revera
482 724 545 763 eam
559 708 708 785 pertinere
725 710 760 768 ad
775 730 869 771 annos
887 728 952 791 post
967 718 1025 783 460
1036 718 1191 795 ‚proximos
1204 738 1221 777 e
1233 718 1382 782 Plutarch.
1395 718 1540 780 Themist.
1556 742 1581 780 c.
1595 722 1630 779 3ι
1645 734 1723 780 recte

122 804 241 879 collegit
255 803 404 879 Arnoldus
418 802 561 876 Schaeler,
573 823 610 862 ex
623 803 748 865 Eusebio
764 810 920 869 deducitur
932 832 1026 874 annus
1039 816 1096 890 459
1112 816 1219 893 (466-7
1231 816 1252 895 ).

160 900 295 960 Sexenne
314 898 423 959 bellum
440 899 606 978 Egyptium
621 920 676 962 seo.
698 903 834 983 Thucyd.
859 922 986 987 emptum
1008 923 1052 969 est
1065 911 1111 974 Ol.
1132 914 1180 984 81,
1201 935 1228 973 1.
1247 916 1383 993 464-459
1405 936 1432 976 a.
1456 915 1504 987 C.,
1519 916 1635 973 finitum
1649 934 1721 973 aero

121 1002 241 1059 ineunte
255 998 374 1078 Olymp.
389 1001 439 1072 81,
457 1002 485 1060 3.
500 1000 556 1067 454
574 998 654 1075 (vid.
666 1000 803 1065 Schaeler.
819 1005 841 1065 l.
855 1006 875 1067 l.
890 1026 920 1084 p.
937 1016 973 1077 44
985 1010 1005 1085 ).
1022 1006 1187 1067 Secundum
1202 1009 1365 1069 Diodorum
1377 1012 1439 1091 (ιι,
1454 1015 1491 1085 73
1502 1024 1534 1070 'et
1548 1011 1595 1088 75)
1607 1010 1717 1070 bellum

121 1116 175 1176 per
187 1095 348 1156 triennium
360 1109 471 1175 gestum
482 1108 526 1154 cst
539 1095 576 1154 ab
590 1096 637 1157 ot.
657 1100 822 1173 79,3—80,
838 1123 865 1159 1.
880 1105 1051 1171 464-464.
1069 1104 1149 1163 lnter
1163 1107 1221 1174 464
1233 1120 1261 1164 44
1275 1108 1333 1175 454
1349 1109 1469 1168 nonnisi
1482 1128 1535 1168 sex
1548 1108 1617 1166 anni
1637 1108 1723 1167 inter·

120 1194 237 1254 cedunt.
260 1197 297 1253 At
314 1193 510 1252 revocandum
528 1212 590 1253 esse
605 1194 683 1253 hunc
702 1216 821 1276 quoque
836 1215 1005 1278 computum
1022 1201 1058 1259 ad
1076 1215 1185 1280 septem
1208 1224 1352 1264 annorum
1364 1205 1577 1277 disserentium,
1591 1226 1650 1283 qua
1665 1226 1721 1283 pro

121 1292 207 1351 annis
221 1291 376 1367 459-454
392 1290 580 1369 ponebantur
594 1292 767 1363 466--464,
786 1314 822 1353 ex
836 1297 994 1357 scholiasta
1006 1299 1212 1378 Aristophanis
1228 1300 1326 1381 (Plut.
1344 1305 1398 1376 ι78
1409 1303 1418 1382 )
1429 1304 1535 1379 colligo
1549 1298 1605 1381 'qui
1617 1316 1646 1361 et
1659 1304 1723 1382 ipse

122 1389 224 1453 falsam
245 1388 465 1478 chronologiam
480 1401 616 1462 secutus,
629 1388 780 1469 Egyptios
801 1414 817 1449 a
835 1392 933 1452 Persis
947 1394 1088 1455 defecisse
1104 1396 1177 1455 dicit
1194 1413 1333 1473 regnante
1353 1398 1466 1473 Xerxe,
1488 1418 1574 1477 quem
1591 1418 1640 1459 an.
1665 1399 1723 1466 465

121 1501 267 1545 mortuum
280 1504 343 1544 esse
355 1496 475 1543 constat.
488 1482 766 1560 ciuncioleno,
780 1510 806 1547 c.
825 1509 871 1564 ιι,
886 1490 912 1548 3.

161 1583 272 1641 Bellum
283 1581 426 1661 Cyprium
442 1581 521 1660 quod
537 1582 628 1641 Persae
640 1597 741 1643 contra
753 1584 913 1661 Euagorarn
928 1603 1098 1663 gesserunt,
1112 1608 1169 1651 sec.
1181 1589 1339 1651 lsocratem
1351 1592 1359 1669 4
1370 1592 1493 1668 Euagor.
1505 1614 1531 1653 o.
1548 1594 1605 1665 233
1619 1593 1717 1652 Pane·
1760 1568 1771 1575 ‘

122 1702 187 1761 gyr.
202 1702 228 1743 c.
244 1681 299 1761 39)
314 1679 470 1739 decennale
487 1678 541 1737 luit
556 1692 585 1737 et
599 1678 636 1737 ab
649 1679 696 1739 ot.
716 1682 766 1757 98,
782 1691 796 1749 4
812 1684 848 1742 46
860 1683 908 1744 01.
928 1706 1020 1757 ιοι,ι
1039 1686 1102 1745 sive
1114 1686 1151 1746 ab
1168 1707 1216 1747 an.
1233 1688 1290 1745 365
1305 1689 1400 1748 adan.
1418 1690 1474 1762 376
1490 1690 1641 1767 pertinuit.
1658 1690 1721 1749 Sec.

121 1779 283 1839 Diodorum
304 1778 401 1837 Persae
415 1775 525 1835 bellurn
542 1791 734 1855 susceperunt
754 1798 832 1837 anno
854 1782 908 1856 391
932 1780 998 1861 (Ol.
1012 1802 1063 1860 97,
1081 1784 1130 1861 4),
1144 1786 1196 1863 qui
1217 1806 1317 1845 avero
1335 1787 1421 1844 initio
1439 1806 1491 1845 sex
1508 1786 1597 1844 distat
1615 1788 1720 1859 annis,

121 1880 191 1938 dum
207 1877 270 1937 falsi
285 1878 416 1956 computi
436 1876 512 1939 ratio
524 1889 633 1953 septem
645 1895 787 1935 annorum
798 1876 1023 1956 discrepantiam
1041 1882 1176 1957 postulat.
1193 1880 1270 1941 Fieri
1280 1895 1374 1958 potest
1388 1896 1421 1940 nt
1430 1885 1486 1940 hoc
1496 1881 1563 1939 loco
1575 1881 1724 1942 Diodorus

120 1996 177 2056 pro
195 1996 272 2035 anno
284 1976 341 2051 394
357 1993 465 2032 annum
477 1974 530 2047 39ι
545 1986 700 2053 propterea
713 1973 897 2046 exhibuerit,
914 1975 992 2053 quod
1013 1997 1078 2035 cunr
1092 1979 1180 2037 initio
1198 1978 1270 2038 belli
1282 1978 1446 2037 decennalis
1461 1976 1595 2036 confudit
1607 1996 1642 2035 ea
1655 1998 1721 2054 quae

120 2091 199 2132 anno
217 2073 269 2147 39¹
287 2070 435 2146 Euagorae
450 2083 551 2127 contra
565 2071 666 2128 Persas
682 2085 848 2149 susceperat
868 2070 1051 2151 (Xenophon
1071 2075 1146 2135 llell.
1167 2084 1196 2147 4,
1217 2077 1247 2147 8,
1265 2084 1302 2143 44
1314 2076 1334 2154 ).
1351 2076 1483 2134 Ceteram
1502 2074 1718 2143 confusionem,

120 2188 179 2248 qua
194 2168 345 2255 Diodorea'
355 2166 391 2224 de
407 2166 485 2225 bello
502 2166 613 2245 Cyprio
625 2169 753 2226 narratio
768 2167 899 2242 laborat,
920 2190 997 2230 nunc
1015 2172 1089 2231 nihil
1105 2193 1242 2233 curamus
1254 2175 1303 2253 ζ’).
1686 2152 1695 2177 ⁸

160 2266 215 2324 llis
229 2264 404 2345 praemissis,
420 2264 456 2323 ad
468 2264 684 2323 Aristodemum
700 2265 817 2325 rediens
831 2267 981 2326 ostendam
997 2271 1077 2348 apud
1090 2269 1168 2326 hunc
1182 2288 1299 2347 quoque
1310 2268 1463 2326 historiam
1475 2286 1510 2325 eo
1520 2266 1647 2331 maxime
1658 2279 1719 2324 tur·

120 2362 215 2421 batam
232 2360 387 2438 essequod
405 2361 471 2420 duaa
493 2374 656 2439 temporum
673 2362 922 2439 computationes,
940 2384 1067 2441 quarum
1090 2350 1180 2423 altera
1195 2367 1231 2423 ab
1256 2365 1346 2423 altera
1361 2378 1470 2443 septem
1493 2362 1578 2422 annis
1599 2361 1714 2435 diflert,

120 2472 228 2518 tenrere
242 2459 373 2517 conflatae
387 2458 455 2519 sint.
1295 2510 1298 2516 .

158 2554 291 2614 Primum
307 2556 398 2631 igitur
416 2553 494 2613 Sami
509 2556 752 2632 expugnationem
770 2556 830 2629 (an.
848 2554 921 2633 439)
933 2568 963 2614 44
979 2557 1121 2617 foederum
1134 2559 1342 2619 trecennalium
1357 2558 1532 2617 solutionem
1543 2556 1637 2633 4434),
1654 2542 1719 2631 quae

118 2664 228 2731 septem
243 2651 328 2711 annis
342 2664 386 2710 est
399 2650 555 2731 posterior,
570 2650 665 2710 eidem
684 2670 761 2709 anno
782 2652 924 2728 assignari
939 2652 1084 2715 videmus.

159 2747 253 2805 Porro
271 2748 367 2806 statim
383 2760 451 2825 post
466 2748 604 2824 proelium
621 2746 657 2805 ad
670 2747 838 2826 (Enophyta
854 2750 1041 2808 commissum
1061 2750 1167 2830 [initio
1186 2772 1233 2811 an.
1248 2751 1325 2825 456)
1342 2763 1371 2809 44
1389 2760 1456 2807 ante
1472 2747 1616 2806 Tolmidae
1628 2766 1722 2824 expe-

121 2844 265 2903 ditionem
281 2843 559 2922 Peloponnesiacam
574 2844 640 2921 (an.
656 2844 734 2920 455)
751 2846 854 2903 Cimon
876 2846 909 2904 in
922 2845 1054 2925 Cyprum
1070 2848 1218 2925 profectus
1238 2846 1340 2925 ibique
1354 2858 1488 2903 mortuus
1503 2860 1566 2901 esse
1579 2839 1720 2919 perhibe-

120 2954 180 3001 tur.
196 2939 278 3001 Obiit
292 2959 363 2998 vero
377 2959 422 3000 an.
444 2947 512 3015 449.
532 2938 641 2999 lterum
657 2941 747 3025 igitur
757 2940 922 3019 junguntur
937 2963 986 3002 res
999 2944 1145 3021 septennii
1161 2945 1256 3022 spatio
1270 2955 1420 3021 separatae.

161 3040 273 3097 bellurn
289 3038 647 3117 1419796444459-454)
661 3052 798 3098 narratur
809 3053 875 3119 post
890 3040 1030 3119 proelium
1046 3041 1083 3099 ad
1098 3040 1344 3119 Eurymedontem
1360 3041 1437 3117 (466
1449 3037 1457 3115 )
1471 3050 1500 3096 44
1511 3050 1577 3095 ante
1593 3042 1718 3113 pugnant

120 3136 157 3195 ad
171 3134 334 3212 Tanagram
349 3140 357 3213 4
370 3136 425 3211 457
437 3135 459 3215 ).
483 3136 577 3212 lgitur
590 3136 647 3195 hoc
659 3156 777 3214 quoque
791 3135 899 3196 bellum
915 3150 1024 3215 septem
1044 3140 1159 3197 annisa
1173 3138 1241 3195 sede
1255 3157 1309 3196 sua
1322 3136 1464 3194 dimotum
1482 3133 1570 3192 fuerit
1583 3132 1615 3189 in
1628 3149 1720 3189 annos

122 3233 259 3303 aester.
275 3230 398 3291 Eandem
414 3232 636 3309 chronologiam
651 3235 784 3309 sequitur
796 3233 956 3293 scholiasta
971 3234 1175 3313 Aristophanis
1190 3232 1283 3313 (Plut.
1303 3234 1391 3309 ι78),
1406 3232 1459 3309 qui
1472 3229 1590 3288 inarum
1604 3228 1722 3285 vivente

122 3330 219 3389 llerxe
234 3330 242 3401 4
250 3330 327 3405 465)
343 3328 482 3388 deiecisse
501 3328 588 3402 dicit,
602 3348 640 3387 cx
656 3329 815 3407 eademque
830 3330 963 3407 prosecta
976 3342 1044 3389 sunt
1063 3331 1184 3389 confusa
1203 3329 1256 3389 illa
1268 3349 1333 3408 quae
1344 3329 1380 3387 de
1394 3328 1449 3386 hoc
1461 3325 1541 3385 bello
1554 3322 1632 3403 apud
1646 3322 1721 3381 Dio-

120 3426 223 3485 dorum
240 3426 386 3501 leguntur.

161 3521 197 3580 ln
209 3520 447 3581 antecedentibus
468 3521 669 3581 Aristodemus
682 3521 772 3580 tradit
790 3521 983 3581 Athenienses
995 3521 1051 3579 sub
1065 3522 1188 3581 Cimone
1199 3524 1231 3582 in
1247 3524 1342 3581 Asiam
1360 3520 1506 3599 proiectos
1526 3530 1627 3575 contra
1637 3516 1721 3574 'l'be-

121 3621 297 3691 mistocleua,
316 3619 386 3697 qui,
401 3619 656 3697 appropinquante
675 3618 772 3688 hoste,
787 3637 930 3676 venenum
947 3618 1105 3692 hausisset,
1122 3622 1210 3678 urbes
1228 3621 1336 3677 ionicas
1350 3616 1490 3675 liberasse
1503 3626 1532 3673 et
1551 3612 1660 3691 proelio
1674 3613 1719 3669 vi·

120 3717 194 3776 cisse
207 3716 242 3775 ad
258 3716 503 3793 Eurymedontem
515 3716 637 3775 fluvium
650 3716 742 3794 4466).
753 3712 846 3790 lgitur
857 3732 934 3773 mors
944 3714 1163 3794 Themistoclis,
1173 3736 1239 3793 quae
1251 3714 1287 3773 ad
1300 3734 1407 3775 annum
1421 3714 1480 3791 459
1490 3708 1642 3769 referenda
1652 3714 1716 3779 est,

121 3814 278 3874 secundum
295 3812 527 3885 Aristodemum,
541 3812 627 3872 sicuti
642 3832 689 3891 ap.
701 3810 859 3871 Eusebium
870 3854 878 3883 ,
888 3812 924 3870 ad
938 3831 1046 3870 annum
1064 3813 1122 3880 466
1137 3816 1274 3891 pertinet.
1288 3810 1485 3887 Consequitur
1495 3804 1721 3865 Themistoclem

123 3928 159 3967 ex
174 3910 349 3969 Aristoderni
366 3924 461 3969 mente
471 3911 508 3969 ad
521 3929 618 3985 regem
633 3910 785 3971 Persarum
801 3911 916 3968 venisse
927 3929 977 3970 an.
995 3917 1069 3983 47ι,
1083 3922 1114 3967 ut
1130 3908 1270 3967 Eusebius
1282 3920 1311 3966 et
1322 3908 1426 3965 Cicero
1441 3915 1594 3963 testantur.
1607 3899 1721 3969 Quodsi

122 4007 312 4067 nihilosecius
330 4027 382 4065 rex
404 4007 455 4066 ille
470 4011 647 4065 Artarerxes
661 4007 751 4065 luisse
764 4007 886 4081 dicitur,
902 4006 978 4064 nihil
1001 4006 1082 4064 aliud
1096 4004 1167 4085 inde
1188 4005 1337 4081 colligitur
1353 4003 1410 4062 nisi
1424 4013 1571 4060 auctorem
1590 4011 1722 4056 nostrum

124 4122 259 4163 unacum
275 4123 371 4162 rerum
388 4123 544 4179 graecarum
564 4101 746 4182 temporibus
770 4116 896 4160 mutasse
915 4102 1001 4160 etiam
1020 4102 1143 4178 epochas
1156 4121 1256 4178 regum
1272 4102 1438 4159 Persarum.
1454 4098 1498 4156 Ex
1519 4095 1622 4154 eodem
1642 4114 1721 4152 corn·

120 4212 192 4278 puto
205 4200 272 4276 luga
290 4220 348 4279 qua
361 4199 571 4259 Themistocles
585 4201 621 4260 ad
635 4199 746 4259 Naxum
760 4199 797 4258 ab
811 4201 1038 4259 Atheniensibus
1053 4213 1122 4260 tunc
1133 4199 1281 4259 obsessam
1300 4199 1413 4256 delatus
1425 4209 1469 4256 est
1484 4191 1629 4275 (t65**)‚
1644 4211 1722 4250 anno

122 4306 181 4369 474
196 4298 373 4374 assignanda
388 4311 443 4360 est.

162 4395 237 4453 Ante
250 4394 325 4453 hanc
338 4395 434 4470 lugam
449 4396 480 4454 in
496 4394 658 4471 fragmento
683 4395 728 4475 44.
747 4402 785 4473 9)
801 4395 891 4453 habes
906 4394 1102 4453 narrationem
1121 4394 1157 4453 de
1171 4394 1267 4465 disco,
1281 4394 1330 4451 cui
1351 4392 1473 4451 nomina
1487 4388 1639 4447 civitatum
1657 4405 1723 4462 quae

152 4577 188 4643 (³)
201 4582 284 4637 Quum
296 4592 393 4631 errores
409 4580 500 4643 quibus
519 4594 568 4630 uno
583 4583 627 4630 aut
646 4579 744 4631 duobus
762 4582 832 4632 annis
848 4597 863 4632 4
878 4594 938 4631 vera
958 4584 1097 4644 temporum
1112 4580 1208 4631 ratione
1220 4578 1364 4635 disceditur,
1376 4589 1422 4641 per
1440 4578 1523 4627 totum
1533 4572 1637 4624 Diodori
1657 4581 1722 4632 opos

122 4651 314 4715 frequentissimi
327 4652 392 4709 sint,
402 4653 524 4715 quaritur
534 4664 565 4701 44
579 4652 614 4702 iiii
627 4664 736 4709 errores.
752 4654 794 4715 qui
808 4654 916 4716 quinque
927 4666 1048 4701 annorum
1061 4650 1227 4701 differentiam
1246 4662 1297 4712 prce
1310 4662 1338 4699 se
1349 4648 1443 4707 ferunt,
1457 4659 1489 4696 ex
1499 4641 1642 4697 Chronicis.
1655 4650 1721 4721 quos

120 4724 152 4772 n.
164 4722 291 4783 adtribuit,
305 4723 436 4783 fluxerint,
452 4736 482 4772 44
499 4722 599 4773 Diodori
608 4722 759 4787 negligentiae
772 4721 908 4775 debeantur
919 4724 944 4773 et
959 4736 991 4773 ex
1002 4725 1095 4785 septem
1107 4734 1226 4771 annorum
1239 4720 1401 4784 discrepantia
1412 4718 1516 4783 profecti
1526 4716 1583 4765 sint.
1597 4709 1723 4776 Ejusmodi

121 4796 160 4842 est
176 4792 241 4855 quod
256 4797 300 4851 11.
318 4796 348 4842 64
368 4792 463 4843 initium
482 4792 537 4843 belii
556 4792 698 4845 Messeniani
718 4806 780 4843 anno
798 4799 858 4856 469,
869 4796 907 4845 ot.
918 4797 964 4855 77,
982 4792 1135 4856 4464144444
1150 4805 1191 4843 an.
1211 4795 1258 4842 464
1269 4792 1437 4853 4444444444,
1451 4786 1517 4852 quod
1532 4780 1572 4842 ll,
1588 4788 1618 4832 65
1629 4780 1722 4830 Mlum

122 4862 186 4912 inter
196 4864 300 4926 argina
313 4866 338 4912 et
348 4864 488 4926 ifyoenoeos
497 4863 545 4913 suh
558 4868 680 4914 4444466
695 4862 770 4921 (deb.
784 4866 831 4915 sub
844 4878 885 4915 an.
903 4867 948 4915 toa
959 4864 968 4928 )
978 4866 1099 4926 narratur,
1110 4865 1135 4912 et
1145 4862 1213 4923 quod
1224 4863 1310 4927 AEgina
1324 4862 1367 4912 lib.
1386 4866 1423 4919 tt,
1436 4864 1466 4910 76
1477 4869 1541 4908 anno
1551 4858 1610 4935 469,
1623 4850 1661 4899 Ol.
1675 4854 1722 4906 8⁰·

122 4938 152 4991 2,
166 4932 208 4981 lib.
223 4938 261 4995 tt,
278 4934 308 4982 76
318 4936 402 4983 autem
414 4946 453 4982 an.
464 4936 520 4993 464,
533 4933 572 4982 01.
585 4935 624 4993 79,
637 4935 646 4980 4
659 4930 761 4983 subacta
772 4947 826 4983 esse
838 4933 937 4984 dicitur.
958 4960 990 4971 -
1001 4930 1076 4983 Aliud
1089 4932 1231 4998 multiplicis
1243 4932 1391 4983 confusionis
1401 4943 1477 4993 genna
1490 4926 1575 4977 subest
1585 4922 1629 4973 hh.
1643 4926 1681 4979 12,
1691 4926 1722 4971 ⁶⁵

122 5006 147 5052 et
156 5006 199 5063 66,
210 5002 252 5053 ubi
266 5004 313 5053 cub
325 5017 365 5052 an.
378 5008 434 5063 444,
447 5004 487 5055 01.
503 5009 542 5064 69,
558 5008 567 5053 1
582 5003 663 5053 Nicias
682 5004 768 5053 ttclarn
779 5007 889 5054 vastasm
898 5006 924 5053 ct
937 5002 1044 5065 Cythera
1054 5007 1080 5053 et
1090 5006 1204 5065 nysam
1212 5015 1345 5066 occupasse
1358 5001 1444 5059 fertur,
1456 4993 1544 5048 deinde
1554 4991 1601 5043 sub
1613 5003 1652 5044 au.
1665 4993 1722 5049 itt,

122 5072 161 5123 01.
174 5076 218 5133 60,
229 5077 244 5126 6
257 5072 347 5139 iterum
361 5077 475 5123 namatur
485 5073 646 5123 Athenienses
665 5070 808 5122 1444146444
820 5073 927 5136 cythera
939 5077 965 5124 ct
977 5074 1091 5137 Nysaeam
1105 5086 1241 5136 occupasse
1249 5077 1277 5121 41
1285 5072 1375 5121 Melum
1388 5078 1548 5131 expugnasse.

154 5144 202 5209 (”)
215 5144 251 5195 46
261 5158 352 5194 annum
363 5148 410 5194 466
422 5157 474 5194 rem
487 5144 565 5195 refero
574 5156 632 5193 oum
645 5142 763 5193 Piersono
772 5142 790 5193 l.
800 5142 817 5193 1.
828 5146 888 5193 tom.
899 5148 944 5206 46,
958 5156 984 5208 p.
998 5148 1037 5194 66.
1051 5144 1159 5194 schefer
1170 5144 1186 5193 1.
1197 5144 1214 5193 1.
1227 5156 1266 5194 an.
1280 5146 1327 5191 466
1336 5142 1446 5204 exputat.
1459 5136 1574 5188 Celerum
1582 5131 1723 5183 baudmit

124 5217 255 5269 Piersonus
269 5216 357 5267 statuit
367 5214 519 5281 detempotc
531 5215 591 5268 belli
608 5215 725 5279 egyptii.

1611 5314 1627 5356 r
