3809 5859
413 310 663 373 MECHEMETIS
685 311 811 373 ANNUS
829 312 882 374 111.
904 313 980 373 6961
1003 312 1192 388 (lm-1453
1214 313 1248 373 P.
1273 307 1328 392 G).
1635 316 1673 376 9³

66 448 100 508 τδ
113 456 199 527 τεῖχος
216 445 362 527 σχολῇκαὶ
384 447 480 525 βάδην·
502 450 538 514 ῶς
558 446 583 507 δ’
600 446 653 507 ίσω
664 445 766 526 ’βέλους
785 446 843 527 ἰγί·
905 447 1067 528 ἀφιεμένοις,
1085 450 1110 507 οί
1125 447 1152 509 δέ
1160 448 1291 525 κλίμακας
1304 449 1477 528 προσάγοντες
1487 451 1525 529 τῷ
1535 446 1619 531 τείχει
1629 447 1676 511 καί

70 557 158 608 νοντα,
167 533 345 600 καταστάντες
355 534 497 613 ἐμάχοντο.
540 534 596 595 Καί
607 540 699 613 πρῶτα
710 536 757 611 μέν
769 541 845 617 ἀκρο·
904 535 1019 616 γεφύρας
1032 536 1077 593 καί
1092 536 1206 614 πύργους
1220 534 1334 603 ξυλίνους
1343 536 1389 594 καί
1403 534 1524 615 μηχανάς
1538 536 1674 605 παντοίας.

68 622 208 699 ἀολισμοῖς
220 625 338 701 ἰσχυροῖς
350 622 497 701 έχρήσαντο
505 620 571 700 πρδς
580 622 708 693 ἀλλήλους
719 623 847 703 έκάτεροι,
906 623 958 682 Καί
977 646 1044 689 τινες
1065 624 1149 681 αὐτῶν
1172 645 1224 682 που
1245 622 1289 691 ξῦν
1314 622 1359 702 θέᾳ
1381 624 1426 683 καί
1448 623 1591 683 ἐπιύαίνειν
1606 628 1677 685 έπει·

69 717 125 775 τοῖς
135 732 166 769 τε
177 709 230 767 ἀπὸ
241 710 293 768 τῶν
303 706 415 776 τοξοτῶν
428 708 517 787 βέλεσι
530 706 584 778 τοίς
596 710 691 770 τεάπὸ
706 714 759 769 τῶν
772 735 848 794 σφεν-
904 713 985 790 ρῶντο
998 715 1042 769 τοῦ
1054 711 1169 789 τείχους,
1183 711 1228 769 καί
1243 711 1360 785 μάλιστα
1374 710 1406 781 δὴ
1421 702 1438 788 ᾖ
1455 713 1468 767 ὁ
1484 710 1602 788 Ζάγανος
1614 714 1677 771 έπε-

70 797 186 867 δονητῶν
204 795 348 862 λίθοις·καί
369 803 424 863 τοῖς
446 796 500 857 ἀπδ
516 799 568 855 τῶν
589 803 716 877 μηχανῶν
728 799 774 858 καί
788 824 847 859 του·
902 794 1013 856 τέτακτο
1028 796 1073 857 καί
1093 800 1108 854 ὁ
1126 798 1285 875 Καρατζίας.
1331 798 1365 875 (ε)
1394 795 1428 857 ‘0
1445 798 1493 874 μέν
1506 796 1568 879 γάρ,
1588 801 1603 856 ὁ
1621 799 1676 859 Ζά-

69 883 163 963 φάκων
188 880 336 964 ἀφιεμένοις
362 884 476 962 σιδηροῖς
499 883 545 942 καί
562 883 725 959 μολυθδένοις
747 886 847 966 βάλοις,
903 906 996 961 γανος,
1018 883 1110 949 διαῦάς
1130 883 1177 955 τήν
1198 882 1314 967 γέφυραν
1336 886 1459 965 ἀσφαλῶς
1477 885 1522 943 καί
1545 884 1678 961 κλίμακας

71 972 110 1031 έτι
124 971 151 1031 δέ
163 973 274 1039 παλτοῖς
291 970 337 1029 καί
351 970 493 1051 δορατίοις,
508 974 544 1039 ὡς
558 973 658 1048 μᾶλλον
674 974 848 1047 ἐπλησίαζον,
904 970 1045 1050 ἐπαγαγὼν
1055 975 1093 1051 τῷ
1099 970 1181 1049 τείχει
1190 972 1235 1029 καὶ
1249 970 1362 1052 γεφύρας
1374 970 1542 1040 ἀναόιύάζειν
1555 976 1676 1053 ἐπειρᾶτο

72 1060 215 1139 βάλλοντες
229 1059 359 1128 ἀλλήλους
372 1058 418 1119 καί
434 1058 592 1138 βαλλόμενοι
605 1059 706 1119 ἀνοεκτί
726 1060 770 1129 ξῦν
781 1047 846 1142 δργῖ,
901 1058 960 1125 τοὺς
967 1058 1074 1125 ὁπλίτας
1086 1058 1129 1127 ξῦν
1141 1059 1198 1139 βία,
1213 1058 1280 1138 ἔχων
1295 1059 1340 1117 κοιλ
1351 1058 1410 1125 τοῦς
1424 1060 1477 1119 ἀπδ
1485 1064 1538 1119 τῶν
1547 1060 1618 1127 ἐντὸς
1626 1066 1671 1119 τοῦ

72 1146 119 1206 καλ
141 1150 216 1227 θυμῷ
240 1149 345 1226 πολλῷ·
363 1146 408 1206 καί
431 1146 533 1226 κραυγὴ
555 1139 589 1220 ήν
611 1148 675 1227 παρ’
695 1151 848 1229 ἀμφοτέρων
900 1145 1004 1221 λιμένος
1017 1148 1080 1204 νεῶν
1094 1144 1197 1213 τοξότας
1208 1169 1236 1203 τε
1250 1145 1294 1205 καλ
1309 1148 1519 1227 τουφακοφόρους
1531 1149 1677 1226 βάλλοντας

70 1235 169 1317 ἰσχυρά
179 1236 225 1295 καλ
240 1235 396 1316 βλασφημία
412 1235 457 1293 καὶ
469 1233 555 1316 ύάρις·
567 1235 612 1294 καλ
626 1236 719 1297 πολλοὶ
734 1236 781 1313 μέν
796 1240 849 1296 ἰτι·
903 1233 956 1292 ἀπὸ
969 1238 1021 1292 τῶν
1034 1234 1265 1311 καταστρωμάτων
1278 1234 1305 1303 ἰξ
1319 1235 1475 1315 ὑπερδεξίων
1490 1235 1549 1303 τοὺς
1564 1237 1607 1296 ἐπί
1623 1242 1675 1296 τῶν

73 1322 260 1404 τρώσκοντο.έξ
270 1321 395 1404 έκατέρσο
407 1321 514 1400 μέρους,
525 1324 571 1383 οὐκ
583 1322 665 1405 ὀλίγοι
678 1324 707 1385 δὲ
725 1325 771 1383 καί
785 1327 849 1386 ἀπέ-
902 1317 1034 1387 ἐπάλξεων
1040 1322 1164 1400 ἰσχυρῶς,
1175 1321 1369 1399 πιριπλεονσῶν
1379 1328 1429 1381 τῶν
1438 1327 1513 1386 νεῶν.
1528 1323 1563 1402 (ε)
1573 1327 1679 1404 Καρατ·

72 1417 196 1483 θνησκον.
239 1410 294 1471 Καὶ
317 1414 393 1470 τοῦτο
414 1410 513 1488 ίγίνετο
533 1408 625 1491 μέχρις
647 1412 721 1484 ἡλίου
743 1413 849 1490 δυσμῶν
903 1407 958 1475 ζέας
969 1409 996 1465 δὲ
1015 1408 1107 1475 δῑαῦίῑς
1119 1406 1167 1479 τλν
1178 1408 1275 1488 τάφρον
1285 1408 1332 1467 καί
1341 1410 1463 1489 γενναίως
1478 1412 1675 1489 ἀγωνιζόμενος,

72 1499 123 1557 δύο
135 1498 152 1569 ἢ
166 1501 244 1579 τριῶν
259 1520 311 1557 που
322 1489 398 1579 ῶρῶν
411 1498 557 1574 διάστημα.
902 1494 957 1553 ἔσω
976 1500 1020 1554 τοῦ
1041 1494 1257 1578 παρερρηγμένον
1273 1496 1374 1577 τείχους
1395 1498 1512 1567 ἰύιάζετο
1526 1501 1675 1581 παρελθεῖν.

114 1585 173 1645 LV.
195 1583 310 1645 Ἔπειτα
329 1585 398 1662 μέγα
420 1582 518 1665 βοήσας
536 1588 550 1643 ὁ
569 1584 691 1663 βασιλεὺς
705 1587 781 1645 καλεῖ
791 1586 850 1654 τούς
905 1583 939 1663 (ε)
956 1587 992 1643 Οί
1005 1584 1033 1641 δί
1047 1582 1176 1658 Ῥωμαῖοι
1189 1584 1234 1643 καλ
1246 1586 1352 1651 τούτους
1366 1588 1479 1665 ἰσχυρῶς
1497 1587 1673 1666 ἀπεκρούοντο

73 1696 103 1733 τε
116 1672 342 1739 ύπασπιστδςκαί
360 1671 470 1740 ὁπλίτας
482 1672 528 1733 καί
546 1672 577 1731 τδ
597 1672 662 1732 ἀλλο
681 1673 789 1752 ἀγημα,
814 1676 849 1734 εί·
903 1672 948 1731 καί
971 1674 1134 1730 ἀπεωθοῦντο
1156 1672 1300 1751 λαμπρῶς,
1323 1672 1483 1751 ἀμυνόμενοί
1507 1698 1536 1733 τε
1556 1677 1678 1752 γενναίως

74 1760 143 1820 πών·
156 1787 170 1815 ι
180 1760 249 1837 Ὶτε,
260 1761 330 1842 φίλοι
340 1759 386 1819 καλ
395 1762 485 1829 παῖδες
495 1763 568 1837 ἐμοί·
577 1760 666 1841 καιρός
675 1763 744 1820 ἰστιν
756 1762 850 1842 ἀνδρας
905 1759 951 1818 καί
965 1762 1003 1838 τῷ
1021 1758 1130 1839 πολέμιρ
1146 1763 1395 1839 καθυπερτεροῦντες
1409 1763 1456 1819 καί
1477 1760 1567 1840 ἄνδρες
1585 1764 1678 1839 ἀγαθοί

74 1848 186 1928 ἀγαθούς
207 1852 276 1928 θμᾶς
298 1852 421 1929 φανῆναι.
436 1877 449 1903 ι
490 1852 525 1909 Οἰ
547 1850 569 1907 δ’
583 1848 655 1917 εῦθῦς
676 1848 723 1919 ξῦν
744 1854 793 1929 βοῇ
804 1852 849 1911 καλ
903 1846 1047 1926 γινόμενοι·
1057 1846 1130 1906 οὐδέν
1142 1846 1270 1925 γάρόλως
1280 1847 1371 1914 αὐτοῦς
1383 1849 1499 1921 ἠδυνήθη
1512 1849 1678 1931 παρατρέψαι

76 1939 224 2017 ἀλαλαγμῷ
234 1935 368 2016 φρικαλέῳ
378 1936 514 2003 διαόάντες
525 1937 573 2008 τήν
583 1936 680 2017 τάφρον
690 1936 849 2017 προσέμιξαν
904 1939 956 1993 τῶν
970 1932 1125 2011 γινομένων,
1141 1936 1170 1992 οῦ
1184 1934 1259 2011 λιμὸς
1278 1934 1452 2013 ἰπικείμενος,
1467 1938 1514 1995 οῦκ
1527 1938 1675 2016 ἀγρυπνία,

75 2028 114 2103 τῷ
129 2022 178 2091 ἔξω
192 2023 288 2103 τείχει·
299 2024 330 2081 τὸ
341 2022 369 2081 δὲ
382 2024 441 2082 ὁλον
455 2022 615 2104 κατέρριπτο
625 2032 684 2091 ταῖς
700 2033 848 2104 μηχαναῖς·
905 2028 934 2082 οδ
945 2024 1058 2099 πόλεμος
1073 2022 1183 2101 ξυνεχής
1202 2045 1231 2083 τε
1251 2022 1296 2082 καί
1310 2024 1469 2095 ἀδιάκοπος,
1487 2025 1517 2082 ού
1532 2024 1676 2105 τραύματα

73 2111 254 2190 σταυρώματα
263 2109 290 2169 δέ
301 2109 378 2185 μόνον
387 2102 455 2183 ἦσαν
464 2109 522 2169 ἀντί
531 2110 631 2189 τείχους
640 2112 719 2171 αὐτοῦ
730 2113 851 2189 μεγάλων
906 2109 952 2168 καί
973 2110 1073 2191 σφαγαὶ
1092 2110 1136 2169 καί
1151 2111 1257 2170 θάνατοι
1273 2114 1326 2170 τῶν
1346 2111 1447 2171 οἰκείων
1471 2112 1521 2191 πρδ
1537 2114 1679 2192 ὀφθαλμῶν

76 2201 161 2258 δοκῶν
182 2198 228 2257 καί
248 2198 357 2279 φάκελοι
378 2198 522 2275 κλημάτων
546 2198 592 2257 καλ
617 2198 699 2271 ἀλλης
720 2198 784 2270 ῦλης
804 2199 850 2259 καὶ
910 2196 1050 2275 ὁρώμενοι,
1065 2201 1112 2258 οῦκ
1132 2198 1198 2257 ἄλλο
1212 2202 1263 2257 τῶν
1278 2199 1395 2281 φούερῶν
1413 2198 1471 2258 οὐδὲ
1487 2198 1534 2272 ἓν,
1556 2198 1625 2259 ώστε
1639 2202 1679 2259 ἐν·
1739 2244 1742 2253 τ

75 2289 203 2367 ἀμφορεῖς
216 2286 306 2361 μεστοί
315 2290 373 2365 γῆς.
421 2286 455 2366 (τ)
467 2286 599 2347 Ἐνταῦθα
616 2284 768 2355 ξυνέσταται
777 2289 851 2368 μάχη
909 2284 1000 2343 δοῦναί
1013 2306 1039 2341 τι
1052 2286 1097 2344 καὶ
1118 2291 1271 2366 καθυφεῖναι
1288 2290 1336 2356 τῆς
1355 2287 1466 2367 πρόσθεν
1481 2290 1563 2365 ὁρμῆς
1583 2311 1612 2346 τε
1632 2286 1678 2345 καὶ

77 2373 192 2451 καρτερά
217 2376 249 2431 ἰκ
276 2377 373 2454 χειρῶν
402 2373 567 2453 ἀγχεμάχοις
597 2376 699 2445 ὅπλοις,
721 2378 773 2433 τῶν
803 2375 850 2452 μὲν
906 2370 1041 2449 γνώμης,1Ι
1057 2372 1116 2432 ἀλλ’
1135 2374 1267 2451 ἐτήρησαν
1286 2374 1410 2451 γενναίως
1422 2374 1469 2445 τήν
1494 2372 1520 2443 έξ
1537 2376 1621 2453 ἀρχῆς
1638 2374 1678 2433 έν·

75 2463 191 2519 ὁπλιτῶν
205 2460 250 2519 καί
262 2462 435 2548 ῦπασπιστῶγ
451 2460 645 2540 ἀγωνιζομένων
660 2462 804 2539 βιάσασθαί
822 2486 850 2521 τε
906 2482 999 2519 στασιν
1012 2458 1056 2518 διά
1068 2460 1189 2538 πάντων,
1206 2462 1254 2528 έως
1266 2468 1282 2535 ἡ
1294 2461 1395 2543 πονηρά
1409 2460 1455 2521 καί
1470 2459 1599 2540 ἀγνώμων
1612 2463 1678 2542 τύχη

75 2547 135 2615 τοῦς
146 2549 365 2628 προμαχομένους
379 2548 425 2609 καί
442 2548 567 2621 ἰπιόῆναι
584 2554 630 2609 τοῦ
650 2549 850 2629 σταυρώματος,
906 2546 1042 2627 προύδωκε
1056 2549 1173 2616 τούτους.

76 2642 129 2698 τῶν
142 2637 169 2695 δί
180 2635 324 2712 Ῥωμαίων
338 2635 384 2696 καί
398 2636 509 2697 Ἰταλῶν
525 2636 683 2697 ἀπώσασθαί
703 2661 732 2696 τε
745 2637 850 2703 τούτους
946 2635 1032 2696 LVI!-
1051 2637 1200 2715 Μεχέμετις
1214 2636 1293 2715 γάρὸ
1313 2634 1449 2715 βασιλεῦς,
1462 2635 1552 2706 ἰπειδν]
1561 2635 1680 2713 τάςπρο-

78 2724 123 2783 καλ
136 2723 248 2805 φυλάξαι
266 2723 296 2783 τδ
310 2723 465 2803 σταύρωμα.
509 2723 565 2784 Καί
578 2746 641 2783 ποτε
654 2723 701 2800 μέν
714 2725 851 2784 ἰπέῦαενον
907 2722 1106 2800 όεῦλημέναςοί
1121 2724 1205 2793 τάξεις
1218 2724 1287 2803 έώρα
1303 2724 1402 2805 σφόδρα
1415 2728 1453 2804 τῷ
1471 2724 1580 2801 πολέμῳ
1597 2746 1680 2780 πεπο-

77 2816 123 2870 τοῦ
138 2810 240 2889 τείχους
255 2809 301 2869 καὶ
316 2816 361 2869 τοῦ
374 2811 562 2891 σταυρώματος
580 2813 604 2871 οἰ
616 2813 722 2872 ὁπλῖται
738 2814 853 2891 θρασέως
906 2809 1031 2883 νηκυίας,
1042 2808 1088 2869 καλ
1101 2810 1183 2888 μηδίν
1194 2810 1366 2891 περαινούσας
1381 2811 1396 2869 ὁ
1404 2835 1429 2869 τι
1444 2811 1489 2871 καὶ
1504 2812 1581 2887 λόγου
1594 2810 1681 2884 ἀξιον,

79 2923 108 2958 τε
121 2898 167 2959 καί
182 2897 225 2967 ξῦν
239 2899 325 2957 οῦδενί
344 2900 463 2979 λογισμῷ
486 2899 648 2978 βιαζόμενοι·
659 2899 722 2960 ποτέ
744 2900 771 2959 δί
786 2902 851 2961 dm-
906 2898 952 2955 καὶ
967 2896 1026 2964 τοῦς
1037 2896 1184 2975 Ῥωμαίους
1206 2899 1253 2959 καί
1265 2898 1383 2966 Ἰταλοὺς
1400 2900 1535 2977 εὐρώστως
1554 2922 1583 2957 τε
1602 2900 1680 2974 ἀγω-

77 2985 201 3065 κρούοντο
214 2987 326 3065 ἰσχυρῶς
337 2987 382 3044 καί
392 2984 755 3067 έλαύνοντο·καίὁβασιλείις
766 2987 853 3049 είπετο
907 2985 1054 3063 νιζομένοιις
1066 2988 1111 3047 καὶ
1128 2992 1166 3069 τῷ
1182 2986 1289 3067 πολέμῳ
1305 2989 1542 3059 πλεονεκτοῦντας,
1569 2986 1680 3044 ἰνταῦθα

77 3075 167 3140 αὐτοῖς
182 3072 371 3151 άγωνιζύμενύς
388 3096 418 3134 τε
431 3074 555 3152 γενναίως
574 3074 620 3134 καλ
640 3073 792 3153 παροξύνων
806 3077 853 3134 αὖ·
910 3075 941 3145 δι]
958 3074 1057 3155 σφόδρα
1073 3075 1258 3153 ἀγανακτήσας
1269 3074 1315 3134 καί
1327 3076 1414 3135 οὐκέτι
1426 3073 1560 3153 ἀνασχετά
1572 3072 1677 3151 ἡγησά-

79 3163 149 3228 τούς.
194 3165 228 3238 (ε)
244 3161 375 3221 Ἐνταῦθα
393 3162 493 3222 κελεύει
509 3162 555 3222 καί
581 3161 640 3230 τοῦς
661 3162 855 3243 μηχανοποιούς
912 3186 989 3239 μενος
1003 3152 1090 3237 εἰναι,Ι
1108 3163 1201 3223 αὐτίκα
1214 3162 1301 3229 πάσας
1319 3163 1412 3241 ἀπάγει
1427 3161 1473 3230 τάς
1487 3162 1586 3234 τάξεις,
1612 3160 1681 3228 ἀςές

78 3255 134 3328 πῦρ
144 3248 279 3307 ἰπιύαλεῖν
289 3250 347 3317 ταῖς
356 3253 539 3329 μηχαναῖς·αῖ
550 3250 577 3310 δδ
588 3254 741 3331 ἀναφθεῖσαι
752 3254 854 3332 ἀφῆκαν
910 3250 1017 3329 ὕστερον
1045 3240 1215 3329 ἰάαμιεύετο,
1244 3252 1337 3329 ἀνδρας
1364 3250 1551 3316 εὐοπλοτάτους
1576 3272 1604 3313 τε
1635 3250 1681 3307 καί

79 3338 140 3405 τοῦς
159 3338 243 3404 λίθους
262 3340 331 3397 κατά
351 3342 404 3397 τῶν
417 3339 629 3419 προμαχομένων
650 3340 696 3399 καί
714 3337 790 3419 φόνον
807 3341 855 3398 οῦκ
910 3338 1114 3416 εὐτολμοτάτους
1121 3340 1167 3399 καί
1176 3339 1395 3419 εὐθαρσεστάτους
1408 3340 1464 3415 άμα
1474 3337 1519 3398 καί
1532 3340 1583 3395 τῶν
1594 3336 1681 3395 ἄλλοιν

78 3426 167 3504 ὀλίγον
182 3425 209 3494 ίξ
227 3426 349 3505 ἑκατέρου
369 3427 464 3505 μέρους
483 3429 536 3485 τῶν
550 3428 754 3509 προστυχόντων
767 3429 856 3507 εἰργά-
910 3426 1034 3505 έμπειρέορ
1053 3425 1099 3485 καλ
1122 3426 1198 3507 ρώμη
1216 3427 1307 3507 πολλῷ
1328 3427 1502 3507 προέχοντας·
1518 3427 1542 3483 οί
1562 3424 1589 3481 δὲ
1613 3414 1680 3494 ἦσαν

78 3537 171 3576 σαντο.
215 3514 248 3592 (ε)
262 3514 355 3580 Οῦτως
378 3507 423 3574 οῦν
449 3515 586 3594 εὖρώστως
610 3538 638 3574 τε
662 3515 707 3574 καί
733 3514 856 3589 γενναίως
910 3513 941 3573 τὸ
965 3513 1152 3593 καθαρώτατον
1171 3520 1216 3573 τοῦ
1240 3519 1368 3592 στρατοῦ,
1387 3516 1492 3572 ὁπλῖται
1508 3512 1554 3571 καί
1576 3510 1680 3580 τοξόται

80 3602 280 3678 ἀγωνιζομένων
301 3602 455 3683 ἀμφοτέρων
469 3602 514 3662 καί
534 3602 712 3682 μαχομένων,
726 3601 757 3660 τὸ
776 3602 856 3662 πλέον
910 3601 955 3659 καὶ
976 3604 1129 3663 ἀκοντισταὶ
1143 3602 1188 3661 καί
1201 3606 1218 3671 ἡ
1232 3600 1293 3681 περί
1311 3600 1387 3660 αὐτόν
1399 3599 1470 3669 τάξις
1480 3603 1533 3658 τῶν
1547 3622 1576 3658 τε
1596 3602 1681 3657 ἄλλων

1 3745 2 3752 ,
81 3693 128 3758 τῆς
142 3687 232 3754 νυκτδς
246 3688 425 3767 παρελήλυθε·
441 3688 487 3748 καί
503 3688 630 3767 ἰκράτουν
648 3689 694 3748 καί
714 3690 806 3770 ἴσχυον
826 3692 856 3749 ού
911 3686 957 3744 καί
971 3691 1022 3746 τῶν
1036 3688 1203 3764 καλουμένων
1218 3678 1569 3770 ὃὴγενητξάρυν·οἶτμέγα
1582 3683 1682 3763 βοήσας

83 3774 355 3854 μικρῶςοίῬωμαῖοι
368 3776 414 3833 καί
426 3777 566 3842 Ἰουστῖνος
576 3777 642 3853 μετά
653 3781 706 3837 τῶν
719 3776 763 3845 ξῦν
774 3778 855 3857 αὐτῷ,
910 3773 957 3831 καί
989 3775 1251 3853 παρακελευσάμενος
1273 3773 1396 3853 ἀνδράσιν
1424 3778 1529 3851 ἀγαθοῖς
1559 3778 1602 3829 νῦν
1629 3772 1681 3844 ήδη

1 3893 2 3934 ;
81 3862 856 3947 κατέχοντέςτιάσφαλῶςτάσταύρωμακαίφνλάσσοντες,
910 3866 1036 3943 φανῆναι,
1052 3864 1139 3941 ἡγεῖτο
1152 3862 1199 3937 τὴν
1212 3864 1255 3921 ἰπὶ
1268 3862 1298 3922 τὸ
1318 3871 1402 3942 τεῖχος
1420 3866 1521 3943 πρῶτος
1535 3859 1611 3927 αύτδς
1628 3859 1683 3937 με’-

82 3950 128 4009 καί
143 3951 301 4028 ἀμυνόμενοι
315 3948 375 4018 τοῦς
391 3952 511 4018 ἀπιόντας
524 3950 659 4030 γενναίως.
702 3949 758 4012 Καὶ
773 3948 854 4030 ταύτγ,
911 3954 1015 4031 χριτῆς
1028 3951 1138 4033 τάφρου.
1181 3953 1214 4031 (κ)
1234 3955 1377 4013 Κάνταῦθα
1391 3949 1494 4023 δήτοῦς
1515 3950 1563 4028 μέν
1579 3948 1683 4018 τοξότας

83 4037 130 4113 μέν
143 4036 234 4105 ούτως.
913 4062 942 4096 τε
961 4037 1008 4097 καὶ
1026 4037 1200 4119 σφενδονήτας
1218 4039 1263 4098 καί
1283 4037 1341 4104 τοῦς
1354 4036 1485 4118 τούφακας
1496 4038 1603 4116 ἔχοντας
1616 4034 1683 4111 πόρ·

1 4161 3 4170 =
125 4124 197 4185 LVI.
221 4124 256 4186 Οἱ
272 4124 299 4185 δέ
322 4124 396 4185 ἀλλοι
412 4125 553 4205 στρατηγοί
567 4125 611 4185 καί
632 4124 765 4205 σατράπαι
786 4125 853 4203 μετά
914 4132 993 4207 ρωθεν
1017 4126 1173 4203 ἱσταμένους
1195 4126 1315 4187 ἐκέλευσε
1339 4126 1445 4205 βάλλειν
1476 4126 1502 4196 ίξ
1527 4124 1682 4205 ὑπερδεξίων

82 4216 135 4271 τῶν
150 4212 221 4272 ἰδίων
235 4212 348 4286 τάξεων,
366 4212 434 4272 ἀλλά
448 4213 481 4287 δι]
491 4214 536 4273 καί
552 4218 566 4272 ὁ
580 4216 632 4272 τῶν
647 4218 712 4274 νεῶν
727 4214 850 4292 ἡγεμὼν,
913 4212 973 4281 τοὺς
994 4215 1038 4273 έπί
1058 4221 1102 4275 τοῦ
1123 4215 1311 4295 σταυρώματος
1333 4215 1379 4273 καὶ
1400 4220 1445 4275 τοῦ
1467 4214 1683 4295 παρερρηγμένον

2 4309 3 4316 ’
82 4298 293 4380 προσύάλλοντες
311 4300 442 4360 καίαύτοί
458 4302 496 4382 τῷ
517 4300 597 4382 τείχει
610 4300 680 4360 κατά
693 4304 743 4380 γῆν
757 4324 786 4359 τε
809 4300 855 4360 καί
912 4302 1014 4381 τείχους
1042 4303 1259 4383 προμαχομένους
1280 4300 1348 4361 οῦτω
1370 4306 1472 4369 πυκνῶς
1498 4301 1566 4361 ὥστε
1587 4299 1684 4377 μηκέτι

2 4387 3 4390 “
79 4388 217 4447 θάλασσαν
236 4395 292 4453 ταῖς
309 4388 383 4448 ναυσὶ
402 4386 534 4468 έμάχοντο
556 4390 686 4468 ἰσχυρῶς,
703 4390 726 4447 οἱ
741 4388 789 4467 μέν
801 4396 853 4453 τοῖς
913 4392 1012 4457 ῖαυτοῖς
1034 4392 1072 4469 τῷ
1103 4390 1211 4471 πολέμῳ
1235 4391 1304 4470 ἔχειν
1327 4394 1489 4469 κεχρῆσθαι,
1514 4389 1580 4468 μηδὲ
1603 4390 1628 4454 ές
1650 4386 1683 4445 τά

80 4476 139 4535 ἀπὸ
157 4478 210 4534 τῶν
223 4475 333 4544 τοξοτῶν
353 4474 441 4555 βέλεσι
458 4476 504 4534 καί
526 4483 579 4542 τοῖς
594 4475 646 4535 ἀπὸ
659 4480 711 4535 τῶν
727 4478 855 4556 μηχανῶν
911 4475 961 4545 ἔξω
980 4476 1139 4557 προκύπτειν
1154 4480 1280 4539 δύνασθαι
1300 4482 1337 4559 τῷ
1351 4478 1445 4549 πλήθει
1464 4482 1517 4538 τῶν
1535 4476 1682 4559 ἀφιεμένων

2 4719 3 4744 ³
115 4712 440 4778 ιν,ςί.1ἰαῖίσχνονοθ
454 4711 553 4777 μιαρῶς]
572 4716 632 4764 Ηωο
652 4712 781 4764 adduntur
797 4714 822 4765 in
839 4713 957 4777 margine.
972 4715 1107 4766 Ρίιτεαίαεσ
1128 4730 1152 4781 p.
1168 4723 1222 4779 28¹,
1242 4722 1295 4767 lfi':
1316 4719 1362 4768 Καὶ
1381 4718 1451 4781 ὥραις
1472 4716 1513 4778 μὶν
1528 4715 1571 4763 δύο
1586 4716 1602 4771 ἡ
1619 4712 1683 4778 μάχη

2 4797 3 4818 ι
80 4785 202 4838 ἐνεστήκει
218 4789 333 4833 στενοῦσα
355 4785 395 4833 καί
414 4785 541 4846 φρτκαλέα,
552 4782 583 4843 ἦν
595 4785 621 4834 δι’
632 4801 683 4840 πως
699 4786 730 4834 τά
742 4791 790 4834 τῶν
804 4788 951 4848 Χριστιανῶν
965 4786 1153 4849 ἰπικρατίστερα.

116 4856 181 4904 ΙΝΙ.
194 4853 209 4917 §
223 4860 248 4907 3.
259 4854 383 4918 γενναίως]
395 4851 432 4903 sie
444 4866 514 4916 ωηο,
526 4855 666 4919 ῥωμαλαίεος
680 4854 735 4905 ουιί.
750 4856 762 4919 β
779 4882 807 4891 -
822 4855 951 4919 παρελθεῖν]
967 4859 1073 4921 παρεθεῖν
1086 4858 1141 4909 cod.
1158 4859 1169 4923 Ι]
1187 4885 1214 4894 -
1228 4858 1243 4923 §
1256 4862 1280 4909 4.
1296 4856 1419 4923 ἀρώμενοι]
1440 4856 1477 4905 sic
1494 4868 1560 4918 ungo,
1571 4853 1682 4916 κείμενοι.

42 4937 45 4944 ·
81 4928 142 4974 tut.
159 4926 197 4974 De
211 4938 239 4975 ro
254 4925 286 4975 εἰ.
301 4925 360 4974 Phr.
375 4936 400 4988 p·
416 4927 470 4981 281.
486 4928 513 4974 ¹8
527 4943 534 4974 ε
546 4926 594 4975 xa}
611 4926 657 4991 γάρ
672 4930 697 4975 αῖ
710 4926 878 4991 αλιμακοφόροι
893 4928 991 4991 τριήρεες
1006 4928 1049 4977 σῦν
1066 4934 1095 4993 τῇ
1112 4931 1200 4993 γεφύρᾳ
1216 4930 1331 4995 ἀπρακτοι
1350 4934 1398 4977 τῶν
1411 4932 1495 4990 τειχῶν
1510 4930 1558 4974 τῶν
1583 4924 1684 4988 ύδραέων

82 4995 288 5059 ἀπειρούσθησαν,
296 4998 338 5046 καί
347 4997 378 5046 τίι
387 5000 435 5045 τῶν
444 4996 515 5045 λίθων
525 4996 554 5046 ἐκ
562 5002 603 5056 τῆς
613 4997 703 5052 πόλεως
715 4998 827 5060 ἀφετήρια
839 4999 964 5054 πλείστους
980 5003 1027 5047 τῶν
1042 5000 1154 5050 ἰναντῖων
1163 5002 1293 5067 ’λγαρηνων
1303 5000 1442 5062 διέφθειραν,
1454 4998 1494 5047 καὶ
1508 4996 1584 5055 ἕκτης
1597 4996 1683 5060 χέρσου

80 5066 167 5125 μέρους
179 5068 209 5116 τῖι
225 5067 296 5129 θμειι
305 5068 360 5123 τοῦς
378 5067 496 5123 ἰνοιαῖονς
508 5067 549 5117 καί
569 5072 646 5132 χεῖρον
662 5069 823 5125 ἰδείιώσαντο.
838 5069 878 5119 (ἰῖ.
892 5067 1016 5119 Ρυουεείιιε
1026 5072 1050 5131 ⁴,
1061 5074 1173 5121 ⁹³⁹·972.

117 5138 192 5187 nvn.
211 5136 225 5199 §
240 5144 261 5186 2.
273 5138 356 5199 μηκέτι
371 5135 473 5199 ίαυτοῖς]
482 5136 518 5185 τέο
530 5148 630 5202 mmm
644 5156 669 5202 μ.
681 5139 777 5195 τούτους
788 5141 850 5189 text.
