3809 5859
408 328 659 389 MECHEMETIS
683 328 811 391 ANNUS
832 331 913 390 vm.
935 332 1016 393 6966
1039 330 1280 411 (4457·1458Ρ.
1304 330 1363 411 C..)

60 486 99 523 τε
120 464 252 533 ξυνθηκῶν
266 460 313 521 καὶ
328 462 478 541 διαλλαγῶν
492 460 538 521 καλ
551 460 674 529 ἐνδόσιως
684 466 733 534 τῆς
743 462 853 529 πόλεως.

63 552 129 611 Καὶ
143 554 158 609 δ
173 549 296 629 βασιλεύς
310 548 415 629 δέχεται
434 548 479 607 ἐπὶ
490 547 607 624 τούτοις,
620 548 665 607 καὶ
679 548 771 609 δίδωσι
782 552 854 631 αὐτῷ

61 638 165 698 πιστά.
208 637 240 719 (ε)
256 636 291 699 ‘0
311 636 339 697 δέ
354 634 463 706 ἐξελθών
478 641 592 697 ποιεῖται
613 636 738 710 ξυνθήκας
756 662 785 697 τε
808 640 863 699 καὶ.

61 729 188 794 σπονδάς
203 725 270 804 μετδι
289 731 335 785 τοῦ
356 726 485 806 βασιλέως
508 725 553 785 καλ
577 727 757 805 παραδίδωσιν
781 731 865 805 αὐτῶ·

63 817 124 889 τήν
137 840 166 876 τε
181 815 257 874 πολιν
271 818 316 873 καί
333 816 377 874 τὸν
393 813 586 895 Ἀκροκόρινθον
608 815 654 873 καὶ
675 814 735 884 τούς
756 819 853 895 Κοριν-

64 910 145 973 θίους
158 905 285 984 μένοντας
297 907 338 985 έφῗ
351 893 389 971 οἷς
403 902 494 982 ἔχουσι
507 908 559 970 σῶς
573 903 620 963 καὶ
630 908 720 963 κακῶν
734 905 851 978 ἀπαθεῖς,

66 994 158 1074 φόρου
181 994 209 1053 δέ
235 992 313 1068 μόνον
334 992 483 1060 ὑποτελεῖς,
507 991 598 1049 ἔπειτα
627 991 673 1051 καί
696 1002 784 1053 πᾶσαν
807 994 855 1063 τήν

66 1082 167 1160 χώραν
191 1080 416 1153 Πελοποννήσου,
439 1080 503 1151 όσην
527 1082 625 1150 ἐπῆλθε
653 1083 712 1154 μεθ’
732 1079 819 1138 όπλων
842 1084 856 1140 δ

69 1168 218 1248 βασιλεὺς,
234 1168 281 1226 καί
303 1169 393 1234 πολεις
411 1166 457 1226 καλ
470 1168 596 1248 φρούρια,
611 1168 661 1229 όσα
678 1167 855 1249 ἐχειρώσατο,

66 1266 120 1318 τοῦ
137 1259 266 1338 βασιλέως
281 1246 348 1315 εἶναι
362 1255 484 1328 κατήκοα
498 1248 544 1337 (ἦν
557 1255 585 1315 δέ
599 1280 629 1335 γε
643 1261 661 1328 ή
676 1258 752 1338 τρίτη
774 1265 854 1337 μοῖρα

69 1345 312 1424 Πελοποννήσου),
330 1344 378 1416 τὴν
400 1345 430 1405 δέ
452 1369 482 1423 γε
502 1348 598 1416 λοιπήν
611 1355 700 1405 πᾶσαν
719 1336 855 1406 εἶναιτῶν

71 1438 216 1494 δυναστῶν
235 1432 462 1510 δασμδνέτήσισν
484 1433 666 1515 ἀποφερόντων
689 1437 728 1515 τῷ
751 1437 856 1513 βασιλεῖ

70 1524 230 1602 νομίσματα
254 1521 388 1602 τρισχίλια
407 1527 530 1602 χρυσοῦ,
549 1521 618 1602 ἔχειν
641 1522 669 1581 δέ
691 1523 749 1598 μετ’
768 1525 854 1581 αύτῶν

70 1612 182 1693 εἰρήνην
209 1608 322 1687 βεόαίαν
348 1610 393 1669 καί
420 1610 508 1692 φιλίαν
530 1609 575 1669 τὸν
596 1610 707 1689 βασιλέα
727 1610 773 1669 καί
790 1610 857 1687 ξύμ-

76 1722 168 1777 μαχον
194 1688 261 1757 εῖναι
285 1696 331 1756 καί
351 1699 463 1777 βοηθὸν,
478 1697 512 1769 ήν
533 1721 572 1765 τις
592 1699 680 1766 αὐτοῖς
698 1702 755 1776 μεθ’
769 1696 857 1758 ὅπλων

75 1789 154 1857 ἐπίη.
496 1817 499 1822 ’

119 1875 199 1937 Vlll.
224 1874 332 1955 Πράξας
356 1875 384 1933 δέ
406 1880 490 1934 ταῦτα
509 1875 577 1952 μετά
598 1881 644 1935 τοῦ
661 1875 789 1955 βασιλέως
811 1875 857 1935 καλ

71 1960 231 2043 ξυνθέμενος
256 1967 271 2022 δ
297 1962 408 2036 Ἀσάνης
431 1964 563 2023 ἐπάνεισιν
585 1967 610 2031 ἐς
633 1964 692 2031 τοὺς
717 1964 857 2037 δεσπότας,

73 2051 255 2128 ἀπαγγέλλων
271 2051 358 2117 αύτοῖς
372 2051 405 2109 τά
420 2051 595 2130 πεπραγμένα
609 2056 634 2112 σί
653 2052 699 2111 καὶ
720 2052 768 2123 τήν
790 2053 857 2128 μετά

73 2145 127 2198 τοῦ
139 2138 268 2217 βασιλέως
279 2138 396 2218 εἰρήνην.
418 2143 454 2199 Οί
468 2141 496 2197 δὲ
506 2139 626 2220 δέχονται
637 2139 684 2207 τὰς
699 2139 743 2199 ἐπὶ
755 2139 855 2208 τούτοις

72 2224 224 2303 διαλλαγάς
231 2226 334 2293 έκόντες
344 2228 456 2292 ἄκοντες·
464 2226 611 2307 βαρύτατον
618 2226 669 2307 γάρ
678 2227 760 2295 ἔδοξεν
769 2228 858 2294 αὐτοῖς

74 2314 127 2374 καί
142 2323 195 2381 τοῖς
210 2313 278 2380 όλοις
292 2312 443 2394 ἀξύμφορον
454 2318 483 2374 ού
494 2320 618 2374 τοσοῦτον
632 2317 665 2373 τά
682 2317 750 2375 ἀλλα
764 2314 855 2388 όοονὴ

75 2408 129 2475 τῆς
156 2400 283 2478 Κορίνθου
306 2402 422 2473 ἔκδυσις,
447 2402 549 2469 πόλεως
575 2401 744 2484 ἐχυρωτάτης
758 2425 787 2460 τε
811 2404 856 2462 καί
881 2404 886 2425 “

74 2490 159 2566 λόγου
174 2489 261 2559 ἀξίας,
277 2489 303 2545 ἐν
318 2488 446 2569 ἐπικαίρῳ)
460 2512 489 2547 τε
502 2494 547 2547 τοῦ
560 2490 664 2566 Ἰσθμοῦ
678 2489 800 2567 κειμένης
812 2490 857 2550 καί

75 2578 170 2657 ῶσπερ
183 2577 349 2656 ἀκρσπολεως
361 2576 440 2649 ούοης
454 2578 670 2651 Πελοποννήσου·
681 2576 752 2656 ὅμως
761 2601 791 2658 γε
803 2578 857 2656 μήν

76 2667 105 2727 τί
120 2668 167 2727 καί
181 2658 251 2745 εἶχον
266 2668 377 2745 δρᾶσαις

124 2754 175 2812 ΙΧ.
197 2754 324 2819 Βασιλεὺς
335 2755 364 2813 δέ
372 2752 420 2827 τήν
433 2753 558 2835 Κόρινθον
567 2753 731 2831 πορσλοιθὼν
740 2755 859 2835 φυλακήν

75 2866 107 2901 τε
123 2840 216 2913 ἱκανήν
229 2840 320 2919 ἐπάγει
332 2841 358 2909 ἔς
366 2841 559 2950 χῳτήνκάκραν
571 2842 616 2900 καί
631 2846 655 2909 ἐς
671 2842 753 2912 αὐτήν
765 2842 860 2923 ἄνδρας

76 2929 233 2995 ἐπιλέκτους
246 2951 429 3008 τετρακοσιους
440 2952 493 2988 των
507 2931 560 2987 ἀπὸ
570 2934 617 3000 τῆς
631 2930 697 2996 ἰδίας
711 2931 793 2998 αὐλῆς
806 2953 859 2988 νεο-

78 3018 227 3094 δαμωδῶν,
243 3017 289 3075 καί
303 3017 468 3098 φρούραρχον
492 3021 579 3084 αὐτοῖς
594 3016 729 3096 ἐφίστησιν
748 3016 793 3077 ἕνα
807 3022 859 3075 τῶν

76 3103 248 3164 πιστοτάτων
264 3107 354 3184 αύτῷ,
370 3106 415 3163 καί
430 3105 531 3175 σιτήσει
545 3106 591 3164 καὶ
604 3107 694 3171 ὅπλοις
707 3107 754 3164 καὶ
767 3128 859 3183 μηχα-

76 3201 137 3259 ναῖς
151 3192 198 3251 καί
211 3201 292 3251 πᾶσιν
302 3194 389 3258 σίλλοις
401 3192 565 3261 ἐπισκευάζει
578 3195 666 3262 καλῶς
678 3194 726 3260 τάς
736 3216 765 3252 τε
778 3193 859 3261 ἄλλας

78 3282 171 3347 πόλεις
181 3280 211 3347 ἃς
222 3279 322 3359 εἰλήφει
330 3324 338 3351 ,
347 3282 393 3347 τάς
407 3304 435 3338 τι
448 3282 474 3338 έν
488 3286 522 3360 τῇ
538 3282 661 3362 μεσογείῳ
673 3280 718 3341 καί
729 3278 859 3361 παραλία,

78 3370 126 3428 καὶ
147 3367 257 3449 φρούρια
282 3368 315 3427 τά
337 3368 449 3435 δόξαντα
473 3371 560 3435 καλῶς
585 3371 656 3449 ἐχειν
679 3372 751 3450 αύτῷ
772 3371 860 3430 πάντα

79 3457 249 3525 ἐπισκευάξει
273 3460 319 3515 καί
348 3456 488 3524 ἐξοπλίζει
502 3461 590 3524 καλῶς
616 3458 735 3537 φρουροῖς
759 3481 787 3516 τε
815 3459 860 3517 κα)

78 3542 261 3626 φρουράρχαις
286 3543 331 3603 καί
355 3544 420 3623 σίτῳ
445 3545 602 3612 καὶόπλοις
634 3546 679 3604 καί
702 3546 861 3624 βελεσικαέ

80 3642 149 3691 πᾶσι
163 3641 218 3699 τοῖς
232 3632 394 3709 ἀναγκαίοις.
438 3633 475 3711 (ε)
489 3631 567 3692 ”Em
593 3632 620 3691 δέ
634 3635 697 3700 Ιτῶν
717 3633 860 3712 φρουρίων,

81 3720 131 3779 όσα
149 3720 187 3797 μὴ
203 3720 286 3779 ἐδόκει
301 3718 387 3798 αύτῷ,
407 3721 588 3780 κατασκάπτει
614 3721 731 3793 τελείως,
743 3721 809 3789 τούς
833 3722 860 3781 δέ

81 3808 223 3888 οἰκήτορας
245 3808 343 3867 τούτων
352 3832 364 3878 ,·
384 3808 494 3885 ἀνδρας,
507 3808 592 3888 φημί,
610 3808 656 3867 καὶ
670 3810 794 3885 γυναῖκας
814 3811 860 3869 καλ

80 3898 195 3969 παῖδας,
218 3901 314 3961 ἀσινεῖς
337 3896 405 3962 όλως
427 3896 557 3971 ἐκπέμπει
581 3896 627 3955 καὶ
653 3896 744 3964 αὐτούς
765 3898 790 3963 ἐς
812 3898 859 3970 τήν

83 3984 299 4043 Κωνσταντίνου·
312 3984 379 4060 μετδι
401 3986 454 4042 τῶν
478 3985 580 4057 ἀλλων,
600 3984 778 4060 κατοικίζων,
791 3976 860 4065 ᾗπερ

81 4072 164 4150 ἔφην,
178 4080 267 4132 πᾶσαν
283 4070 330 4142 τήν
352 4072 402 4140 ἔξω
422 4072 512 4152 χώραν
531 4074 620 4146 αῦτῆς.
663 4072 698 4152 (ε)
715 4077 860 4147 Καταστη-

83 4162 197 4236 σάμενος
212 4162 240 4220 δέ
254 4164 342 4220 πάντα
356 4161 390 4220 τδι
404 4163 431 4219 ἐν
448 4162 642 4243 Πελοποννήσῳ
663 4163 749 4229 καλῶς
769 4186 797 4221 τε
816 4162 862 4225 καλ

45 4304 49 4311 .
81 4254 119 4311 ὡς
132 4242 166 4321 ήν
188 4252 258 4328 αὐτῷ
271 4248 341 4308 κατδι
355 4253 431 4326 νοῦν,
445 4250 584 4327 σατράπην
598 4274 626 4309 τε
640 4250 714 4329 πάσῃ
734 4255 767 4331 τῇ
783 4252 862 4309 αὐτοῦ

83 4335 161 4415 χώρα
176 4336 219 4394 τόν
241 4335 359 4416 Ἀμάρην
373 4334 543 4413 καταλιπών,
557 4336 700 4397 ἀπολύεται
717 4338 766 4409 τήν
780 4361 862 4417 στρα-

85 4424 159 4496 ειδιν,
172 4424 257 4485 πολλὰ
270 4426 396 4504 πρότερον
410 4425 550 4493 ἐπαινέτας
569 4449 598 4484 τε
616 4424 711 4494 αύτούς
723 4427 768 4485 καί
781 4427 851 4505 δωρη

1630 336 1687 395 125

911 464 1025 541 σάμενος
1040 463 1086 523 καὶ
1104 462 1219 538 τιμήσας
1236 461 1295 530 τούς
1315 460 1427 543 ἀγαθούς
1445 460 1576 539 ἐπιδόσεσί
1598 485 1625 521 τε
1644 463 1700 523 καλ·

911 550 1044 631 ἀξιώμασι
1057 553 1102 612 καί
1116 554 1210 633 ἀρχαῖς
1223 550 1268 609 καί
1280 554 1387 618 πολλοῖς
1401 551 1507 619 ἀλλοις·
1522 550 1556 632 (4)
1571 550 1648 620 αύτδς
1661 552 1690 610 δέ

911 639 977 718 άρας
1000 642 1030 699 ἐκ
1057 639 1197 719 Κορίνθου,
1221 638 1385 722 φθινοπώρου
1408 640 1555 719 ἀρχομένου
1578 639 1616 717 (τό
1638 639 1690 719 γάρ

912 727 982 808 θέρος
995 727 1047 801 ήδη
1063 728 1269 809 τετελευτήκει),
1280 728 1347 807 μετά
1361 752 1390 787 τε
1405 733 1452 803 τῆς
1466 728 1533 796 ἰδίας
1547 731 1630 799 αὐλῆς
1643 728 1691 787 καί
1724 787 1728 800 ,

910 840 987 877 τινων
1001 820 1052 876 τῶν
1067 819 1094 875 ἐν
1106 818 1192 890 τελει,
1204 816 1282 885 ἔξεισι
1294 821 1338 876 τοῦ
1353 815 1477 893 Ἰσθμοῦ,
1487 817 1531 876 καί
1542 820 1696 897 ἀφικνεῖται,

911 904 955 963 διά
970 908 1022 964 τῶν
1036 905 1168 985 Μεγάρων
1189 908 1214 973 ἐς
1227 904 1274 973 τάς
1289 904 1406 977 Ἀθήνας.
1449 904 1484 985 (5)
1500 907 1615 987 Κατεῒχε
1638 905 1695 985 γάρ·

913 992 992 1052 αὐτόν
1007 992 1071 1072 ἔρως
1085 992 1195 1073 σφοδρός
1209 996 1297 1065 τῆςτε
1310 996 1410 1063 πόλεως
1426 993 1525 1066 ταύτης
1539 992 1649 1053 καὶτῶν
1663 996 1690 1052 ἐν

913 1081 980 1160 αύτῇ
990 1079 1148 1157 θεαμάτων,
1161 1079 1199 1139 ὅτι
1217 1082 1314 1153 ήκουσε
1336 1080 1421 1141 πολλὰ
1436 1081 1480 1140 καὶ
1495 1081 1565 1140 καλδι
1582 1080 1644 1160 περί
1659 1103 1689 1139 τε

911 1172 959 1239 τῆς
973 1167 1065 1249 σοφίας
1076 1168 1121 1227 καί
1137 1168 1285 1248 φρονήσεως
1299 1171 1352 1227 τῶν
1365 1173 1476 1229 ἐνταῦθα
1493 1171 1688 1250 προγεγονότων

912 1254 1074 1333 ἀνδρῶνκαὶ
1093 1260 1139 1327 τῆς
1159 1256 1239 1329 άλλης
1254 1256 1374 1335 ἀνδρείας
1390 1256 1436 1317 καί
1459 1259 1554 1335 ἀρετῆς
1572 1256 1618 1317 καὶ
1638 1260 1689 1316 τῶν

911 1345 1017 1403 πολλῶν
1031 1344 1076 1403 καὶ
1089 1348 1247 1422 θαυμαστῶν
1262 1344 1360 1425 ἔργων,
1369 1338 1406 1405 ὧν
1421 1348 1448 1405 ἐν
1462 1354 1516 1413 τοῖς
1528 1350 1587 1405 κατ’
1598 1345 1691 1413 αύτοέις

911 1436 1013 1513 καιροῖς
1027 1432 1193 1501 ἐπεδείξαντο
1212 1432 1257 1492 καλ
1270 1434 1333 1512 πρὸς
1346 1433 1481 1506 Ἕλληνας
1493 1434 1613 1515 καὶπρὸς
1629 1439 1645 1512 β
1667 1458 1691 1513 ρ·

915 1520 1009 1601 6οίρους
1024 1523 1224 1599 ἀγωνιζόμενοι·
1235 1522 1280 1581 καί
1293 1522 1417 1597 ἐπεθύμει
1437 1524 1499 1581 ἰδεῖν
1514 1546 1542 1582 τε
1558 1523 1604 1581 καὶ
1620 1526 1692 1582 ἱστο-

917 1614 995 1691 ρῆσαι
1007 1609 1055 1681 τήν
1069 1633 1098 1669 τε
1114 1609 1190 1668 πόλιν
1206 1610 1253 1669 καὶ
1273 1607 1318 1675 τδις
1336 1610 1417 1678 ἔλλας
1436 1611 1534 1685 ταύτης
1553 1610 1691 1689 οέκοδομδις

917 1696 963 1756 καί
977 1695 1009 1766 δή
1031 1696 1076 1755 καὶ
1090 1696 1138 1767 τλν
1156 1697 1299 1775 ἀκρόπολιν
1313 1695 1395 1767 αὐτήν
1411 1698 1475 1764 ’τούς
1489 1721 1517 1755 τε
1539 1696 1647 1765 τόπους,
1664 1700 1693 1757 ἐν

915 1776 953 1850 οἷς
964 1786 988 1843 οί
1001 1783 1091 1864 ἀνδρες
1103 1785 1195 1843 ἐκεῖνοι
1208 1784 1389 1845 ἐπολιτεύοντο
1399 1785 1444 1843 καί
1456 1790 1539 1844 ταῦτα
1550 1786 1691 1865 ἔπραττον,

913 1870 959 1929 κα)
973 1869 1021 1941 τήν
1036 1871 1119 1943 ἀλλην
1134 1880 1225 1930 πᾶσαν
1244 1872 1312 1931 θέσιν
1327 1876 1375 1943 τῆς
1390 1872 1481 1953 χώρας
1495 1896 1523 1931 τε
1539 1873 1584 1931 καὶ
1608 1874 1693 1932 κατά-

913 1982 1006 2020 στασιν
1021 1962 1068 2030 τῆς
1082 1983 1110 2019 τε
1126 1960 1186 2019 κατ’
1201 1960 1283 2035 αὐτήν
1298 1960 1432 2032 θαλάσσης
1446 1960 1492 2019 καί
1506 1966 1559 2021 τῶν
1578 1960 1692 2037 λιμένων

913 2049 959 2109 καὶ
971 2048 1031 2127 περλ
1043 2048 1149 2110 πάντων
1162 2050 1260 2117 ἅπλῶς.
1303 2050 1338 2129 (ε)
1354 2050 1409 2110 Καὶ
1426 2040 1478 2109 εἶδε
1487 2076 1488 2080 ’
1498 2050 1544 2110 καί
1558 2049 1691 2127 ἐθαύμασε

913 2135 1092 2215 καλέπήνεσε,
1105 2137 1149 2195 καὶ
1160 2136 1278 2211 μάλιστά
1285 2162 1315 2216 γε
1328 2138 1360 2209 δή
1372 2137 1420 2209 τήν
1433 2139 1584 2219 ἀκρόπολιν,
1591 2138 1692 2207 ἀναῦάς

912 2229 938 2291 ἐς
951 2226 1054 2297 αύτήν,
1071 2224 1124 2283 ἀπό
1135 2248 1164 2284 τε
1175 2226 1227 2283 τῶν
1242 2225 1363 2304 ἐρειπίων
1375 2225 1421 2285 καί
1435 2230 1486 2285 τῶν
1507 2225 1637 2305 λειψάνων
1658 2231 1693 2294 ὡς

912 2313 990 2393 σοφός
1004 2336 1032 2370 τε
1049 2311 1095 2371 καί
1108 2313 1232 2392 φιλέλλην
1247 2313 1293 2371 καί
1308 2314 1391 2391 μέγας
1400 2313 1531 2393 Ιβασιλεὺς
1545 2314 1578 2373 τέ
1592 2316 1691 2395 ἀρχαῖα

916 2402 963 2460 καί
977 2401 1055 2480 άρτια
1073 2402 1264 2481 στοχαζόμενός
1280 2424 1308 2460 τε
1323 2402 1371 2461 καί
1385 2403 1600 2483 τεκμαιρόμενος.
1624 2402 1693 2471 Τοθς

915 2487 944 2547 δέ
957 2511 987 2565 γε
1003 2488 1140 2568 οἰκήτορας
1154 2487 1267 2560 ταύτης,
1282 2490 1350 2547 αἰδοῖ
1367 2492 1419 2548 τῶν
1442 2490 1576 2568 προγόνων
1600 2492 1692 2571 φιλαν-

914 2575 1025 2655 θρώπως
1048 2598 1077 2634 τε
1104 2567 1155 2635 εἶδε
1183 2575 1229 2635 καὶ
1255 2576 1406 2657 ἐδωρήσατο
1435 2576 1620 2657 πολυτρόπως,
1646 2578 1692 2638 καί

913 2664 1021 2723 πάντων
1031 2656 1068 2723 ών
1078 2662 1182 2742 ᾔτησαν
1193 2666 1285 2744 ἔτυχον
1299 2668 1363 2745 παρ’
1373 2666 1466 2728 αὐτοῦ.
1503 2665 1539 2745 (7)
1553 2664 1693 2745 Τίσσαρας

914 2751 942 2810 δέ
956 2751 1060 2832 ἡμέρας
1076 2754 1155 2811 αὐτοῦ
1171 2751 1320 2829 διαγαγὼν,
1336 2757 1369 2833 τῇ
1387 2752 1512 2833 ὑστεραίᾳ
1529 2756 1627 2813 ἐκεῖθεν
1646 2758 1691 2833 θρ·

914 2842 1007 2915 μηθεὶς
1021 2840 1063 2920 ᾔει
1080 2840 1122 2899 διά
1136 2863 1166 2899 τε
1180 2845 1227 2913 τῆς
1240 2840 1368 2907 Βοιωτίας
1382 2840 1428 2899 καὶ
1442 2840 1617 2913 Πλαταιίδος,
1629 2842 1695 2902 ἀπο·

915 2930 1021 2986 σκοπῶν
1034 2928 1134 2994 πάντας
1154 2952 1182 2986 τε
1196 2927 1255 2995 τούς
1269 2927 1441 3001 Ἑλληνικούς
1461 2928 1555 2995 τόπους
1572 2930 1616 2989 καί
1632 2932 1693 2988 ἀνε-

914 3020 1010 3094 ρευνῶν
1035 3015 1150 3096 ἀκριύῶς
1179 3014 1225 3074 καὶ
1256 3017 1447 3091 πυνθανόμενος
1482 3021 1542 3096 περὶ
1577 3018 1693 3078 πάντων,

915 3106 947 3182 (ο)
960 3104 1130 3183 Παροδεύσας
1140 3106 1163 3162 δ’
1171 3103 1319 3177 ἐξεπίτηδες
1333 3104 1378 3164 καί
1388 3106 1524 3183 γενόμενος
1534 3107 1693 3187 καταντικρύ

914 3197 962 3263 τῆς
981 3192 1120 3263 Εύόοίας,
1135 3197 1279 3253 κατεθεᾶτο
1299 3192 1347 3259 τάς
1366 3217 1395 3252 τε
1420 3192 1519 3274 συχνάς
1540 3194 1692 3275 παλιρροίας

915 3280 1040 3361 Εὐρίπου·
1049 3282 1095 3339 καὶ
1108 3281 1155 3347 τὰς
1169 3280 1320 3358 μεταύολδις
1333 3279 1381 3353 τήν
1403 3306 1431 3341 τε
1447 3282 1530 3354 ἀλλην
1544 3286 1590 3353 τῆς
1600 3329 1603 3335 .
1613 3281 1694 3353 νήσου

915 3362 985 3428 θέσιν
1004 3367 1092 3428 τεκαὶ
1114 3370 1278 3429 κατάστασιν
1294 3368 1340 3427 καλ
1357 3370 1389 3441 δή
1410 3369 1457 3429 καί
1470 3370 1578 3450 ἀρετήν,
1592 3371 1637 3451 καὶ
1658 3375 1693 3437 ὡς

915 3460 1057 3517 οἰκειοῦται
1080 3460 1113 3535 τῇ
1133 3455 1223 3538 χέρσῳ
1245 3457 1287 3515 διδ
1310 3462 1355 3517 τοῦ
1383 3457 1537 3517 στενοτάτου
1560 3460 1693 3537 πορθμοῦ,
1734 3500 1735 3503 ¹

916 3546 1017 3623 μᾶλλον
1033 3544 1058 3603 δέ
1075 3542 1110 3610 ὥς
1119 3548 1180 3603 ιἐστι
1193 3545 1351 3625 χερρόνησος
1362 3545 1482 3624 καθάπερ
1496 3550 1609 3625 ποταμῷ
1621 3545 1695 3625 μέσῳ

915 3633 1129 3713 τῶβραχυτάτῳ
1146 3631 1258 3711 ῥεύματι
1274 3632 1360 3712 τούτῳ
1374 3633 1539 3712 διειργομένη
1554 3634 1599 3691 καὶ
1616 3634 1695 3690 πάλιν

916 3722 1097 3797 ξυναπτομίνη
1111 3720 1221 3801 γεφύρᾳ.
1266 3722 1298 3799 (ν)
1318 3723 1355 3781 Οἱ
1369 3722 1396 3779 δέ
1415 3720 1521 3787 Εύόοεῖς
1538 3720 1585 3791 τήν
1599 3720 1695 3799 ἀθρόαν

916 3812 942 3877 ἐς
955 3810 1047 3877 αύτούς
1061 3808 1162 3869 ἔλουσεν
1174 3815 1219 3868 τοῦ
1236 3809 1364 3886 βασιλέως
1375 3809 1483 3884 ἰδόντες,
1494 3809 1523 3868 τδ
1534 3808 1581 3886 μέν
1592 3812 1694 3889 πρῶτον

917 3902 1020 3958 ἔδεισαν
1036 3898 1097 3976 περὶ
1113 3900 1229 3969 ἑαυτῶν,
1246 3896 1284 3974 μὴ
1303 3896 1355 3977 ἀρα
1373 3896 1459 3977 σφίσιν
1475 3897 1519 3956 ἐπὶ
1540 3901 1613 3977 κακῷ
1629 3896 1694 3969 αύτη

916 3989 975 4063 είη,
992 3986 1061 4063 μετδι
1077 3985 1105 4044 δέ
1117 3990 1193 4045 τοῦτο
1207 3986 1279 4064 δῶρα
1292 3984 1416 4045 πλείστου
1432 3986 1490 4055 ἀξια
1512 3989 1696 4063 ἑτοιμάσαντες

916 4080 954 4154 τῷ
987 4070 1091 4155 βασιλεῖ
1117 4072 1221 4143 ἐξῆλθον
1248 4076 1272 4141 ἐς
1301 4072 1451 4146 ξυνάντησιν
1474 4076 1554 4154 αὐτῷ.
1599 4072 1650 4134 Καί
1669 4074 1696 4140 θς

918 4164 1024 4243 δέχεται
1045 4162 1150 4229 τούτους
1169 4158 1275 4241 ἡμέρως
1297 4161 1343 4221 καλ
1362 4162 1481 4235 λαλήσας
1504 4162 1623 4243 εἰρηνικὰ
1638 4164 1696 4239 μετ’

919 4253 1005 4309 αὐτῶν
1030 4250 1138 4309 ἀπολύει
1167 4250 1258 4312 πάλιν.
1302 4252 1352 4331 (ιο)
1368 4252 1452 4318 Αὐτὸς
1473 4252 1500 4311 δέ
1516 4252 1580 4332 ἀρας
1600 4254 1696 4311 ἐκεῖθεν

918 4339 963 4397 καί
986 4337 1027 4396 ἀεὶ
1052 4339 1152 4415 σπουδῇ
1176 4338 1290 4399 ἐλαύνων
1313 4341 1356 4398 ἐπὶ
1382 4340 1416 4397 τά
1441 4339 1544 4418 πρόσω,
1561 4342 1696 4407 δεκαταῖος

919 4427 1066 4505 ἀφικνεῖται
1087 4428 1113 4493 ές
1136 4425 1225 4505 Φεράς
1247 4432 1293 4499 τῆς
1316 4427 1490 4495 Μακεδονίας.
1535 4427 1644 4507 Ὀλίγας
1668 4426 1694 4485 δέ

86 4603 250 4666 Καλσδρίτας,
260 4604 354 4665 Πάτρας
369 4603 410 4650 καὶ
424 4604 466 4661 τήν
482 4603 602 4665 περίοικον
620 4608 662 4661 τῆς
672 4602 767 4665 Ἀχαίας
780 4604 868 4665 χώρας.
887 4602 898 4666 ΙΙ
915 4630 942 4639 -
955 4602 970 4665 §
984 4608 1008 4653 8.
1024 4604 1196 4669 παραδίδωσιν]
1208 4603 1248 4655 die
1267 4609 1338 4655 sexlo
1359 4606 1464 4668 Augusli
1484 4618 1523 4653 nn.
1543 4607 1604 4653 6966
1624 4604 1695 4667 (4466

86 4684 114 4734 p.
127 4673 208 4735 θέοι),
220 4686 268 4723 sec.
281 4672 397 4722 Phrantz.
408 4685 433 4736 p.
445 4676 500 4733 387,
514 4677 550 4722 46.
566 4671 577 4737 1)
591 4700 619 4707 -
635 4674 773 4734 νομίσματα
784 4675 903 4736 τρισχίλια
916 4674 1062 4738 χρύσοῦ]εἰε
1073 4686 1129 4737 mgo
1139 4676 1298 4739 ,τρισχιλίους
1312 4676 1437 4739 χρυσίνους
1450 4678 1512 4724 text.

120 4746 188 4794 vm.
207 4742 323 4807 ἐπάνεισι]
339 4746 397 4793 ante
406 4742 557 4794 deditionem
571 4743 654 4803 urbis,
666 4756 716 4792 sec.
728 4743 844 4793 chalooc.
859 4744 870 4807 ΙΙ
885 4774 916 4786 -
930 4745 959 4794 ού
972 4751 1085 4796 τυσοῦτον
1097 4746 1127 4794 τά
1141 4746 1214 4806 ἄλλα,
1224 4746 1290 4810 ὅσον]
1300 4744 1357 4795 add.
1369 4758 1461 4807 margo.
1475 4744 1624 4807 θ-πόλεως
1634 4744 1692 4807 δχυ·

89 4814 193 4874 Ρωτᾶῐηε
245 4813 318 4871 οὔσης
332 4812 598 4877 Πε>.οποννήσου]’“ο66.
611 4826 703 4875 margo.

121 4887 162 4933 lx.
177 4884 193 4947 §
208 4889 229 4934 4.
244 4883 408 4948 φρουράρχοις]
418 4884 458 4933 sie
472 4885 548 4935 etiam
561 4889 585 4945 3,
600 4888 637 4944 44,
651 4888 664 4933 4
678 4886 704 4934 εί
718 4889 755 4943 15,
772 4888 799 4945 ¹3
814 4884 873 4935 alini
886 4886 1046 4951 φρουράρχοις.
1059 4887 1070 4949 Ι)
1085 4886 1140 4950 -§
1155 4892 1178 4937 3.
1190 4886 1300 4951 Ἆμάρην]
1310 4886 1402 4950 Ὀμάρη
1423 4881 1586 4933 Chalcocond.
1608 4896 1634 4946 p.
1652 4887 1698 4935 ⁴5²

92 4965 130 5014 sq.
144 4953 431 5006 Estonanuraehnnis
444 4954 518 5005 fflius.
534 4954 545 5018 u
561 4982 588 4991 -
598 4954 643 5017 §In
653 4954 712 5016 μετά
721 4954 794 5017 τε]·μ.
804 4971 832 5017 γε
841 4955 895 5006 ωδ.
911 4956 921 5021 [Ι
937 4983 965 4992 -
979 4957 1027 5021 §6.
1039 4960 1076 5007 De
1087 4971 1144 5020 rege
1158 4958 1268 5008 Athenas
1283 4952 1698 5007 visennentmonmnennurbisde·

90 5024 195 5075 mirante
213 5025 245 5074 ιθ.
258 5024 373 5075 Ghnlwc.
383 5038 408 5089 p.
420 5028 476 5086 450,
488 5031 518 5075 22
532 5028 559 5075 et
571 5030 627 5086 455,
642 5031 679 5085 15,
696 5024 740 5086 qui
757 5024 848 5075 ibidem
865 5032 949 5077 narrat
969 5028 1095 5079 interilum
1108 5029 1213 5079 ducatus
1227 5027 1395 5087 Atheniensis,
1413 5038 1488 5089 quem
1506 5022 1646 5075 critobulus
1668 5024 1699 5076 εἰς

92 5088 168 5144 lentio
180 5094 278 5161 pressit.
295 5095 306 5157 u
323 5122 351 5129 -
365 5096 406 5143 καὶ
420 5095 536 5165 φιλέλλην]
555 5094 877 5160 σι1ι4.·ιιιανςο.ῐ)-ᾶρτια]
896 5099 932 5148 sio
950 5112 1022 5161 mgo,
1035 5102 1179 5163 πρωτότυπα
1192 5103 1254 5150 text.
1268 5098 1279 5163 θ
1295 5126 1322 5134 -
1336 5098 1351 5161 §
1367 5094 1562 5147 κνισσάεσσα
1579 5097 1699 5161 Euripum

88 5163 192 5215 visentis
201 5165 314 5215 meminit
324 5164 411 5216 Victor
421 5164 521 5230 capella
533 5165 558 5216 in
571 5166 683 5215 oratione
694 5178 740 5215 sua
752 5178 797 5229 ap:
805 5167 919 5221 ch'nlcon
931 5182 956 5233 p.
972 5174 1027 5231 547,
1041 5175 1077 5222 15.
1092 5171 1102 5236 Ι)
1117 5199 1144 5209 -
1159 5170 1173 5235 §
1186 5174 1210 5219 9.
1224 5167 1324 5231 ἐλευσιν]
1336 5168 1372 5218 sic
1383 5177 1454 5233 tngo,
1468 5167 1549 5231 ἐριδιν
1560 5170 1620 5220 [ενι.
