3809 5859
174 351 177 357 ’
197 365 237 424 90
771 351 819 414 bE
840 349 1248 416 PsEUbo-BnRuESANE.

199 515 256 573 que
269 497 294 551 la
309 497 394 550 Terre
405 493 587 566 estpartagde
596 509 631 546 en
641 499 701 564 sept
709 489 832 563 parties,
843 489 975 564 appelees
1027 485 1152 566 σκοτία),
1160 489 1231 543 mais
1240 489 1261 542 il
1267 486 1512 561 existebeaucoup
1519 486 1691 543 deloisdans
1698 488 1813 562 chaque

198 587 319 654 climatis,
345 593 453 656 etque,
468 598 517 636 sur
541 597 587 635 ces
601 579 706 634 memes
719 579 832 653 parties,
848 577 889 634 les
912 588 976 652 sept
1028 579 1098 646 etat,
1110 577 1181 632 dans
1195 577 1305 651 chaque
1320 577 1449 648 contrite,
1466 575 1537 631 dans
1546 575 1657 649 chaque
1671 577 1812 650 province

197 684 284 730 astres
297 680 431 728 exercent
444 671 507 726 leur
518 665 669 738 influence,
682 667 793 722 chacun
803 684 840 721 en
848 667 975 739 partieu·
1029 676 1059 722 et
1070 665 1142 722 dans
1150 666 1262 740 chaque
1268 664 1440 733 habitation,
1454 665 1507 738 qui
1515 674 1581 720 sont
1591 662 1757 720 differentes
1772 665 1810 720 de

197 763 250 820 lier
259 779 308 818 sur
317 761 442 816 chacune
460 756 571 826 d’elles,
588 767 617 812 et
628 752 764 828 qu’enfin,
779 753 849 810 dans
865 755 977 810 chacun
1000 747 1004 811 ί
1029 755 1114 810 celles
1120 753 1157 810 de
1164 752 1239 810 leurs
1245 754 1454 810 voisins.Vous
1462 753 1674 827 vousrappelea
1683 771 1777 826 oeque
1784 753 1814 826 je

198 850 234 907 de
244 868 290 906 ces
299 849 404 904 memes
418 845 560 914 endroits,
570 845 597 900 la
608 843 686 899 force
702 843 738 899 de
749 840 911 900 l’influence
926 840 975 920 [de
1029 860 1101 898 vous
1113 844 1140 898 ai
1155 843 1208 914 dit,
1223 861 1291 917 que,
1304 842 1373 899 dans
1388 842 1415 897 le
1428 841 1522 898 meme
1534 842 1631 897 climat
1646 840 1697 897 des
1705 841 1811 913 Indes,

200 939 310 1012 chaque
320 933 407 1012 astre]
413 937 544 1009 privant,
552 931 651 989 etc'est
657 950 689 988 ce
697 933 746 1005 qui
752 941 791 988 est
800 932 973 1006 appeleLoi.
1000 929 1005 1051 φ
1029 931 1052 986 il
1063 932 1151 987 existe
1163 930 1404 1005 desbommesqui
1416 949 1453 986 ne
1464 941 1598 1006 mangent
1606 948 1659 1004 pas
1669 931 1698 985 la
1706 930 1812 986 viande

237 1026 262 1081 11
275 1043 322 1080 me
330 1024 479 1098 repliqua:
494 1023 583 1078 Sache
594 1018 725 1090 d'abord,
738 1018 890 1076 dmonfiis
907 1019 976 1074 Pbi-
1002 1066 1005 1095 ,
1030 1019 1229 1092 desanimsnx,
1240 1032 1269 1077 et
1275 1020 1455 1093 d‘autresqui
1465 1019 1562 1075 vivent
1569 1018 1692 1074 dechair
1698 1020 1812 1073 humai-

197 1113 290 1188 lippe!
305 1131 362 1186 que
376 1113 416 1167 les
434 1109 591 1170 Chaldeens
607 1120 658 1164 ont
672 1110 787 1164 invente
799 1110 859 1164 ceci
874 1125 911 1164 en
921 1125 977 1163 rue
1002 1103 1005 1142 ²
1030 1126 1079 1166 ne.
1094 1105 1131 1164 Je
1142 1127 1215 1164 vous
1224 1110 1252 1164 ai
1263 1108 1306 1165 dit
1319 1126 1425 1164 encore
1438 1108 1637 1163 relativement
1647 1125 1704 1162 aux
1715 1109 1812 1162 Perses

199 1201 236 1256 de
249 1211 386 1275 tromper,
398 1218 446 1255 oar
461 1199 530 1254 bien
542 1215 599 1272 que
617 1198 644 1252 la
654 1199 742 1252 Terre
754 1198 810 1252 soit
823 1196 927 1253 divisse
940 1214 977 1252 en
1003 1180 1006 1260 ί
1033 1207 1062 1252 et
1074 1215 1129 1252 aux
1140 1199 1248 1273 Meges,
1262 1215 1319 1271 que
1338 1215 1371 1253 ce
1381 1195 1456 1252 n'est
1464 1214 1516 1271 pas
1531 1196 1689 1252 seulement
1700 1195 1772 1252 dans
1787 1197 1814 1251 ie

197 1299 259 1364 sept
271 1289 387 1364 parties,
400 1289 420 1343 il
430 1289 517 1343 existe
528 1287 706 1356 neemias,
720 1285 790 1340 dans
800 1286 928 1341 chacune
941 1283 978 1340 de
1003 1266 1007 1363 ί
1033 1286 1131 1341 climat
1155 1286 1192 1342 de
1213 1286 1239 1342 la
1262 1287 1345 1342 Perse
1370 1303 1426 1359 que
1446 1285 1487 1342 les
1512 1286 1643 1341 hommes
1666 1295 1814 1359 prennent

198 1395 243 1432 ces
262 1379 382 1452 parties,
400 1377 552 1448 beaucoup
574 1374 611 1431 de
630 1375 685 1430 lois
712 1373 763 1448 qui
783 1373 917 1430 different
936 1373 978 1428 les
1033 1393 1147 1430 comme
1163 1376 1282 1449 dpouses
1299 1374 1376 1430 leurs
1395 1372 1467 1429 filies
1480 1384 1510 1430 et
1533 1375 1609 1428 leurs
1623 1391 1725 1443 soeurs,
1739 1375 1812 1428 mais

198 1483 269 1520 unes
284 1465 333 1521 des
344 1475 448 1522 autres.
463 1463 508 1522 En
522 1463 609 1532 effet,
624 1480 663 1517 on
674 1480 711 1518 ne
725 1473 826 1518 trouve
841 1479 893 1536 pas
906 1460 977 1517 dans
1004 1464 1008 1535 ἦ
1035 1464 1112 1519 aussi
1132 1481 1189 1538 que
1208 1463 1276 1519 dans
1291 1463 1402 1536 chaque
1420 1479 1492 1537 pays
1510 1464 1549 1518 ob
1564 1463 1598 1517 ils
1614 1472 1681 1519 sont
1694 1462 1810 1529 diablo,

198 1553 225 1609 le
241 1553 346 1609 monde
358 1564 420 1628 sept
433 1553 487 1608 lois
502 1552 580 1608 selon
592 1552 619 1607 le
636 1551 757 1606 nombre
773 1550 822 1607 des
834 1561 898 1627 sept
912 1551 978 1624 pla·
1032 1550 1067 1607 ils
1082 1562 1134 1607 ont
1145 1553 1264 1608 ohserve
1278 1552 1305 1607 ia
1319 1561 1453 1607 coutume
1466 1552 1502 1607 de
1512 1551 1589 1607 leurs
1603 1550 1686 1624 peres
1699 1561 1728 1606 et
1739 1551 1814 1606 snivi
1896 1589 1900 1594 .

197 1640 291 1716 netes,
311 1643 343 1696 ni
366 1641 457 1697 douae
476 1641 555 1696 selon
571 1640 598 1696 le
620 1639 741 1695 nombre
756 1638 804 1694 des
824 1640 916 1714 signes
937 1638 979 1694 du
1034 1640 1075 1695 les
1096 1641 1231 1714 mysteres
1246 1659 1304 1716 que
1324 1641 1438 1696 ceux-ci
1451 1640 1517 1696 leur
1534 1641 1649 1696 avaient
1669 1641 1813 1696 transmis.

199 1730 358 1805 Zodiaque‚
372 1731 403 1784 ni
419 1729 568 1785 trente-six
581 1730 661 1786 selon
677 1729 703 1784 le
716 1727 839 1783 nombre
858 1727 908 1782 des
921 1728 981 1782 De'·
1034 1728 1266 1785 Souvenenvous
1284 1730 1441 1804 &galement
1454 1728 1524 1802 qu'il
1542 1747 1561 1802 y
1577 1747 1593 1784 a
1607 1729 1759 1804 beaucoup
1778 1727 1815 1788 de

231 1857 266 1926 (1)
290 1861 337 1910 Les
354 1858 432 1910 douze
453 1859 535 1922 signes
555 1859 590 1909 du
609 1857 732 1920 zodisque
749 1857 842 1907 etaient
861 1855 975 1920 partages
1031 1857 1082 1909 iius
1093 1860 1248 1923 (Astronom
1262 1859 1307 1909 lib.
1318 1864 1344 1920 4,
1360 1873 1385 1909 ν.
1402 1864 1448 1910 298
1458 1857 1467 1922 )
1476 1871 1507 1908 en
1517 1859 1585 1922 parte
1601 1873 1633 1909 en
1645 1872 1687 1910 ces
1697 1862 1813 1910 termes:

196 1933 293 1982 chacun
304 1943 335 1980 en
346 1930 408 1980 trois
420 1930 521 1994 parties,
535 1929 642 1980 forment
659 1943 693 1978 nn
704 1928 766 1977 total
784 1927 816 1978 de
830 1927 976 1986 trente-six,

196 2001 303 2066 lesqueis
326 2013 354 2050 se
377 2000 518 2051 trouvaieut
540 2000 678 2051 subdivises
699 2001 858 2050 eux-memes
881 2011 911 2048 en
931 1997 976 2047 dix
1095 1995 1250 2057 Quapropter
1263 1992 1345 2054 Graiae
1356 1992 1439 2043 dixere
1454 1993 1561 2043 Decania
1575 1996 1677 2057 gentes?

195 2073 286 2137 parties
298 2070 410 2136 sppelees
428 2071 526 2122 decons
541 2089 550 2122 :
563 2092 576 2116 ι
593 2071 692 2134 singula
711 2070 779 2133 signa
790 2069 816 2118 in
830 2071 882 2118 tres
892 2069 977 2132 partes
1093 2069 1115 2116 Α
1126 2078 1230 2115 nomem
1240 2077 1330 2114 nomeu
1348 2063 1457 2127 positum
1470 2067 1517 2123 est.
1531 2064 1598 2127 quod
1609 2065 1722 2129 partibus
1734 2067 1804 2114 astra

195 2144 336 2194 dividuntur
357 2160 362 2190 :
381 2143 484 2206 singulo
500 2145 583 2192 autern
602 2145 685 2207 partes
702 2141 810 2204 singulos
824 2139 915 2190 habent
931 2138 975 2189 de-
1099 2136 1204 2186 condita
1216 2136 1317 2186 tricenis
1326 2135 1418 2198 triplici
1424 2135 1473 2186 sub
1484 2137 1552 2185 serie
1565 2135 1686 2196 iemntur,

195 2225 278 2274 canos,
290 2213 320 2262 nt
340 2212 429 2264 sintin
450 2213 551 2277 singulis
568 2212 644 2277 signis
664 2212 728 2262 terni
738 2211 833 2262 decani.
847 2231 859 2254 «ι
873 2209 977 2275 (Julius
1093 2210 1126 2258 nt
1136 2207 1250 2258 tribuunt
1263 2207 1339 2257 denos
1349 2206 1376 2255 in
1394 2219 1421 2257 se
1435 2205 1582 2256 coeuntibus
1596 2207 1680 2268 astris,

195 2283 324 2344 Firminus,
341 2283 377 2333 ad
389 2285 502 2336 Moneri.
516 2285 581 2334 Lali.
599 2287 712 2340 Astron,
730 2297 768 2346 με·
788 2280 843 2344 17.)
855 2281 972 2330 -Mani·
1093 2281 1172 2342 inque
1187 2278 1267 2328 vicem
1281 2277 1357 2328 ternis
1371 2276 1515 2326 habitantur
1527 2276 1622 2341 singuta
1633 2277 1716 2341 signis.

643 2546 776 2608 Eusebius,
792 2549 924 2610 Praeparet.
938 2546 1059 2610 evangel„
1074 2547 1123 2597 loc.
1134 2549 1188 2608 cit,
1203 2546 1218 2610 §
1232 2551 1360 2597 auat-22.

197 2662 322 2740 αὐτῷ.οί
337 2659 364 2719 δὲ
376 2660 536 2740 ἀστρονόμοι
550 2662 614 2743 φασί
624 2667 672 2734 τὴν
684 2667 733 2742 γῆν
746 2663 843 2738 ταθτην
860 2663 970 2744 μεμερί-
1027 2663 1096 2722 κατδι
1109 2662 1169 2731 τοὺς
1183 2663 1252 2723 ἑπτά
1265 2663 1388 2747 ἀστίρας,
1401 2665 1461 2724 οὐδὲ
1472 2663 1575 2724 δώδεκα
1589 2663 1659 2721 κατά
1673 2663 1706 2721 τά
1718 2663 1812 2736 ζώδια,

196 2754 257 2807 σθαι
269 2751 304 2815 είς
318 2749 384 2807 ἑπτά
396 2749 526 2825 κλίματα,
540 2751 586 2809 καί
603 2751 692 2830 ἄρχειν
709 2751 820 2811 ἑκάστω
839 2750 969 2827 κλίματος
1027 2752 1085 2810 οὐδὲ
1099 2751 1270 2833 τριακονταὲξ
1286 2754 1355 2813 κατὰ
1377 2752 1437 2820 τοὺς
1462 2752 1598 2824 δεκανοὺς,
1620 2752 1690 2811 ἀλλά
1711 2751 1811 2831 μυρίοι.

195 2835 241 2894 ἕνα
257 2840 308 2894 τῶν
335 2837 402 2895 ἑπτά
430 2839 557 2915 ἀστέρων·
579 2840 698 2905 καὶτοὺς
719 2838 856 2921 διαφόρους
877 2838 971 2916 νόμους
1031 2838 1213 2918 Μνημονεύειν
1234 2865 1265 2900 τε
1291 2840 1409 2921 ὀφείλετε
1424 2831 1461 2900 ὧν
1490 2844 1631 2921 προεῖπον,
1655 2839 1695 2899 ὅτι
1719 2840 1766 2898 καί
1784 2842 1811 2898 ἐν

197 2922 235 3002 μὴ
250 2922 310 2992 τοθς
326 2924 477 3005 ἀνθρώπως
490 2927 634 2986 τεθεικέναι
654 2928 763 3000 ἑαυτοῖς,
779 2928 837 2988 ἀλλ’
859 2929 970 2987 ἑκάστου
1029 2929 1068 2986 ἑνί
1080 2929 1191 3007 κλίματι
1205 2929 1251 2989 καὶ
1266 2931 1293 2988 ἐν
1308 2941 1357 3008 μιᾷ
1371 2930 1447 3012 χώρα
1462 2934 1514 2990 τῶν
1527 2931 1616 2991 Ἰνδῶν
1630 2928 1694 2988 είσὶν
1706 2931 1811 3008 ἀνθρω-

165 3055 170 3067 .
197 3013 322 3092 ἄρχοντος
336 3014 486 3082 πλεονάζειν
510 3015 540 3073 τὸ
555 3015 659 3091 θέλημα
675 3017 702 3074 ἀν
720 3020 753 3094 τῇ
768 3018 822 3098 ίδίιρ
838 3017 931 3096 χώρα,
942 3015 971 3075 δν
1026 3016 1140 3097 ποφάγοι
1153 3017 1242 3087 Ἰνδοί,
1260 3017 1305 3077 καί
1316 3018 1380 3076 εἰσίν
1395 3021 1420 3078 οί
1437 3017 1564 3099 ἐμψάχων
1578 3016 1752 3097 ἀπεχόμενοι,
1763 3016 1811 3075 καὶ

194 3100 273 3179 νόμον
284 3101 449 3178 νενομίκασιν
467 3108 491 3162 οἱ
505 3105 690 3184 κρατούμενοι.
1026 3104 1067 3163 ὅτι
1089 3107 1114 3163 oi
1128 3107 1296 3183 Μαγονσαῖοι
1312 3109 1360 3166 οθκ
1379 3109 1406 3165 ἐν
1422 3109 1536 3189 Περσίδι
1554 3106 1622 3185 μόνῃ
1637 3105 1684 3172 τὰς
1698 3104 1808 3182 θυγατέ-

233 3192 251 3266 S
277 3209 327 3250 αι.
357 3189 537 3270 Ἀπεκρίνατο·
567 3194 626 3251 Οὐκ
653 3191 753 3264 ἀληθὴς
782 3197 800 3266 ἡ
834 3191 970 3274 ἀπόκρισις
1028 3215 1076 3272 ρας
1089 3198 1231 3273 γαμοῦσιν,
1248 3194 1318 3253 ἀλλὰ
1340 3193 1386 3253 καὶ
1404 3195 1432 3254 ἐν
1445 3195 1525 3253 παντὶ
1539 3193 1621 3268 ἔθνει,
1637 3192 1703 3252 ὅπου
1722 3191 1754 3250 ἀν
1768 3194 1809 3251 οἷ-

195 3267 311 3351 sirmii)
331 3277 465 3338 Φίλιππε·
481 3281 504 3336 εί
518 3281 569 3360 γὰρ
584 3279 628 3338 καὶ
651 3280 774 3361 διῄρηται
790 3285 807 3352 ἡ
827 3280 968 3358 οἰκουμένη
1025 3280 1143 3354 κήσωσι,
1162 3279 1222 3349 robe
1238 3284 1291 3340 τῶν
1309 3281 1444 3363 προγόνων
1460 3282 1637 3364 φυλάσσοντες
1650 3280 1745 3359 νόμους
1761 3280 1809 3340 καλ

194 3367 229 3432 είς
243 3364 310 3446 με’ρη
323 3365 405 3439 ἑπτδι,
426 3367 485 3426 ἀλλ’
500 3359 545 3426 οθν
563 3391 593 3446 γε
609 3370 635 3425 ἒν
650 3377 699 3450 μιᾷ
713 3368 799 3448 μερίδι
812 3368 967 3449 εὑρίσκομεν
1023 3371 1076 3426 τῶν
1090 3369 1240 3448 μυστηρίου
1257 3371 1342 3430 αὐτῶν
1356 3371 1402 3438 τδις
1414 3371 1530 3438 τελετάς.

193 3453 292 3522 πολλάς
313 3453 438 3535 διαφοράς
459 3454 557 3534 νόμων·
583 3455 640 3515 οὐδὲ
661 3456 712 3538 γὰρ
736 3456 804 3516 ἑπτά
824 3456 898 3534 νόμοι
918 3456 969 3517 εἰσί
1064 3460 1081 3535 §
1109 3479 1159 3519 aa.
1187 3456 1326 3518 ’λλλάκαὶ
1348 3458 1435 3518 πολλθι
1459 3458 1583 3540 βάρθαρα
1608 3457 1669 3530 ἔθνη
1694 3457 1809 3517 κατελέ-

804 3592 909 3655 Reoogn.
924 3592 966 3641 Ps.
980 3591 1124 3653 Glem.‚1x‚
1140 3596 1183 3644 κο.

192 3705 325 3766 mathesis
343 3705 447 3760 eruditi
461 3718 544 3778 sunt,
558 3707 690 3764 Genesim
707 3710 737 3764 in
748 3721 854 3784 septem
874 3719 970 3784 partes
1023 3727 1080 3764 una
1090 3711 1207 3784 regione
1221 3710 1381 3766 invenimus
1393 3711 1496 3766 multas
1510 3709 1684 3767 differentias
1694 3709 1807 3784 legum3

193 3791 298 3860 dirimi,
315 3811 378 3866 quae
390 3795 431 3848 illi
446 3796 562 3851 climata
575 3798 729 3872 appellant,
739 3797 881 3854 dominari
896 3816 967 3852 vero
1024 3808 1052 3853 et
1072 3798 1138 3853 ideo
1151 3816 1245 3872 neque
1265 3809 1373 3874 septem
1390 3810 1457 3854 sunt
1473 3797 1631 3858 secundum
1647 3815 1803 3854 numerum

192 3879 347 3954 unicuique
358 3882 465 3937 climati
477 3902 565 3939 unam
577 3903 611 3940 ex
625 3897 734 3961 septem
747 3887 845 3956 stellis,
860 3895 888 3942 et
902 3887 969 3940 istas
1024 3888 1180 3963 stellarum,
1202 3905 1296 3961 neque
1309 3886 1463 3944 duodecim
1478 3887 1637 3944 secundum
1650 3905 1805 3943 numerum

193 3984 263 4040 quas
275 3971 457 4044 exposuimus
469 3971 591 4028 diversas
602 3975 677 4049 leges
684 3994 744 4030 non
756 3974 792 4031 ab
801 3975 968 4030 bominibus
1022 3975 1188 4050 signorum,
1206 3995 1300 4050 neque
1315 3977 1431 4052 triginta
1456 3987 1485 4032 et
1505 3995 1555 4032 sex
1568 3975 1727 4032 secundum
1751 3993 1807 4029 nu-

190 4056 312 4129 positas,
326 4056 377 4113 sed
390 4058 426 4114 ab
441 4059 500 4115 istis
513 4062 691 4137 principibus
705 4063 861 4119 secundum
872 4063 968 4118 unius·
1022 4082 1132 4119 merum
1150 4066 1342 4141 limenorum,
1357 4064 1406 4122 sed
1428 4077 1493 4122 sunt
1514 4067 1679 4121 innumera.

192 4141 328 4217 cujusque
347 4148 539 4218 voluntatem3
556 4159 583 4204 et
600 4151 656 4206 hoc
669 4151 750 4225 quod
768 4152 854 4207 stellae
874 4152 967 4207 visum
1064 4155 1386 4223 27.Meminisseautem
1395 4154 1641 4212 debemuseorum
1648 4170 1808 4229 quaesupra

191 4242 242 4302 est,
258 4233 350 4306 legem
360 4235 395 4289 ab
408 4236 572 4293 hominibus
586 4238 773 4294 observatam.
1022 4253 1184 4299 enumerata
1195 4248 1274 4312 sunt‚'
1282 4243 1362 4316 quod
1373 4244 1404 4299 in
1412 4263 1470 4300 una
1479 4242 1567 4299 Iridiae
1578 4243 1699 4320 regione
1705 4252 1808 4298 suntet

230 4319 276 4376 Ad
288 4320 349 4376 baec
366 4340 435 4397 ergo
447 4326 693 4398 respondebimus,
705 4326 785 4402 quod
796 4329 892 4402 primo
906 4329 966 4403 qui·
1024 4331 1074 4405 qui
1085 4331 1233 4386 hominum
1241 4332 1375 4387 carnibus
1381 4343 1541 4403 vescantur,
1550 4343 1578 4388 et
1584 4331 1708 4405 suntqui
1718 4332 1805 4386 eriam

191 4409 256 4480 depr
269 4428 328 4464 non
342 4421 383 4465 est
394 4413 424 4466 in
432 4424 536 4488 septem
549 4425 643 4489 partes
659 4416 736 4471 orbis
748 4427 829 4472 terrae
844 4417 964 4494 divisus,
1024 4435 1042 4474 a
1055 4419 1216 4493 pecudibus
1229 4421 1275 4475 vel
1288 4421 1391 4476 avibus
1409 4422 1600 4495 omnibusque
1610 4419 1805 4475 animantibus

191 4511 250 4554 tum
265 4497 368 4555 deinde
392 4510 419 4556 et
437 4501 461 4555 si
481 4503 526 4557 ita'
536 4513 623 4572 esset,
648 4506 680 4559 in
702 4523 761 4560 una
783 4517 865 4580 parte
888 4507 965 4562 etin
1019 4508 1179 4562 abstineant
1190 4519 1218 4563 et
1232 4510 1300 4582 quia
1314 4511 1448 4585 Magusaei
1458 4529 1519 4566 non
1533 4510 1627 4565 solum
1639 4509 1667 4562 in
1686 4507 1805 4564 Perside

777 4633 914 4699 cosanus,
929 4636 1095 4699 Qunstiones,
1110 4637 1159 4687 loc.
1169 4640 1215 4687 cit.

189 4737 313 4814 κειμένοιν
328 4741 456 4822 ἀστέρων,
470 4745 506 4810 είς
520 4743 589 4803 ἑπτά
601 4743 711 4823 λέγομεν
721 4743 838 4823 κλίματα
851 4746 897 4820 τὴν
912 4753 962 4828 γῆν
1024 4757 1074 4832 μιᾷ
1090 4749 1176 4831 μερίδι
1191 4750 1304 4818 πολλοὺς
1314 4748 1360 4809 καί
1370 4751 1508 4832 διαφόρους
1523 4750 1618 4828 νόμους
1627 4750 1802 4830 εὑρίσκομεν,

188 4825 358 4906 διαιρεῖσθαι,
369 4828 414 4888 καί
430 4830 558 4911 ἄρχεσθαι
570 4831 680 4893 ἕκαστον
692 4836 777 4911 κλίμα
787 4835 830 4918 ὑφ’
843 4836 899 4905 ἑνὸς
913 4841 968 4897 τῶν
1024 4840 1070 4897 καὶ
1084 4837 1144 4897 οὔτε
1157 4840 1227 4899 ἑπτά
1248 4839 1326 4916 μόνον
1338 4837 1408 4900 κατδι
1421 4839 1482 4909 τοὺς
1501 4841 1623 4921 ἀστέρας,
1645 4838 1705 4898 οὔτε
1720 4839 1760 4906 δίς
1770 4837 1799 4907 ἓξ

188 4913 321 4995 ἀστίρων,
343 4915 388 4975 καί
409 4917 472 4998 πρδς
491 4920 596 4979 ἐκείνων
613 4923 768 5000 συμπλοκάς
788 4923 897 5006 ἀγεσθιιι
920 4927 966 4986 καὶ
1023 4927 1092 4986 κατὰ
1120 4926 1179 4995 τοὺς
1202 4927 1362 5006 ζωδιακοθς,
1387 4930 1442 4990 οὐδ’
1471 4921 1505 4990 αθ
1528 4930 1609 4990 πάλιν
1631 4925 1805 5009 τριακονταὲξ

188 5003 372 5063 ἀποτελεῖσθαι
393 5005 453 5076 τοὺς
471 5009 641 5088 ἀρχομένους·
661 5009 725 5094 ὅπερ
738 5012 817 5092 νόμον
834 5017 902 5083 τινίς
919 5015 967 5088 τὴν
1023 5014 1092 5075 κατά
1105 5015 1165 5084 τοθς
1179 5015 1322 5096 δεκανοδς,
1339 5017 1409 5078 ἀλλά
1432 5017 1521 5097 μυρίοι
1536 5005 1747 5099 μνημονειίονται
1759 5014 1803 5074 νό-

187 5095 232 5150 το”υ’
245 5090 343 5172 ἄστρου
360 5095 490 5174 ἐνάργειαν
501 5097 631 5176 λέγουσιν.
1024 5127 1079 5183 μοι,
1094 5105 1178 5165 πάλαι
1188 5105 1357 5188 ἀμειφθάντες
1371 5107 1417 5167 καὶ
1428 5112 1473 5166 νῦν
1488 5107 1663 5188 ὑπάρχοντες.
1678 5107 1744 5172 Πῶς
1756 5103 1802 5174 δίς

242 5179 297 5241 Καὶ
310 5185 381 5258 πῶς,
395 5185 417 5243 εί
438 5187 559 5265 ἑπταχῶς
574 5187 713 5268 διαιρεῖται
736 5191 923 5270 ἠοίκουμίνη,
939 5195 967 5253 ίν
1024 5196 1051 5252 ἐν
1067 5198 1156 5277 ταύτῷ
1173 5193 1296 5274 τμήματι
1316 5195 1376 5264 τοὺς
1396 5195 1612 5278 ἀνθρωποάάρους
1634 5192 1732 5261 ’ίνδοθς
1756 5191 1803 5252 καὶ
