<?xml version="1.0" encoding="UTF-8"?>
<!DOCTYPE html PUBLIC "-//W3C//DTD XHTML 1.0 Transitional//EN"
    "http://www.w3.org/TR/xhtml1/DTD/xhtml1-transitional.dtd">
<html xmlns="http://www.w3.org/1999/xhtml" xml:lang="en" lang="en">
 <head>
  <title>
</title>
<meta http-equiv="Content-Type" content="text/html;charset=utf-8" />
  <meta name='ocr-system' content='tesseract 3.04.00' />
  <meta name='ocr-capabilities' content='ocr_page ocr_carea ocr_par ocr_line ocrx_word'/>
</head>
<body>
  <div class='ocr_page' id='page_1' title='image "./fragmentahistor01langgoog_0591.png"; bbox 0 0 3809 5859; ppageno 0'>
   <div class='ocr_carea' id='block_1_1' title="bbox 425 334 867 397">
    <p class='ocr_par' dir='ltr' id='par_1_1' title="bbox 425 334 867 397">
     <span class='ocr_line' id='line_1_1' title="bbox 425 334 867 397; baseline 0 -2"><span class='ocrx_word' id='word_1_1' title='bbox 425 334 678 397; x_wconf 83' lang='lat' dir='ltr'><strong>MECHEMETIS·</strong></span> <span class='ocrx_word' id='word_1_2' title='bbox 694 334 823 396; x_wconf 83' lang='lat' dir='ltr'>ANNUS</span> <span class='ocrx_word' id='word_1_3' title='bbox 844 336 867 395; x_wconf 89' lang='lat' dir='ltr'><strong>l.</strong></span> 
     </span>
    </p>
   </div>
   <div class='ocr_carea' id='block_1_2' title="bbox 70 460 872 2215">
    <p class='ocr_par' dir='ltr' id='par_1_2' title="bbox 70 460 872 2215">
     <span class='ocr_line' id='line_1_2' title="bbox 70 460 871 557; baseline -0.004 -27"><span class='ocrx_word' id='word_1_4' title='bbox 70 470 101 530; x_wconf 90' lang='grc' dir='ltr'>τό</span> <span class='ocrx_word' id='word_1_5' title='bbox 116 492 142 527; x_wconf 87' lang='grc' dir='ltr'>τε</span> <span class='ocrx_word' id='word_1_6' title='bbox 157 460 311 549; x_wconf 72' lang='grc' dir='ltr'>δραστήριον</span> <span class='ocrx_word' id='word_1_7' title='bbox 330 472 411 539; x_wconf 76' lang='grc' dir='ltr'>αὖτῆς</span> <span class='ocrx_word' id='word_1_8' title='bbox 434 462 479 528; x_wconf 84' lang='grc' dir='ltr'>καί</span> <span class='ocrx_word' id='word_1_9' title='bbox 502 469 543 538; x_wconf 81' lang='grc' dir='ltr'>ὀξύ</span> <span class='ocrx_word' id='word_1_10' title='bbox 563 470 623 547; x_wconf 81' lang='grc' dir='ltr'>περὶ</span> <span class='ocrx_word' id='word_1_11' title='bbox 637 469 741 545; x_wconf 84' lang='grc' dir='ltr'>πάντα,</span> <span class='ocrx_word' id='word_1_12' title='bbox 754 468 798 528; x_wconf 82' lang='grc' dir='ltr'>καί</span> <span class='ocrx_word' id='word_1_13' title='bbox 813 468 842 527; x_wconf 85' lang='grc' dir='ltr'>τδ</span> <span class='ocrx_word' id='word_1_14' title='bbox 868 496 871 557; x_wconf 70' lang='grc' dir='ltr'>γ</span> 
     </span>
     <span class='ocr_line' id='line_1_3' title="bbox 71 554 872 681; baseline -0.006 -63"><span class='ocrx_word' id='word_1_15' title='bbox 71 563 118 630; x_wconf 74' lang='grc' dir='ltr'>τῆς</span> <span class='ocrx_word' id='word_1_16' title='bbox 131 562 216 637; x_wconf 80' lang='grc' dir='ltr'>ψυχῆς</span> <span class='ocrx_word' id='word_1_17' title='bbox 236 556 303 635; x_wconf 73' lang='grc' dir='ltr'>ἄγαν</span> <span class='ocrx_word' id='word_1_18' title='bbox 325 556 433 635; x_wconf 84' lang='grc' dir='ltr'>άρχικδν</span> <span class='ocrx_word' id='word_1_19' title='bbox 453 555 499 614; x_wconf 83' lang='grc' dir='ltr'>καί</span> <span class='ocrx_word' id='word_1_20' title='bbox 521 556 670 633; x_wconf 61' lang='grc' dir='ltr'>βασιλικόν</span> <span class='ocrx_word' id='word_1_21' title='bbox 686 556 801 632; x_wconf 90' lang='grc' dir='ltr'>μάλιστα</span> <span class='ocrx_word' id='word_1_22' title='bbox 816 554 843 613; x_wconf 84' lang='grc' dir='ltr'>δδ</span> <span class='ocrx_word' id='word_1_23' title='bbox 868 558 872 681; x_wconf 77' lang='grc' dir='ltr'>’γ</span> 
     </span>
     <span class='ocr_line' id='line_1_4' title="bbox 71 642 872 754; baseline -0.006 -50"><span class='ocrx_word' id='word_1_24' title='bbox 71 645 135 725; x_wconf 80' lang='grc' dir='ltr'>πρὸς</span> <span class='ocrx_word' id='word_1_25' title='bbox 148 651 224 705; x_wconf 78' lang='grc' dir='ltr'>τοῦτο</span> <span class='ocrx_word' id='word_1_26' title='bbox 236 645 327 721; x_wconf 75' lang='grc' dir='ltr'>ἐνῆγον</span> <span class='ocrx_word' id='word_1_27' title='bbox 340 646 417 703; x_wconf 77' lang='grc' dir='ltr'>αὐτὸν</span> <span class='ocrx_word' id='word_1_28' title='bbox 431 643 449 716; x_wconf 82' lang='grc' dir='ltr'><strong>ἥ</strong></span> <span class='ocrx_word' id='word_1_29' title='bbox 463 666 491 701; x_wconf 93' lang='grc' dir='ltr'>τε</span> <span class='ocrx_word' id='word_1_30' title='bbox 511 643 588 723; x_wconf 87' lang='grc' dir='ltr'>σοφία</span> <span class='ocrx_word' id='word_1_31' title='bbox 602 643 647 702; x_wconf 81' lang='grc' dir='ltr'>καί</span> <span class='ocrx_word' id='word_1_32' title='bbox 661 643 690 702; x_wconf 89' lang='grc' dir='ltr'>τδ</span> <span class='ocrx_word' id='word_1_33' title='bbox 710 642 795 701; x_wconf 88' lang='grc' dir='ltr'>πάντα</span> <span class='ocrx_word' id='word_1_34' title='bbox 809 642 842 700; x_wconf 78' lang='grc' dir='ltr'>τά</span> <span class='ocrx_word' id='word_1_35' title='bbox 868 688 872 754; x_wconf 87' lang='grc'>,</span> 
     </span>
     <span class='ocr_line' id='line_1_5' title="bbox 70 729 844 810; baseline -0.006 -19"><span class='ocrx_word' id='word_1_36' title='bbox 70 737 122 791; x_wconf 88' lang='grc' dir='ltr'>τῶν</span> <span class='ocrx_word' id='word_1_37' title='bbox 141 734 262 791; x_wconf 89' lang='grc' dir='ltr'>παλαιῶν</span> <span class='ocrx_word' id='word_1_38' title='bbox 276 731 370 790; x_wconf 82' lang='grc' dir='ltr'>είδάναι</span> <span class='ocrx_word' id='word_1_39' title='bbox 381 734 481 797; x_wconf 88' lang='grc' dir='ltr'>καλῶς·</span> <span class='ocrx_word' id='word_1_40' title='bbox 495 730 595 804; x_wconf 81' lang='grc' dir='ltr'>ἤσκητο</span> <span class='ocrx_word' id='word_1_41' title='bbox 606 729 656 810; x_wconf 75' lang='grc' dir='ltr'>γάρ</span> <span class='ocrx_word' id='word_1_42' title='bbox 667 732 691 796; x_wconf 76' lang='lat' dir='ltr'><strong>o</strong></span> <span class='ocrx_word' id='word_1_43' title='bbox 706 729 784 806; x_wconf 85' lang='grc' dir='ltr'>άκρον</span> <span class='ocrx_word' id='word_1_44' title='bbox 796 738 844 787; x_wconf 80' lang='lat' dir='ltr'><strong>nit·</strong></span> 
     </span>
     <span class='ocr_line' id='line_1_6' title="bbox 71 816 843 900; baseline -0.005 -21"><span class='ocrx_word' id='word_1_45' title='bbox 71 842 120 879; x_wconf 88' lang='grc' dir='ltr'>σαν</span> <span class='ocrx_word' id='word_1_46' title='bbox 133 818 182 891; x_wconf 79' lang='grc' dir='ltr'>τὴν</span> <span class='ocrx_word' id='word_1_47' title='bbox 194 818 310 900; x_wconf 82' lang='grc' dir='ltr'>Ἆράύων</span> <span class='ocrx_word' id='word_1_48' title='bbox 319 818 365 878; x_wconf 85' lang='grc' dir='ltr'>καί</span> <span class='ocrx_word' id='word_1_49' title='bbox 375 821 486 899; x_wconf 87' lang='grc' dir='ltr'>Περσῶν</span> <span class='ocrx_word' id='word_1_50' title='bbox 495 818 541 877; x_wconf 86' lang='grc' dir='ltr'>καὶ</span> <span class='ocrx_word' id='word_1_51' title='bbox 551 818 600 891; x_wconf 86' lang='grc' dir='ltr'>όση</span> <span class='ocrx_word' id='word_1_52' title='bbox 609 823 661 876; x_wconf 89' lang='grc' dir='ltr'>τῶν</span> <span class='ocrx_word' id='word_1_53' title='bbox 672 816 807 887; x_wconf 80' lang='grc' dir='ltr'>Ἑλλήνων</span> <span class='ocrx_word' id='word_1_54' title='bbox 818 820 843 880; x_wconf 79' lang='grc' dir='ltr'>ἐς</span> 
     </span>
     <span class='ocr_line' id='line_1_7' title="bbox 70 903 841 989; baseline -0.004 -24"><span class='ocrx_word' id='word_1_55' title='bbox 70 906 118 978; x_wconf 80' lang='grc' dir='ltr'>τὴν</span> <span class='ocrx_word' id='word_1_56' title='bbox 133 906 250 989; x_wconf 74' lang='grc' dir='ltr'>’λράύων</span> <span class='ocrx_word' id='word_1_57' title='bbox 261 931 289 966; x_wconf 90' lang='grc' dir='ltr'>τε</span> <span class='ocrx_word' id='word_1_58' title='bbox 302 907 348 965; x_wconf 85' lang='grc' dir='ltr'>καί</span> <span class='ocrx_word' id='word_1_59' title='bbox 362 909 475 985; x_wconf 87' lang='grc' dir='ltr'>Περσῶν</span> <span class='ocrx_word' id='word_1_60' title='bbox 487 907 608 983; x_wconf 88' lang='grc' dir='ltr'>γλῶσσαν</span> <span class='ocrx_word' id='word_1_61' title='bbox 621 903 820 983; x_wconf 82' lang='grc' dir='ltr'>μεθηρμηνεύδη</span> <span class='ocrx_word' id='word_1_62' title='bbox 833 949 841 977; x_wconf 94' lang='grc'>,</span> 
     </span>
     <span class='ocr_line' id='line_1_8' title="bbox 70 992 844 1075; baseline -0.005 -22"><span class='ocrx_word' id='word_1_63' title='bbox 70 996 141 1073; x_wconf 82' lang='grc' dir='ltr'>λέγω</span> <span class='ocrx_word' id='word_1_64' title='bbox 156 996 188 1071; x_wconf 82' lang='grc' dir='ltr'>δὴ</span> <span class='ocrx_word' id='word_1_65' title='bbox 202 998 253 1056; x_wconf 86' lang='grc' dir='ltr'>τῶν</span> <span class='ocrx_word' id='word_1_66' title='bbox 268 993 321 1055; x_wconf 87' lang='grc' dir='ltr'>άπδ</span> <span class='ocrx_word' id='word_1_67' title='bbox 334 998 379 1055; x_wconf 79' lang='grc' dir='ltr'>τοῦ</span> <span class='ocrx_word' id='word_1_68' title='bbox 391 992 543 1075; x_wconf 74' lang='grc' dir='ltr'>Περιπάτου</span> <span class='ocrx_word' id='word_1_69' title='bbox 555 992 599 1052; x_wconf 86' lang='grc' dir='ltr'>καί</span> <span class='ocrx_word' id='word_1_70' title='bbox 610 997 658 1063; x_wconf 72' lang='grc' dir='ltr'>τῆς</span> <span class='ocrx_word' id='word_1_71' title='bbox 668 994 771 1065; x_wconf 76' lang='grc' dir='ltr'>Στοᾶς,</span> <span class='ocrx_word' id='word_1_72' title='bbox 782 1014 844 1051; x_wconf 88' lang='grc' dir='ltr'>παι-</span> 
     </span>
     <span class='ocr_line' id='line_1_9' title="bbox 72 1082 844 1166; baseline -0.006 -23"><span class='ocrx_word' id='word_1_73' title='bbox 72 1086 175 1152; x_wconf 85' lang='grc' dir='ltr'>δευταῖς</span> <span class='ocrx_word' id='word_1_74' title='bbox 198 1085 363 1166; x_wconf 84' lang='grc' dir='ltr'>χρησάμενος</span> <span class='ocrx_word' id='word_1_75' title='bbox 386 1082 504 1163; x_wconf 75' lang='grc' dir='ltr'>Ἆράδων</span> <span class='ocrx_word' id='word_1_76' title='bbox 526 1104 554 1141; x_wconf 89' lang='grc' dir='ltr'>τε</span> <span class='ocrx_word' id='word_1_77' title='bbox 583 1082 629 1140; x_wconf 85' lang='grc' dir='ltr'>καί</span> <span class='ocrx_word' id='word_1_78' title='bbox 653 1085 762 1161; x_wconf 88' lang='grc' dir='ltr'>Περσῶν</span> <span class='ocrx_word' id='word_1_79' title='bbox 790 1088 844 1147; x_wconf 86' lang='grc' dir='ltr'>τοῖς</span> 
     </span>
     <span class='ocr_line' id='line_1_10' title="bbox 72 1168 844 1253; baseline -0.008 -20"><span class='ocrx_word' id='word_1_80' title='bbox 72 1172 285 1238; x_wconf 76' lang='grc' dir='ltr'>σπουδαιοτάτοις</span> <span class='ocrx_word' id='word_1_81' title='bbox 300 1195 329 1232; x_wconf 87' lang='grc' dir='ltr'>τε</span> <span class='ocrx_word' id='word_1_82' title='bbox 342 1170 387 1231; x_wconf 88' lang='grc' dir='ltr'>καί</span> <span class='ocrx_word' id='word_1_83' title='bbox 402 1171 489 1253; x_wconf 85' lang='grc' dir='ltr'>σοφοῖς</span> <span class='ocrx_word' id='word_1_84' title='bbox 502 1169 537 1230; x_wconf 80' lang='grc' dir='ltr'>τδ</span> <span class='ocrx_word' id='word_1_85' title='bbox 549 1175 667 1229; x_wconf 78' lang='grc' dir='ltr'>τοιαῦτα.</span> <span class='ocrx_word' id='word_1_86' title='bbox 712 1169 744 1249; x_wconf 83' lang='lat' dir='ltr'>(a)</span> <span class='ocrx_word' id='word_1_87' title='bbox 765 1168 844 1230; x_wconf 82' lang='grc' dir='ltr'>Ούτω</span> 
     </span>
     <span class='ocr_line' id='line_1_11' title="bbox 72 1258 842 1339; baseline -0.009 -17"><span class='ocrx_word' id='word_1_88' title='bbox 72 1262 99 1322; x_wconf 79' lang='grc' dir='ltr'>δὲ</span> <span class='ocrx_word' id='word_1_89' title='bbox 114 1258 231 1338; x_wconf 80' lang='grc' dir='ltr'>γνώμης</span> <span class='ocrx_word' id='word_1_90' title='bbox 241 1260 308 1339; x_wconf 80' lang='grc' dir='ltr'>ἔχων</span> <span class='ocrx_word' id='word_1_91' title='bbox 323 1259 368 1319; x_wconf 81' lang='grc' dir='ltr'>καί</span> <span class='ocrx_word' id='word_1_92' title='bbox 391 1259 515 1326; x_wconf 81' lang='grc' dir='ltr'>τοιούτοις</span> <span class='ocrx_word' id='word_1_93' title='bbox 532 1258 668 1338; x_wconf 85' lang='grc' dir='ltr'>χρώμενος</span> <span class='ocrx_word' id='word_1_94' title='bbox 690 1260 842 1335; x_wconf 83' lang='grc' dir='ltr'>λογισμοῖς,</span> 
     </span>
     <span class='ocr_line' id='line_1_12' title="bbox 72 1345 844 1427; baseline -0.008 -18"><span class='ocrx_word' id='word_1_95' title='bbox 72 1350 195 1427; x_wconf 77' lang='grc' dir='ltr'>οὐδεμίαν</span> <span class='ocrx_word' id='word_1_96' title='bbox 211 1346 341 1419; x_wconf 75' lang='grc' dir='ltr'>άναύολὴν</span> <span class='ocrx_word' id='word_1_97' title='bbox 363 1348 401 1406; x_wconf 78' lang='grc' dir='ltr'>ἔτι</span> <span class='ocrx_word' id='word_1_98' title='bbox 421 1348 510 1406; x_wconf 89' lang='grc' dir='ltr'>δίδωσι</span> <span class='ocrx_word' id='word_1_99' title='bbox 529 1350 566 1426; x_wconf 82' lang='grc' dir='ltr'>τῷ</span> <span class='ocrx_word' id='word_1_100' title='bbox 584 1370 612 1405; x_wconf 87' lang='grc' dir='ltr'>τε</span> <span class='ocrx_word' id='word_1_101' title='bbox 631 1350 715 1427; x_wconf 77' lang='grc' dir='ltr'>καιρῷ</span> <span class='ocrx_word' id='word_1_102' title='bbox 731 1345 844 1413; x_wconf 74' lang='grc' dir='ltr'>καὶτοῖς</span> 
     </span>
     <span class='ocr_line' id='line_1_13' title="bbox 72 1429 844 1515; baseline -0.01 -20"><span class='ocrx_word' id='word_1_103' title='bbox 72 1434 243 1515; x_wconf 73' lang='grc' dir='ltr'>πράγμασιν,</span> <span class='ocrx_word' id='word_1_104' title='bbox 269 1434 326 1491; x_wconf 76' lang='grc' dir='ltr'>ἀλλ’</span> <span class='ocrx_word' id='word_1_105' title='bbox 343 1432 416 1499; x_wconf 67' lang='lat' dir='ltr'><strong>stol&lt;</strong></span> <span class='ocrx_word' id='word_1_106' title='bbox 436 1432 494 1499; x_wconf 76' lang='grc' dir='ltr'>δ’λος</span> <span class='ocrx_word' id='word_1_107' title='bbox 515 1432 613 1510; x_wconf 82' lang='grc' dir='ltr'>γίνεται</span> <span class='ocrx_word' id='word_1_108' title='bbox 636 1434 745 1492; x_wconf 84' lang='grc' dir='ltr'>τούτοιν.</span> <span class='ocrx_word' id='word_1_109' title='bbox 790 1429 844 1491; x_wconf 85' lang='grc' dir='ltr'>Καί</span> 
     </span>
     <span class='ocr_line' id='line_1_14' title="bbox 72 1518 844 1603; baseline -0.008 -23"><span class='ocrx_word' id='word_1_110' title='bbox 72 1526 165 1603; x_wconf 90' lang='grc' dir='ltr'>πρῶτα</span> <span class='ocrx_word' id='word_1_111' title='bbox 190 1520 238 1598; x_wconf 81' lang='grc' dir='ltr'>μίν</span> <span class='ocrx_word' id='word_1_112' title='bbox 260 1519 398 1580; x_wconf 77' lang='grc' dir='ltr'>σπένδεται</span> <span class='ocrx_word' id='word_1_113' title='bbox 411 1518 554 1596; x_wconf 83' lang='grc' dir='ltr'>Ῥωμαίοις</span> <span class='ocrx_word' id='word_1_114' title='bbox 574 1518 620 1578; x_wconf 82' lang='grc' dir='ltr'>καί</span> <span class='ocrx_word' id='word_1_115' title='bbox 643 1520 747 1598; x_wconf 82' lang='grc' dir='ltr'>βασιλεῖ</span> <span class='ocrx_word' id='word_1_116' title='bbox 761 1521 844 1579; x_wconf 87' lang='grc' dir='ltr'>Κων-</span> 
     </span>
     <span class='ocr_line' id='line_1_15' title="bbox 73 1607 844 1690; baseline -0.004 -21"><span class='ocrx_word' id='word_1_117' title='bbox 73 1610 217 1690; x_wconf 82' lang='grc' dir='ltr'>σταντίνιρ·</span> <span class='ocrx_word' id='word_1_118' title='bbox 231 1609 299 1687; x_wconf 80' lang='grc' dir='ltr'>μετὰ</span> <span class='ocrx_word' id='word_1_119' title='bbox 313 1608 341 1668; x_wconf 79' lang='grc' dir='ltr'>δὲ</span> <span class='ocrx_word' id='word_1_120' title='bbox 356 1609 490 1667; x_wconf 75' lang='grc' dir='ltr'>τοῦτοκαὶ</span> <span class='ocrx_word' id='word_1_121' title='bbox 506 1608 661 1689; x_wconf 86' lang='grc' dir='ltr'>Κοιραμάνῳ</span> <span class='ocrx_word' id='word_1_122' title='bbox 672 1611 710 1689; x_wconf 79' lang='grc' dir='ltr'>τῷ</span> <span class='ocrx_word' id='word_1_123' title='bbox 728 1610 773 1678; x_wconf 79' lang='grc' dir='ltr'>τῆς</span> <span class='ocrx_word' id='word_1_124' title='bbox 790 1607 844 1666; x_wconf 81' lang='grc' dir='ltr'>άνω</span> 
     </span>
     <span class='ocr_line' id='line_1_16' title="bbox 74 1695 843 1778; baseline -0.008 -19"><span class='ocrx_word' id='word_1_125' title='bbox 74 1697 194 1778; x_wconf 79' lang='grc' dir='ltr'>Φρυγίας</span> <span class='ocrx_word' id='word_1_126' title='bbox 206 1696 291 1756; x_wconf 78' lang='grc' dir='ltr'>τεκαὶ</span> <span class='ocrx_word' id='word_1_127' title='bbox 306 1696 429 1763; x_wconf 84' lang='grc' dir='ltr'>Κιλικίας</span> <span class='ocrx_word' id='word_1_128' title='bbox 448 1697 606 1777; x_wconf 80' lang='grc' dir='ltr'>ἐπάρχοντι,</span> <span class='ocrx_word' id='word_1_129' title='bbox 621 1695 645 1762; x_wconf 85' lang='grc' dir='ltr'>ἔς</span> <span class='ocrx_word' id='word_1_130' title='bbox 663 1720 693 1775; x_wconf 88' lang='grc' dir='ltr'>γε</span> <span class='ocrx_word' id='word_1_131' title='bbox 712 1696 742 1753; x_wconf 85' lang='grc' dir='ltr'>τδ</span> <span class='ocrx_word' id='word_1_132' title='bbox 760 1696 843 1777; x_wconf 81' lang='grc' dir='ltr'>παρὸν</span> 
     </span>
     <span class='ocr_line' id='line_1_17' title="bbox 72 1784 842 1865; baseline 0 -20"><span class='ocrx_word' id='word_1_133' title='bbox 72 1788 214 1845; x_wconf 80' lang='grc' dir='ltr'>λυσιτελεῖν</span> <span class='ocrx_word' id='word_1_134' title='bbox 235 1792 310 1845; x_wconf 79' lang='grc' dir='ltr'>τοῦτο</span> <span class='ocrx_word' id='word_1_135' title='bbox 327 1794 380 1853; x_wconf 86' lang='grc' dir='ltr'>τοῖς</span> <span class='ocrx_word' id='word_1_136' title='bbox 395 1788 475 1845; x_wconf 82' lang='grc' dir='ltr'>αύτοῦ</span> <span class='ocrx_word' id='word_1_137' title='bbox 495 1785 646 1865; x_wconf 85' lang='grc' dir='ltr'>πράγμασιν</span> <span class='ocrx_word' id='word_1_138' title='bbox 665 1784 842 1863; x_wconf 83' lang='grc' dir='ltr'>ἡγησάμενος.</span> 
     </span>
     <span class='ocr_line' id='line_1_18' title="bbox 74 1870 841 1953; baseline -0.004 -20"><span class='ocrx_word' id='word_1_139' title='bbox 74 1874 109 1952; x_wconf 77' lang='lat' dir='ltr'>(a)</span> <span class='ocrx_word' id='word_1_140' title='bbox 123 1870 237 1933; x_wconf 84' lang='grc' dir='ltr'>Ἔπειτα</span> <span class='ocrx_word' id='word_1_141' title='bbox 260 1875 285 1938; x_wconf 74' lang='grc' dir='ltr'>ἐς</span> <span class='ocrx_word' id='word_1_142' title='bbox 306 1871 421 1940; x_wconf 80' lang='grc' dir='ltr'>ίξίτασιν</span> <span class='ocrx_word' id='word_1_143' title='bbox 435 1872 590 1931; x_wconf 77' lang='grc' dir='ltr'>καθίσταται</span> <span class='ocrx_word' id='word_1_144' title='bbox 605 1876 652 1945; x_wconf 74' lang='grc' dir='ltr'>τῆς</span> <span class='ocrx_word' id='word_1_145' title='bbox 670 1871 732 1947; x_wconf 85' lang='grc' dir='ltr'>ὅλης</span> <span class='ocrx_word' id='word_1_146' title='bbox 744 1876 841 1953; x_wconf 76' lang='grc' dir='ltr'>ἀρχῆς,</span> 
     </span>
     <span class='ocr_line' id='line_1_19' title="bbox 71 1960 839 2041; baseline -0.003 -22"><span class='ocrx_word' id='word_1_147' title='bbox 71 1960 119 2026; x_wconf 86' lang='grc' dir='ltr'>τάς</span> <span class='ocrx_word' id='word_1_148' title='bbox 130 1964 226 2031; x_wconf 80' lang='grc' dir='ltr'>τετῶν</span> <span class='ocrx_word' id='word_1_149' title='bbox 245 1961 290 2017; x_wconf 78' lang='grc' dir='ltr'>ὑπ’</span> <span class='ocrx_word' id='word_1_150' title='bbox 305 1963 377 2038; x_wconf 83' lang='grc' dir='ltr'>αύτῷ</span> <span class='ocrx_word' id='word_1_151' title='bbox 394 1964 475 2037; x_wconf 85' lang='grc' dir='ltr'>γενῶν</span> <span class='ocrx_word' id='word_1_152' title='bbox 492 1960 654 2039; x_wconf 79' lang='grc' dir='ltr'>σατραπείας</span> <span class='ocrx_word' id='word_1_153' title='bbox 674 1963 839 2041; x_wconf 90' lang='grc' dir='ltr'>φιλονεικῶν,</span> 
     </span>
     <span class='ocr_line' id='line_1_20' title="bbox 73 2047 842 2127; baseline -0.001 -19"><span class='ocrx_word' id='word_1_154' title='bbox 73 2050 119 2108; x_wconf 84' lang='grc' dir='ltr'>καί</span> <span class='ocrx_word' id='word_1_155' title='bbox 130 2048 189 2117; x_wconf 83' lang='grc' dir='ltr'>τούς</span> <span class='ocrx_word' id='word_1_156' title='bbox 203 2050 250 2125; x_wconf 83' lang='grc' dir='ltr'>μὲν</span> <span class='ocrx_word' id='word_1_157' title='bbox 264 2047 409 2124; x_wconf 80' lang='grc' dir='ltr'>ίκύάλλων,</span> <span class='ocrx_word' id='word_1_158' title='bbox 424 2047 482 2115; x_wconf 81' lang='grc' dir='ltr'>τούς</span> <span class='ocrx_word' id='word_1_159' title='bbox 502 2048 528 2106; x_wconf 81' lang='grc' dir='ltr'>δὲ</span> <span class='ocrx_word' id='word_1_160' title='bbox 543 2048 703 2127; x_wconf 83' lang='grc' dir='ltr'>ἀντεισάγων</span> <span class='ocrx_word' id='word_1_161' title='bbox 722 2052 774 2107; x_wconf 91' lang='grc' dir='ltr'>τῶν</span> <span class='ocrx_word' id='word_1_162' title='bbox 791 2072 842 2107; x_wconf 89' lang='grc' dir='ltr'>σα-</span> 
     </span>
     <span class='ocr_line' id='line_1_21' title="bbox 73 2134 840 2215; baseline -0.004 -20"><span class='ocrx_word' id='word_1_163' title='bbox 73 2139 180 2213; x_wconf 89' lang='grc' dir='ltr'>τραπῶν</span> <span class='ocrx_word' id='word_1_164' title='bbox 191 2182 198 2209; x_wconf 97' lang='grc'>,</span> <span class='ocrx_word' id='word_1_165' title='bbox 210 2135 264 2195; x_wconf 82' lang='grc' dir='ltr'>ὅσοι</span> <span class='ocrx_word' id='word_1_166' title='bbox 275 2134 358 2215; x_wconf 81' lang='grc' dir='ltr'>τούτῳ</span> <span class='ocrx_word' id='word_1_167' title='bbox 372 2137 475 2195; x_wconf 75' lang='grc' dir='ltr'>ἐδόκουν</span> <span class='ocrx_word' id='word_1_168' title='bbox 489 2136 635 2215; x_wconf 77' lang='grc' dir='ltr'>στρατηγίᾳ</span> <span class='ocrx_word' id='word_1_169' title='bbox 646 2160 673 2194; x_wconf 89' lang='grc' dir='ltr'>τε</span> <span class='ocrx_word' id='word_1_170' title='bbox 684 2136 728 2194; x_wconf 87' lang='grc' dir='ltr'>καί</span> <span class='ocrx_word' id='word_1_171' title='bbox 743 2135 840 2205; x_wconf 81' lang='grc' dir='ltr'>ξυνίσιι</span> 
     </span>
    </p>
   </div>
   <div class='ocr_carea' id='block_1_3' title="bbox 890 296 1706 413">
    <p class='ocr_par' dir='ltr' id='par_1_3' title="bbox 890 296 1706 413">
     <span class='ocr_line' id='line_1_22' title="bbox 890 296 1706 413; baseline 0.007 -19"><span class='ocrx_word' id='word_1_172' title='bbox 890 334 969 395; x_wconf 79' lang='lat' dir='ltr'><strong>caso</strong></span> <span class='ocrx_word' id='word_1_173' title='bbox 992 334 1176 409; x_wconf 76' lang='lat' dir='ltr'><strong>(unorum</strong></span> <span class='ocrx_word' id='word_1_174' title='bbox 1203 335 1238 394; x_wconf 81' lang='grc' dir='ltr'>ν.</span> <span class='ocrx_word' id='word_1_175' title='bbox 1261 335 1318 413; x_wconf 75' lang='grc' dir='ltr'>σγ.</span> <span class='ocrx_word' id='word_1_176' title='bbox 1631 344 1669 400; x_wconf 80' lang='grc' dir='ltr'>σι</span> <span class='ocrx_word' id='word_1_177' title='bbox 1702 296 1706 304; x_wconf 59' lang='grc'><strong>’</strong></span> 
     </span>
    </p>
   </div>
   <div class='ocr_carea' id='block_1_4' title="bbox 886 465 1749 2221">
    <p class='ocr_par' dir='ltr' id='par_1_4' title="bbox 886 465 1749 2221">
     <span class='ocr_line' id='line_1_23' title="bbox 896 465 1673 549; baseline 0.008 -24"><span class='ocrx_word' id='word_1_178' title='bbox 896 465 1026 547; x_wconf 74' lang='grc' dir='ltr'>διαφέρειν</span> <span class='ocrx_word' id='word_1_179' title='bbox 1039 470 1092 525; x_wconf 88' lang='grc' dir='ltr'>τῶν</span> <span class='ocrx_word' id='word_1_180' title='bbox 1107 467 1193 527; x_wconf 69' lang='grc' dir='ltr'>ἄλλων</span> <span class='ocrx_word' id='word_1_181' title='bbox 1206 468 1253 528; x_wconf 81' lang='grc' dir='ltr'>καί</span> <span class='ocrx_word' id='word_1_182' title='bbox 1264 466 1316 546; x_wconf 77' lang='grc' dir='ltr'>μὴν</span> <span class='ocrx_word' id='word_1_183' title='bbox 1325 467 1371 527; x_wconf 84' lang='grc' dir='ltr'>καί</span> <span class='ocrx_word' id='word_1_184' title='bbox 1384 469 1548 549; x_wconf 81' lang='grc' dir='ltr'>δικαιοσύνη·</span> <span class='ocrx_word' id='word_1_185' title='bbox 1560 472 1673 548; x_wconf 80' lang='grc' dir='ltr'>ίμίλησε</span> 
     </span>
     <span class='ocr_line' id='line_1_24' title="bbox 898 553 1673 638; baseline 0.003 -23"><span class='ocrx_word' id='word_1_186' title='bbox 898 553 948 634; x_wconf 84' lang='grc' dir='ltr'>γίιρ</span> <span class='ocrx_word' id='word_1_187' title='bbox 963 553 1008 611; x_wconf 81' lang='grc' dir='ltr'>καὶ</span> <span class='ocrx_word' id='word_1_188' title='bbox 1023 554 1114 615; x_wconf 92' lang='grc' dir='ltr'>τούτου</span> <span class='ocrx_word' id='word_1_189' title='bbox 1127 556 1178 636; x_wconf 82' lang='grc' dir='ltr'>πρὸ</span> <span class='ocrx_word' id='word_1_190' title='bbox 1190 559 1242 614; x_wconf 89' lang='grc' dir='ltr'>τῶν</span> <span class='ocrx_word' id='word_1_191' title='bbox 1257 556 1343 615; x_wconf 80' lang='grc' dir='ltr'>ἄλλων</span> <span class='ocrx_word' id='word_1_192' title='bbox 1359 557 1447 638; x_wconf 81' lang='grc' dir='ltr'>αύτῷ,</span> <span class='ocrx_word' id='word_1_193' title='bbox 1465 561 1510 617; x_wconf 76' lang='grc' dir='ltr'>τοῦ</span> <span class='ocrx_word' id='word_1_194' title='bbox 1528 561 1563 625; x_wconf 79' lang='grc' dir='ltr'>ὡς</span> <span class='ocrx_word' id='word_1_195' title='bbox 1577 559 1673 637; x_wconf 81' lang='grc' dir='ltr'>όριστα</span> 
     </span>
     <span class='ocr_line' id='line_1_25' title="bbox 897 640 1719 725; baseline 0.006 -26"><span class='ocrx_word' id='word_1_196' title='bbox 897 642 942 699; x_wconf 88' lang='grc' dir='ltr'>καί</span> <span class='ocrx_word' id='word_1_197' title='bbox 956 640 1107 701; x_wconf 83' lang='grc' dir='ltr'>δικαιότατα</span> <span class='ocrx_word' id='word_1_198' title='bbox 1117 640 1164 714; x_wconf 65' lang='grc' dir='ltr'>τὴν</span> <span class='ocrx_word' id='word_1_199' title='bbox 1176 647 1220 722; x_wconf 80' lang='grc' dir='ltr'>ὑφ’</span> <span class='ocrx_word' id='word_1_200' title='bbox 1234 646 1305 723; x_wconf 82' lang='grc' dir='ltr'>αύτῷ</span> <span class='ocrx_word' id='word_1_201' title='bbox 1315 652 1405 703; x_wconf 74' lang='grc' dir='ltr'>πᾶσαν</span> <span class='ocrx_word' id='word_1_202' title='bbox 1416 644 1500 725; x_wconf 70' lang='grc' dir='ltr'>ἀρχὴν</span> <span class='ocrx_word' id='word_1_203' title='bbox 1512 646 1672 705; x_wconf 82' lang='grc' dir='ltr'>διοικεῖσθαι.</span> <span class='ocrx_word' id='word_1_204' title='bbox 1716 641 1719 650; x_wconf 71' lang='grc'><strong>’</strong></span> 
     </span>
     <span class='ocr_line' id='line_1_26' title="bbox 886 727 1674 813; baseline 0.009 -28"><span class='ocrx_word' id='word_1_205' title='bbox 886 730 932 805; x_wconf 73' lang='lat' dir='ltr'><strong>tu)</strong></span> <span class='ocrx_word' id='word_1_206' title='bbox 945 727 1009 789; x_wconf 83' lang='grc' dir='ltr'>Ἔτι</span> <span class='ocrx_word' id='word_1_207' title='bbox 1022 728 1050 787; x_wconf 75' lang='grc' dir='ltr'>δὲ</span> <span class='ocrx_word' id='word_1_208' title='bbox 1064 729 1121 796; x_wconf 84' lang='grc' dir='ltr'>τούς</span> <span class='ocrx_word' id='word_1_209' title='bbox 1133 731 1294 807; x_wconf 84' lang='grc' dir='ltr'>καταλόγους</span> <span class='ocrx_word' id='word_1_210' title='bbox 1307 732 1354 791; x_wconf 85' lang='grc' dir='ltr'>καί</span> <span class='ocrx_word' id='word_1_211' title='bbox 1367 734 1414 799; x_wconf 83' lang='grc' dir='ltr'>τδις</span> <span class='ocrx_word' id='word_1_212' title='bbox 1428 732 1514 801; x_wconf 78' lang='grc' dir='ltr'>τάξεις</span> <span class='ocrx_word' id='word_1_213' title='bbox 1527 738 1580 792; x_wconf 89' lang='grc' dir='ltr'>τῶν</span> <span class='ocrx_word' id='word_1_214' title='bbox 1594 757 1674 813; x_wconf 90' lang='grc' dir='ltr'>στρα-</span> 
     </span>
     <span class='ocr_line' id='line_1_27' title="bbox 897 816 1673 897; baseline 0.006 -24"><span class='ocrx_word' id='word_1_215' title='bbox 897 817 1035 892; x_wconf 80' lang='grc' dir='ltr'>τευμάτοιν</span> <span class='ocrx_word' id='word_1_216' title='bbox 1048 816 1171 889; x_wconf 74' lang='grc' dir='ltr'>ἐξήτασε,</span> <span class='ocrx_word' id='word_1_217' title='bbox 1185 818 1215 877; x_wconf 88' lang='grc' dir='ltr'>τό</span> <span class='ocrx_word' id='word_1_218' title='bbox 1228 842 1257 877; x_wconf 88' lang='grc' dir='ltr'>τε</span> <span class='ocrx_word' id='word_1_219' title='bbox 1277 820 1387 879; x_wconf 88' lang='grc' dir='ltr'>ίππικδν</span> <span class='ocrx_word' id='word_1_220' title='bbox 1401 820 1458 897; x_wconf 76' lang='grc' dir='ltr'>ἅμα</span> <span class='ocrx_word' id='word_1_221' title='bbox 1473 821 1520 879; x_wconf 84' lang='grc' dir='ltr'>καί</span> <span class='ocrx_word' id='word_1_222' title='bbox 1539 822 1673 881; x_wconf 86' lang='grc' dir='ltr'>όπλιτικδν</span> 
     </span>
     <span class='ocr_line' id='line_1_28' title="bbox 897 904 1675 989; baseline 0.008 -27"><span class='ocrx_word' id='word_1_223' title='bbox 897 904 955 970; x_wconf 85' lang='grc' dir='ltr'>τούς</span> <span class='ocrx_word' id='word_1_224' title='bbox 976 927 1005 963; x_wconf 93' lang='grc' dir='ltr'>τε</span> <span class='ocrx_word' id='word_1_225' title='bbox 1027 906 1056 963; x_wconf 76' lang='lat' dir='ltr'><strong>ix</strong></span> <span class='ocrx_word' id='word_1_226' title='bbox 1069 910 1115 963; x_wconf 81' lang='grc' dir='ltr'>τοῦ</span> <span class='ocrx_word' id='word_1_227' title='bbox 1141 908 1282 985; x_wconf 78' lang='grc' dir='ltr'>βασιλικοῦ</span> <span class='ocrx_word' id='word_1_228' title='bbox 1295 906 1415 985; x_wconf 76' lang='grc' dir='ltr'>ταμιείου</span> <span class='ocrx_word' id='word_1_229' title='bbox 1429 906 1615 989; x_wconf 75' lang='grc' dir='ltr'>τρεφομένους·</span> <span class='ocrx_word' id='word_1_230' title='bbox 1627 910 1675 968; x_wconf 81' lang='grc' dir='ltr'>καί</span> 
     </span>
     <span class='ocr_line' id='line_1_29' title="bbox 898 990 1675 1077; baseline 0.01 -28"><span class='ocrx_word' id='word_1_231' title='bbox 898 992 1015 1067; x_wconf 81' lang='grc' dir='ltr'>μάλιστα</span> <span class='ocrx_word' id='word_1_232' title='bbox 1026 990 1057 1063; x_wconf 80' lang='lat' dir='ltr'><strong>il,</strong></span> <span class='ocrx_word' id='word_1_233' title='bbox 1068 993 1115 1064; x_wconf 76' lang='grc' dir='ltr'>τὴν</span> <span class='ocrx_word' id='word_1_234' title='bbox 1129 994 1260 1071; x_wconf 89' lang='grc' dir='ltr'>βασίλειον</span> <span class='ocrx_word' id='word_1_235' title='bbox 1273 996 1355 1067; x_wconf 75' lang='grc' dir='ltr'>αὐλὴν</span> <span class='ocrx_word' id='word_1_236' title='bbox 1365 998 1408 1056; x_wconf 74' lang='grc' dir='ltr'>διδ</span> <span class='ocrx_word' id='word_1_237' title='bbox 1418 995 1552 1077; x_wconf 72' lang='grc' dir='ltr'>φροντίδος</span> <span class='ocrx_word' id='word_1_238' title='bbox 1560 997 1675 1057; x_wconf 75' lang='grc' dir='ltr'>ἐποιεῖτο</span> 
     </span>
     <span class='ocr_line' id='line_1_30' title="bbox 896 1077 1672 1165; baseline 0.01 -24"><span class='ocrx_word' id='word_1_239' title='bbox 896 1084 995 1155; x_wconf 87' lang='grc' dir='ltr'>πολλῆς</span> <span class='ocrx_word' id='word_1_240' title='bbox 1007 1082 1051 1142; x_wconf 83' lang='grc' dir='ltr'>καί</span> <span class='ocrx_word' id='word_1_241' title='bbox 1067 1086 1092 1149; x_wconf 73' lang='grc' dir='ltr'>ἐς</span> <span class='ocrx_word' id='word_1_242' title='bbox 1106 1084 1219 1143; x_wconf 70' lang='grc' dir='ltr'>ἐπίδοσιν</span> <span class='ocrx_word' id='word_1_243' title='bbox 1229 1077 1292 1164; x_wconf 70' lang='grc' dir='ltr'>ἦγε·</span> <span class='ocrx_word' id='word_1_244' title='bbox 1304 1088 1373 1165; x_wconf 78' lang='grc' dir='ltr'>λέγω</span> <span class='ocrx_word' id='word_1_245' title='bbox 1383 1088 1414 1159; x_wconf 71' lang='grc' dir='ltr'>δὴ</span> <span class='ocrx_word' id='word_1_246' title='bbox 1425 1087 1488 1157; x_wconf 69' lang='grc' dir='ltr'>τούς</span> <span class='ocrx_word' id='word_1_247' title='bbox 1502 1089 1672 1165; x_wconf 75' lang='grc' dir='ltr'>νεοδαμώδεις</span> 
     </span>
     <span class='ocr_line' id='line_1_31' title="bbox 898 1168 1673 1255; baseline 0.015 -29"><span class='ocrx_word' id='word_1_248' title='bbox 898 1168 1005 1237; x_wconf 82' lang='grc' dir='ltr'>τούτους</span> <span class='ocrx_word' id='word_1_249' title='bbox 1018 1173 1063 1230; x_wconf 84' lang='grc' dir='ltr'>καί</span> <span class='ocrx_word' id='word_1_250' title='bbox 1080 1174 1248 1253; x_wconf 77' lang='grc' dir='ltr'>πεζαιτίρους</span> <span class='ocrx_word' id='word_1_251' title='bbox 1264 1174 1310 1233; x_wconf 85' lang='grc' dir='ltr'>καί</span> <span class='ocrx_word' id='word_1_252' title='bbox 1323 1176 1354 1234; x_wconf 86' lang='grc' dir='ltr'>τδ</span> <span class='ocrx_word' id='word_1_253' title='bbox 1373 1176 1434 1255; x_wconf 82' lang='grc' dir='ltr'>περί</span> <span class='ocrx_word' id='word_1_254' title='bbox 1459 1176 1539 1235; x_wconf 86' lang='grc' dir='ltr'>αὒτδν</span> <span class='ocrx_word' id='word_1_255' title='bbox 1563 1176 1673 1255; x_wconf 77' lang='grc' dir='ltr'>ἄγημα,</span> 
     </span>
     <span class='ocr_line' id='line_1_32' title="bbox 898 1258 1674 1343; baseline 0.012 -27"><span class='ocrx_word' id='word_1_256' title='bbox 898 1258 942 1325; x_wconf 80' lang='grc' dir='ltr'>ούς</span> <span class='ocrx_word' id='word_1_257' title='bbox 956 1262 989 1337; x_wconf 80' lang='grc' dir='ltr'>τῇ</span> <span class='ocrx_word' id='word_1_258' title='bbox 999 1261 1070 1338; x_wconf 83' lang='grc' dir='ltr'>σφῶν</span> <span class='ocrx_word' id='word_1_259' title='bbox 1085 1258 1189 1339; x_wconf 81' lang='grc' dir='ltr'>γλώττη</span> <span class='ocrx_word' id='word_1_260' title='bbox 1201 1262 1373 1343; x_wconf 77' lang='grc' dir='ltr'>γενητζάρους</span> <span class='ocrx_word' id='word_1_261' title='bbox 1384 1267 1473 1323; x_wconf 84' lang='grc' dir='ltr'>καλεῖν</span> <span class='ocrx_word' id='word_1_262' title='bbox 1486 1264 1607 1337; x_wconf 82' lang='grc' dir='ltr'>είύνθασι,</span> <span class='ocrx_word' id='word_1_263' title='bbox 1618 1266 1674 1325; x_wconf 79' lang='grc' dir='ltr'>νόον</span> 
     </span>
     <span class='ocr_line' id='line_1_33' title="bbox 903 1344 1675 1431; baseline 0.01 -30"><span class='ocrx_word' id='word_1_264' title='bbox 903 1344 1037 1425; x_wconf 82' lang='grc' dir='ltr'>Εύνταγμα</span> <span class='ocrx_word' id='word_1_265' title='bbox 1054 1352 1101 1418; x_wconf 77' lang='grc' dir='ltr'>τῆς</span> <span class='ocrx_word' id='word_1_266' title='bbox 1121 1350 1208 1426; x_wconf 80' lang='grc' dir='ltr'>φωνῆς</span> <span class='ocrx_word' id='word_1_267' title='bbox 1225 1349 1420 1423; x_wconf 79' lang='grc' dir='ltr'>σημαινούσης,</span> <span class='ocrx_word' id='word_1_268' title='bbox 1440 1349 1513 1417; x_wconf 68' lang='lat' dir='ltr'><strong>etto&lt;</strong></span> <span class='ocrx_word' id='word_1_269' title='bbox 1537 1351 1621 1431; x_wconf 78' lang='grc' dir='ltr'>ταύτῃ</span> <span class='ocrx_word' id='word_1_270' title='bbox 1643 1352 1675 1411; x_wconf 83' lang='grc' dir='ltr'>τδ</span> 
     </span>
     <span class='ocr_line' id='line_1_34' title="bbox 898 1432 1672 1520; baseline 0.013 -31"><span class='ocrx_word' id='word_1_271' title='bbox 898 1432 993 1510; x_wconf 88' lang='grc' dir='ltr'>κράτος</span> <span class='ocrx_word' id='word_1_272' title='bbox 1004 1432 1101 1511; x_wconf 79' lang='grc' dir='ltr'>προσὸν</span> <span class='ocrx_word' id='word_1_273' title='bbox 1117 1436 1189 1514; x_wconf 83' lang='grc' dir='ltr'>αὐτῷ</span> <span class='ocrx_word' id='word_1_274' title='bbox 1202 1436 1248 1494; x_wconf 86' lang='grc' dir='ltr'>καί</span> <span class='ocrx_word' id='word_1_275' title='bbox 1262 1441 1295 1515; x_wconf 82' lang='grc' dir='ltr'>τῇ</span> <span class='ocrx_word' id='word_1_276' title='bbox 1308 1442 1355 1495; x_wconf 79' lang='grc' dir='ltr'>τοῦ</span> <span class='ocrx_word' id='word_1_277' title='bbox 1368 1439 1489 1513; x_wconf 84' lang='grc' dir='ltr'>σώματος</span> <span class='ocrx_word' id='word_1_278' title='bbox 1503 1442 1607 1520; x_wconf 81' lang='grc' dir='ltr'>φυλακῇ</span> <span class='ocrx_word' id='word_1_279' title='bbox 1627 1440 1672 1499; x_wconf 83' lang='grc' dir='ltr'>καί</span> 
     </span>
     <span class='ocr_line' id='line_1_35' title="bbox 897 1522 1674 1603; baseline 0.012 -24"><span class='ocrx_word' id='word_1_280' title='bbox 897 1524 990 1598; x_wconf 78' lang='grc' dir='ltr'>τῇιῆς</span> <span class='ocrx_word' id='word_1_281' title='bbox 1009 1522 1072 1592; x_wconf 80' lang='grc' dir='ltr'>ὅλης</span> <span class='ocrx_word' id='word_1_282' title='bbox 1088 1525 1181 1602; x_wconf 81' lang='grc' dir='ltr'>ἀρχῆς.</span> <span class='ocrx_word' id='word_1_283' title='bbox 1223 1523 1296 1603; x_wconf 77' lang='grc' dir='ltr'>Πρὸς</span> <span class='ocrx_word' id='word_1_284' title='bbox 1317 1524 1343 1583; x_wconf 82' lang='grc' dir='ltr'>δὲ</span> <span class='ocrx_word' id='word_1_285' title='bbox 1362 1525 1461 1593; x_wconf 85' lang='grc' dir='ltr'>τούτοις</span> <span class='ocrx_word' id='word_1_286' title='bbox 1477 1527 1565 1586; x_wconf 86' lang='grc' dir='ltr'>όπλων</span> <span class='ocrx_word' id='word_1_287' title='bbox 1579 1552 1609 1588; x_wconf 89' lang='grc' dir='ltr'>τε</span> <span class='ocrx_word' id='word_1_288' title='bbox 1628 1528 1674 1588; x_wconf 82' lang='grc' dir='ltr'>καί</span> 
     </span>
     <span class='ocr_line' id='line_1_36' title="bbox 898 1610 1673 1693; baseline 0.009 -27"><span class='ocrx_word' id='word_1_289' title='bbox 898 1612 984 1687; x_wconf 87' lang='grc' dir='ltr'>βελῶν</span> <span class='ocrx_word' id='word_1_290' title='bbox 996 1610 1043 1670; x_wconf 82' lang='grc' dir='ltr'>καί</span> <span class='ocrx_word' id='word_1_291' title='bbox 1054 1614 1106 1670; x_wconf 84' lang='grc' dir='ltr'>τῶν</span> <span class='ocrx_word' id='word_1_292' title='bbox 1118 1614 1144 1678; x_wconf 80' lang='grc' dir='ltr'>ἐς</span> <span class='ocrx_word' id='word_1_293' title='bbox 1153 1610 1202 1682; x_wconf 77' lang='grc' dir='ltr'>τὴν</span> <span class='ocrx_word' id='word_1_294' title='bbox 1212 1617 1256 1670; x_wconf 79' lang='grc' dir='ltr'>τοῦ</span> <span class='ocrx_word' id='word_1_295' title='bbox 1266 1612 1383 1688; x_wconf 87' lang='grc' dir='ltr'>πολίμου</span> <span class='ocrx_word' id='word_1_296' title='bbox 1389 1614 1483 1692; x_wconf 78' lang='grc' dir='ltr'>χρείαν</span> <span class='ocrx_word' id='word_1_297' title='bbox 1492 1638 1520 1673; x_wconf 91' lang='grc' dir='ltr'>τε</span> <span class='ocrx_word' id='word_1_298' title='bbox 1529 1615 1574 1674; x_wconf 85' lang='grc' dir='ltr'>καί</span> <span class='ocrx_word' id='word_1_299' title='bbox 1583 1639 1673 1693; x_wconf 87' lang='grc' dir='ltr'>παρα-</span> 
     </span>
     <span class='ocr_line' id='line_1_37' title="bbox 897 1696 1749 1779; baseline 0.009 -24"><span class='ocrx_word' id='word_1_300' title='bbox 897 1696 993 1770; x_wconf 75' lang='grc' dir='ltr'>σκευὴν</span> <span class='ocrx_word' id='word_1_301' title='bbox 1004 1698 1154 1775; x_wconf 84' lang='grc' dir='ltr'>ἀναγκαίων</span> <span class='ocrx_word' id='word_1_302' title='bbox 1163 1724 1191 1757; x_wconf 87' lang='grc' dir='ltr'>τε</span> <span class='ocrx_word' id='word_1_303' title='bbox 1201 1700 1246 1757; x_wconf 86' lang='grc' dir='ltr'>καί</span> <span class='ocrx_word' id='word_1_304' title='bbox 1256 1700 1395 1779; x_wconf 90' lang='grc' dir='ltr'>χρησίμων</span> <span class='ocrx_word' id='word_1_305' title='bbox 1413 1700 1538 1779; x_wconf 74' lang='grc' dir='ltr'>ξυλλογὴν</span> <span class='ocrx_word' id='word_1_306' title='bbox 1549 1705 1671 1765; x_wconf 79' lang='grc' dir='ltr'>ίποιεῑτο.</span> <span class='ocrx_word' id='word_1_307' title='bbox 1739 1743 1749 1763; x_wconf 83' lang='grc'><strong>.</strong></span> 
     </span>
     <span class='ocr_line' id='line_1_38' title="bbox 899 1784 1675 1867; baseline 0.006 -25"><span class='ocrx_word' id='word_1_308' title='bbox 899 1784 932 1864; x_wconf 82' lang='lat' dir='ltr'>(a)</span> <span class='ocrx_word' id='word_1_309' title='bbox 947 1785 1025 1845; x_wconf 75' lang='grc' dir='ltr'>Μετὰ</span> <span class='ocrx_word' id='word_1_310' title='bbox 1041 1787 1165 1845; x_wconf 72' lang='grc' dir='ltr'>δὲταῦτα</span> <span class='ocrx_word' id='word_1_311' title='bbox 1179 1786 1237 1854; x_wconf 82' lang='grc' dir='ltr'>τούς</span> <span class='ocrx_word' id='word_1_312' title='bbox 1252 1786 1396 1865; x_wconf 84' lang='grc' dir='ltr'>Θησαυρούς</span> <span class='ocrx_word' id='word_1_313' title='bbox 1410 1792 1540 1867; x_wconf 83' lang='grc' dir='ltr'>άνηριύνα</span> <span class='ocrx_word' id='word_1_314' title='bbox 1554 1790 1611 1857; x_wconf 83' lang='grc' dir='ltr'>τούς</span> <span class='ocrx_word' id='word_1_315' title='bbox 1622 1812 1675 1848; x_wconf 88' lang='grc' dir='ltr'>πα-</span> 
     </span>
     <span class='ocr_line' id='line_1_39' title="bbox 898 1873 1671 1956; baseline 0.009 -25"><span class='ocrx_word' id='word_1_316' title='bbox 898 1873 1017 1953; x_wconf 75' lang='grc' dir='ltr'>τρικοὺς,</span> <span class='ocrx_word' id='word_1_317' title='bbox 1032 1875 1176 1956; x_wconf 78' lang='grc' dir='ltr'>ἀνακρίνων</span> <span class='ocrx_word' id='word_1_318' title='bbox 1190 1874 1230 1932; x_wconf 84' lang='grc' dir='ltr'>ότι</span> <span class='ocrx_word' id='word_1_319' title='bbox 1246 1875 1363 1951; x_wconf 87' lang='grc' dir='ltr'>μάλιστα</span> <span class='ocrx_word' id='word_1_320' title='bbox 1381 1874 1441 1942; x_wconf 85' lang='grc' dir='ltr'>τούς</span> <span class='ocrx_word' id='word_1_321' title='bbox 1455 1878 1553 1937; x_wconf 86' lang='grc' dir='ltr'>τούτων</span> <span class='ocrx_word' id='word_1_322' title='bbox 1564 1878 1671 1953; x_wconf 89' lang='grc' dir='ltr'>ταμίας,</span> 
     </span>
     <span class='ocr_line' id='line_1_40' title="bbox 899 1960 1674 2044; baseline 0.003 -23"><span class='ocrx_word' id='word_1_323' title='bbox 899 1960 959 2027; x_wconf 84' lang='grc' dir='ltr'>τούς</span> <span class='ocrx_word' id='word_1_324' title='bbox 970 1985 999 2019; x_wconf 91' lang='grc' dir='ltr'>τε</span> <span class='ocrx_word' id='word_1_325' title='bbox 1008 1965 1060 2019; x_wconf 86' lang='grc' dir='ltr'>τῶν</span> <span class='ocrx_word' id='word_1_326' title='bbox 1070 1962 1180 2039; x_wconf 76' lang='grc' dir='ltr'>ίτησίων</span> <span class='ocrx_word' id='word_1_327' title='bbox 1196 1963 1282 2044; x_wconf 87' lang='grc' dir='ltr'>φόρων</span> <span class='ocrx_word' id='word_1_328' title='bbox 1292 1962 1420 2042; x_wconf 79' lang='grc' dir='ltr'>ἄρχοντας</span> <span class='ocrx_word' id='word_1_329' title='bbox 1433 1964 1548 2044; x_wconf 75' lang='grc' dir='ltr'>άκριόῶς</span> <span class='ocrx_word' id='word_1_330' title='bbox 1557 1964 1674 2037; x_wconf 74' lang='grc' dir='ltr'>ίξήταζε,</span> 
     </span>
     <span class='ocr_line' id='line_1_41' title="bbox 896 2043 1674 2129; baseline 0.001 -21"><span class='ocrx_word' id='word_1_331' title='bbox 896 2049 941 2108; x_wconf 82' lang='grc' dir='ltr'>καί</span> <span class='ocrx_word' id='word_1_332' title='bbox 957 2052 982 2115; x_wconf 80' lang='grc' dir='ltr'>ἐς</span> <span class='ocrx_word' id='word_1_333' title='bbox 996 2049 1112 2128; x_wconf 71' lang='grc' dir='ltr'>ἀνάγκην</span> <span class='ocrx_word' id='word_1_334' title='bbox 1132 2043 1178 2128; x_wconf 73' lang='grc' dir='ltr'>ἦγε</span> <span class='ocrx_word' id='word_1_335' title='bbox 1200 2052 1365 2129; x_wconf 82' lang='grc' dir='ltr'>λογοθεσιῶν.</span> <span class='ocrx_word' id='word_1_336' title='bbox 1409 2052 1464 2112; x_wconf 86' lang='grc' dir='ltr'>Καί</span> <span class='ocrx_word' id='word_1_337' title='bbox 1478 2051 1564 2112; x_wconf 80' lang='grc' dir='ltr'>πολλόι</span> <span class='ocrx_word' id='word_1_338' title='bbox 1576 2053 1608 2124; x_wconf 81' lang='grc' dir='ltr'>δὴ</span> <span class='ocrx_word' id='word_1_339' title='bbox 1621 2057 1674 2113; x_wconf 90' lang='grc' dir='ltr'>τῶν</span> 
     </span>
     <span class='ocr_line' id='line_1_42' title="bbox 896 2131 1675 2221; baseline 0.006 -27"><span class='ocrx_word' id='word_1_340' title='bbox 896 2135 1030 2215; x_wconf 82' lang='grc' dir='ltr'>δημοσίων</span> <span class='ocrx_word' id='word_1_341' title='bbox 1051 2161 1080 2195; x_wconf 92' lang='grc' dir='ltr'>τε</span> <span class='ocrx_word' id='word_1_342' title='bbox 1098 2138 1144 2196; x_wconf 82' lang='grc' dir='ltr'>καί</span> <span class='ocrx_word' id='word_1_343' title='bbox 1168 2140 1313 2217; x_wconf 84' lang='grc' dir='ltr'>βασιλικῶν</span> <span class='ocrx_word' id='word_1_344' title='bbox 1335 2140 1482 2220; x_wconf 76' lang='grc' dir='ltr'>χρημάτων</span> <span class='ocrx_word' id='word_1_345' title='bbox 1506 2131 1564 2221; x_wconf 79' lang='grc' dir='ltr'>εύρε</span> <span class='ocrx_word' id='word_1_346' title='bbox 1584 2144 1675 2207; x_wconf 88' lang='grc' dir='ltr'>κακῶς</span> 
     </span>
    </p>
   </div>
   <div class='ocr_carea' id='block_1_5' title="bbox 73 2303 1674 2441">
    <p class='ocr_par' dir='ltr' id='par_1_5' title="bbox 73 2303 1674 2441">
     <span class='ocr_line' id='line_1_43' title="bbox 73 2303 1674 2371; baseline 0.004 -20"><span class='ocrx_word' id='word_1_347' title='bbox 73 2304 139 2357; x_wconf 83' lang='grc' dir='ltr'>δόνος</span> <span class='ocrx_word' id='word_1_348' title='bbox 154 2305 194 2352; x_wconf 87' lang='grc' dir='ltr'>καὶ</span> <span class='ocrx_word' id='word_1_349' title='bbox 217 2308 259 2352; x_wconf 82' lang='grc' dir='ltr'>τοῦ</span> <span class='ocrx_word' id='word_1_350' title='bbox 276 2303 402 2353; x_wconf 77' lang='grc' dir='ltr'>Ὀκτκδίου</span> <span class='ocrx_word' id='word_1_351' title='bbox 427 2304 545 2367; x_wconf 74' lang='grc' dir='ltr'>Καίσαρος</span> <span class='ocrx_word' id='word_1_352' title='bbox 560 2306 600 2353; x_wconf 84' lang='grc' dir='ltr'>καὶ</span> <span class='ocrx_word' id='word_1_353' title='bbox 614 2304 792 2354; x_wconf 85' lang='grc' dir='ltr'>Κωνοταντίνου</span> <span class='ocrx_word' id='word_1_354' title='bbox 804 2308 846 2353; x_wconf 85' lang='grc' dir='ltr'>τοῦ</span> <span class='ocrx_word' id='word_1_355' title='bbox 866 2303 968 2366; x_wconf 85' lang='grc' dir='ltr'>μεγάλου</span> <span class='ocrx_word' id='word_1_356' title='bbox 979 2310 1022 2353; x_wconf 78' lang='grc' dir='ltr'>τοῦ</span> <span class='ocrx_word' id='word_1_357' title='bbox 1038 2306 1078 2353; x_wconf 82' lang='grc' dir='ltr'>καί</span> <span class='ocrx_word' id='word_1_358' title='bbox 1089 2305 1196 2354; x_wconf 79' lang='grc' dir='ltr'>Φλαόίου</span> <span class='ocrx_word' id='word_1_359' title='bbox 1209 2307 1250 2354; x_wconf 87' lang='grc' dir='ltr'>καὶ</span> <span class='ocrx_word' id='word_1_360' title='bbox 1263 2306 1392 2355; x_wconf 88' lang='grc' dir='ltr'>θεοδοσίου</span> <span class='ocrx_word' id='word_1_361' title='bbox 1402 2312 1444 2355; x_wconf 84' lang='grc' dir='ltr'>τοῦ</span> <span class='ocrx_word' id='word_1_362' title='bbox 1463 2308 1488 2364; x_wconf 80' lang='grc' dir='ltr'>ἐξ</span> <span class='ocrx_word' id='word_1_363' title='bbox 1497 2308 1616 2363; x_wconf 80' lang='grc' dir='ltr'>Ἱσπανίας</span> <span class='ocrx_word' id='word_1_364' title='bbox 1630 2310 1674 2371; x_wconf 81' lang='grc' dir='ltr'>βα·</span> 
     </span>
     <span class='ocr_line' id='line_1_44' title="bbox 74 2372 1673 2441; baseline 0.005 -20"><span class='ocrx_word' id='word_1_365' title='bbox 74 2375 157 2429; x_wconf 86' lang='grc' dir='ltr'>σιλέως</span> <span class='ocrx_word' id='word_1_366' title='bbox 170 2374 339 2434; x_wconf 76' lang='grc' dir='ltr'>ἀνεγίνωσκεν,</span> <span class='ocrx_word' id='word_1_367' title='bbox 353 2375 425 2423; x_wconf 74' lang='grc' dir='ltr'>αἰτῶν</span> <span class='ocrx_word' id='word_1_368' title='bbox 434 2375 475 2422; x_wconf 83' lang='grc' dir='ltr'>καί</span> <span class='ocrx_word' id='word_1_369' title='bbox 489 2375 587 2436; x_wconf 83' lang='grc' dir='ltr'>ἐρευνῶν</span> <span class='ocrx_word' id='word_1_370' title='bbox 595 2374 701 2437; x_wconf 80' lang='grc' dir='ltr'>μηχανὰς</span> <span class='ocrx_word' id='word_1_371' title='bbox 712 2374 752 2423; x_wconf 87' lang='grc' dir='ltr'>ίνιι</span> <span class='ocrx_word' id='word_1_372' title='bbox 764 2374 817 2429; x_wconf 83' lang='grc' dir='ltr'>τούς</span> <span class='ocrx_word' id='word_1_373' title='bbox 828 2374 917 2430; x_wconf 91' lang='grc' dir='ltr'>πάντας</span> <span class='ocrx_word' id='word_1_374' title='bbox 925 2374 1014 2437; x_wconf 62' lang='lat' dir='ltr'><strong>inepti</strong></span> <span class='ocrx_word' id='word_1_375' title='bbox 1026 2375 1068 2423; x_wconf 85' lang='grc' dir='ltr'>καὶ</span> <span class='ocrx_word' id='word_1_376' title='bbox 1080 2372 1110 2423; x_wconf 78' lang='grc' dir='ltr'>τ’ίι</span> <span class='ocrx_word' id='word_1_377' title='bbox 1121 2374 1174 2438; x_wconf 83' lang='grc' dir='ltr'>όρια</span> <span class='ocrx_word' id='word_1_378' title='bbox 1186 2381 1228 2434; x_wconf 77' lang='grc' dir='ltr'>τῆς</span> <span class='ocrx_word' id='word_1_379' title='bbox 1241 2376 1361 2439; x_wconf 76' lang='grc' dir='ltr'>βασιλείας</span> <span class='ocrx_word' id='word_1_380' title='bbox 1369 2379 1442 2426; x_wconf 80' lang='grc' dir='ltr'>αὑτοῦ</span> <span class='ocrx_word' id='word_1_381' title='bbox 1453 2380 1485 2435; x_wconf 85' lang='grc' dir='ltr'>τίς</span> <span class='ocrx_word' id='word_1_382' title='bbox 1496 2377 1567 2439; x_wconf 77' lang='grc' dir='ltr'>ἄκρον</span> <span class='ocrx_word' id='word_1_383' title='bbox 1576 2379 1673 2441; x_wconf 68' lang='grc' dir='ltr'>αὐξήσῃ.</span> 
     </span>
    </p>
   </div>
   <div class='ocr_carea' id='block_1_6' title="bbox 73 2442 721 2507">
    <p class='ocr_par' dir='ltr' id='par_1_6' title="bbox 73 2442 721 2507">
     <span class='ocr_line' id='line_1_45' title="bbox 73 2442 721 2507; baseline 0 -16"><span class='ocrx_word' id='word_1_384' title='bbox 73 2442 245 2493; x_wconf 74' lang='grc'>0101110301.</span> <span class='ocrx_word' id='word_1_385' title='bbox 264 2448 285 2505; x_wconf 82' lang='lat'>5,</span> <span class='ocrx_word' id='word_1_386' title='bbox 296 2455 317 2492; x_wconf 87' lang='lat' dir='ltr'>o.</span> <span class='ocrx_word' id='word_1_387' title='bbox 331 2446 368 2502; x_wconf 93' lang='grc'>10,</span> <span class='ocrx_word' id='word_1_388' title='bbox 378 2443 523 2493; x_wconf 81' lang='lat' dir='ltr'><strong>Seadeddin.</strong></span> <span class='ocrx_word' id='word_1_389' title='bbox 536 2451 559 2503; x_wconf 95' lang='grc'>2,</span> <span class='ocrx_word' id='word_1_390' title='bbox 572 2457 596 2507; x_wconf 90' lang='lat' dir='ltr'>p.</span> <span class='ocrx_word' id='word_1_391' title='bbox 612 2447 654 2493; x_wconf 82' lang='lat' dir='ltr'>rot</span> <span class='ocrx_word' id='word_1_392' title='bbox 666 2458 721 2507; x_wconf 86' lang='lat' dir='ltr'><strong>sqq.</strong></span> 
     </span>
    </p>
   </div>
   <div class='ocr_carea' id='block_1_7' title="bbox 71 2513 1676 2654">
    <p class='ocr_par' dir='ltr' id='par_1_7' title="bbox 71 2513 1676 2654">
     <span class='ocr_line' id='line_1_46' title="bbox 102 2513 1676 2588; baseline 0.004 -25"><span class='ocrx_word' id='word_1_393' title='bbox 102 2514 150 2578; x_wconf 83' lang='lat'><strong>§3.</strong></span> <span class='ocrx_word' id='word_1_394' title='bbox 163 2516 229 2563; x_wconf 85' lang='lat' dir='ltr'><strong>inter</strong></span> <span class='ocrx_word' id='word_1_395' title='bbox 238 2513 308 2576; x_wconf 89' lang='lat' dir='ltr'><strong>primi</strong></span> <span class='ocrx_word' id='word_1_396' title='bbox 317 2513 375 2563; x_wconf 87' lang='lat' dir='ltr'><strong>anui</strong></span> <span class='ocrx_word' id='word_1_397' title='bbox 384 2527 425 2563; x_wconf 89' lang='lat' dir='ltr'>res</span> <span class='ocrx_word' id='word_1_398' title='bbox 437 2516 518 2576; x_wconf 73' lang='lat' dir='ltr'><strong>gestas</strong></span> <span class='ocrx_word' id='word_1_399' title='bbox 527 2514 668 2565; x_wconf 82' lang='lat' dir='ltr'><strong>Critobulus</strong></span> <span class='ocrx_word' id='word_1_400' title='bbox 679 2529 729 2564; x_wconf 88' lang='lat' dir='ltr'>nou</span> <span class='ocrx_word' id='word_1_401' title='bbox 737 2514 846 2563; x_wconf 82' lang='lat' dir='ltr'>meminit</span> <span class='ocrx_word' id='word_1_402' title='bbox 858 2514 989 2574; x_wconf 78' lang='lat' dir='ltr'><strong>fatricidii,</strong></span> <span class='ocrx_word' id='word_1_403' title='bbox 1002 2515 1034 2564; x_wconf 88' lang='lat' dir='ltr'>de</span> <span class='ocrx_word' id='word_1_404' title='bbox 1046 2530 1097 2578; x_wconf 84' lang='lat' dir='ltr'><strong>quo</strong></span> <span class='ocrx_word' id='word_1_405' title='bbox 1105 2518 1188 2566; x_wconf 81' lang='lat' dir='ltr'><strong>Duces</strong></span> <span class='ocrx_word' id='word_1_406' title='bbox 1195 2530 1219 2579; x_wconf 91' lang='lat' dir='ltr'>p.</span> <span class='ocrx_word' id='word_1_407' title='bbox 1234 2522 1288 2588; x_wconf 89' lang='grc'>230,</span> <span class='ocrx_word' id='word_1_408' title='bbox 1301 2522 1329 2566; x_wconf 84' lang='grc'>15</span> <span class='ocrx_word' id='word_1_409' title='bbox 1340 2534 1346 2567; x_wconf 89' lang='lat'>:</span> <span class='ocrx_word' id='word_1_410' title='bbox 1357 2520 1438 2583; x_wconf 75' lang='grc' dir='ltr'>Εὑρὼν</span> <span class='ocrx_word' id='word_1_411' title='bbox 1450 2520 1543 2568; x_wconf 83' lang='grc' dir='ltr'>παιδίον</span> <span class='ocrx_word' id='word_1_412' title='bbox 1556 2521 1624 2583; x_wconf 73' lang='grc' dir='ltr'>ἀρριν</span> <span class='ocrx_word' id='word_1_413' title='bbox 1632 2526 1676 2569; x_wconf 76' lang='grc' dir='ltr'>τοῦ</span> 
     </span>
     <span class='ocr_line' id='line_1_47' title="bbox 71 2584 1675 2654; baseline 0.003 -21"><span class='ocrx_word' id='word_1_414' title='bbox 71 2585 158 2645; x_wconf 83' lang='grc' dir='ltr'>πατρὸς</span> <span class='ocrx_word' id='word_1_415' title='bbox 170 2584 242 2632; x_wconf 78' lang='grc' dir='ltr'>αὐτοῦ</span> <span class='ocrx_word' id='word_1_416' title='bbox 257 2586 289 2639; x_wconf 82' lang='grc' dir='ltr'>ὡς</span> <span class='ocrx_word' id='word_1_417' title='bbox 303 2588 382 2643; x_wconf 84' lang='grc' dir='ltr'>μηνῶν</span> <span class='ocrx_word' id='word_1_418' title='bbox 397 2584 460 2633; x_wconf 81' lang='grc' dir='ltr'>ὀκτὼ</span> <span class='ocrx_word' id='word_1_419' title='bbox 473 2586 579 2645; x_wconf 78' lang='grc' dir='ltr'>γεννηθὲν</span> <span class='ocrx_word' id='word_1_420' title='bbox 591 2585 619 2633; x_wconf 84' lang='grc' dir='ltr'>ἐκ</span> <span class='ocrx_word' id='word_1_421' title='bbox 630 2590 671 2643; x_wconf 83' lang='grc' dir='ltr'>τῆς</span> <span class='ocrx_word' id='word_1_422' title='bbox 683 2585 794 2647; x_wconf 79' lang='grc' dir='ltr'>θυγατρὸς</span> <span class='ocrx_word' id='word_1_423' title='bbox 806 2589 848 2633; x_wconf 87' lang='grc' dir='ltr'>τοῦ</span> <span class='ocrx_word' id='word_1_424' title='bbox 863 2584 977 2647; x_wconf 80' lang='grc' dir='ltr'>ἡγεμόνος</span> <span class='ocrx_word' id='word_1_425' title='bbox 989 2587 1096 2642; x_wconf 78' lang='grc' dir='ltr'>Σινώπης</span> <span class='ocrx_word' id='word_1_426' title='bbox 1110 2587 1223 2647; x_wconf 76' lang='grc' dir='ltr'>Σπεντιδιρ</span> <span class='ocrx_word' id='word_1_427' title='bbox 1230 2620 1238 2649; x_wconf 91' lang='grc'>,</span> <span class='ocrx_word' id='word_1_428' title='bbox 1248 2588 1349 2650; x_wconf 86' lang='grc' dir='ltr'>νομίμου</span> <span class='ocrx_word' id='word_1_429' title='bbox 1359 2591 1470 2650; x_wconf 84' lang='grc' dir='ltr'>γυναικός</span> <span class='ocrx_word' id='word_1_430' title='bbox 1485 2590 1535 2651; x_wconf 87' lang='grc' dir='ltr'>(καὶ</span> <span class='ocrx_word' id='word_1_431' title='bbox 1551 2591 1596 2654; x_wconf 81' lang='grc' dir='ltr'>γὰρ</span> <span class='ocrx_word' id='word_1_432' title='bbox 1607 2588 1675 2645; x_wconf 80' lang='grc' dir='ltr'>οὗτος</span> 
     </span>
    </p>
   </div>
   <div class='ocr_carea' id='block_1_8' title="bbox 71 2652 865 2715">
    <p class='ocr_par' dir='ltr' id='par_1_8' title="bbox 71 2652 865 2715">
     <span class='ocr_line' id='line_1_48' title="bbox 71 2652 865 2715; baseline -0.004 -10"><span class='ocrx_word' id='word_1_433' title='bbox 71 2656 99 2705; x_wconf 79' lang='grc' dir='ltr'>ἐκ</span> <span class='ocrx_word' id='word_1_434' title='bbox 117 2655 221 2709; x_wconf 83' lang='grc' dir='ltr'>δονλίδος</span> <span class='ocrx_word' id='word_1_435' title='bbox 239 2653 387 2715; x_wconf 54' lang='lat' dir='ltr'><strong>ticinen...</strong></span> <span class='ocrx_word' id='word_1_436' title='bbox 406 2656 435 2704; x_wconf 89' lang='grc' dir='ltr'>τὸ</span> <span class='ocrx_word' id='word_1_437' title='bbox 455 2654 547 2705; x_wconf 86' lang='grc' dir='ltr'>παιδίου</span> <span class='ocrx_word' id='word_1_438' title='bbox 563 2654 659 2711; x_wconf 72' lang='grc' dir='ltr'>ἔπνιξεν.</span> <span class='ocrx_word' id='word_1_439' title='bbox 678 2652 865 2715; x_wconf 82' lang='lat' dir='ltr'><strong>Chaloocondyl.</strong></span> 
     </span>
    </p>
   </div>
   <div class='ocr_carea' id='block_1_9' title="bbox 885 2655 1676 2723">
    <p class='ocr_par' dir='ltr' id='par_1_9' title="bbox 885 2655 1676 2723">
     <span class='ocr_line' id='line_1_49' title="bbox 885 2655 1676 2723; baseline 0.008 -21"><span class='ocrx_word' id='word_1_440' title='bbox 885 2666 910 2717; x_wconf 88' lang='lat' dir='ltr'>p.</span> <span class='ocrx_word' id='word_1_441' title='bbox 928 2656 983 2714; x_wconf 88' lang='grc'>373,</span> <span class='ocrx_word' id='word_1_442' title='bbox 999 2658 1027 2702; x_wconf 93' lang='grc'>10</span> <span class='ocrx_word' id='word_1_443' title='bbox 1041 2673 1047 2703; x_wconf 82' lang='grc' dir='ltr'>ι</span> <span class='ocrx_word' id='word_1_444' title='bbox 1067 2658 1108 2704; x_wconf 86' lang='grc' dir='ltr'>τὸν</span> <span class='ocrx_word' id='word_1_445' title='bbox 1123 2655 1221 2719; x_wconf 70' lang='grc' dir='ltr'>ἀδελφόν</span> <span class='ocrx_word' id='word_1_446' title='bbox 1240 2658 1313 2705; x_wconf 81' lang='grc' dir='ltr'>αὐτοῦ</span> <span class='ocrx_word' id='word_1_447' title='bbox 1331 2658 1370 2705; x_wconf 83' lang='grc' dir='ltr'>ἐπί</span> <span class='ocrx_word' id='word_1_448' title='bbox 1386 2658 1428 2717; x_wconf 79' lang='grc' dir='ltr'>τὴν</span> <span class='ocrx_word' id='word_1_449' title='bbox 1445 2658 1568 2721; x_wconf 85' lang='grc' dir='ltr'>βασιλείαν</span> <span class='ocrx_word' id='word_1_450' title='bbox 1584 2659 1676 2723; x_wconf 85' lang='grc' dir='ltr'>παριὼν</span> 
     </span>
    </p>
   </div>
   <div class='ocr_carea' id='block_1_10' title="bbox 70 2723 1674 2792">
    <p class='ocr_par' dir='ltr' id='par_1_10' title="bbox 70 2723 1674 2792">
     <span class='ocr_line' id='line_1_50' title="bbox 70 2723 1674 2792; baseline 0.004 -19"><span class='ocrx_word' id='word_1_451' title='bbox 70 2725 172 2785; x_wconf 75' lang='grc' dir='ltr'>ἀνεῖλαν,</span> <span class='ocrx_word' id='word_1_452' title='bbox 191 2724 262 2773; x_wconf 86' lang='grc' dir='ltr'>ύδατι</span> <span class='ocrx_word' id='word_1_453' title='bbox 277 2724 444 2787; x_wconf 78' lang='grc' dir='ltr'>ἐπιστομιύσας</span> <span class='ocrx_word' id='word_1_454' title='bbox 465 2726 538 2773; x_wconf 81' lang='grc' dir='ltr'>αὐτοῦ</span> <span class='ocrx_word' id='word_1_455' title='bbox 557 2725 599 2784; x_wconf 76' lang='grc' dir='ltr'>τὴν</span> <span class='ocrx_word' id='word_1_456' title='bbox 623 2725 733 2787; x_wconf 78' lang='grc' dir='ltr'>δμπνοήν.</span> <span class='ocrx_word' id='word_1_457' title='bbox 749 2723 895 2773; x_wconf 71' lang='lat' dir='ltr'><strong>monedula.</strong></span> <span class='ocrx_word' id='word_1_458' title='bbox 909 2730 932 2785; x_wconf 85' lang='grc'>2,</span> <span class='ocrx_word' id='word_1_459' title='bbox 946 2737 971 2787; x_wconf 85' lang='lat' dir='ltr'>p.</span> <span class='ocrx_word' id='word_1_460' title='bbox 989 2729 1031 2773; x_wconf 90' lang='grc'>122</span> <span class='ocrx_word' id='word_1_461' title='bbox 1044 2724 1076 2774; x_wconf 86' lang='lat' dir='ltr'>de</span> <span class='ocrx_word' id='word_1_462' title='bbox 1094 2724 1181 2774; x_wconf 84' lang='lat' dir='ltr'><strong>eodem</strong></span> <span class='ocrx_word' id='word_1_463' title='bbox 1198 2726 1274 2776; x_wconf 84' lang='lat' dir='ltr'><strong>tratre</strong></span> <span class='ocrx_word' id='word_1_464' title='bbox 1292 2726 1353 2777; x_wconf 82' lang='lat' dir='ltr'><strong>dicit</strong></span> <span class='ocrx_word' id='word_1_465' title='bbox 1368 2746 1374 2776; x_wconf 80' lang='grc' dir='ltr'>ι</span> <span class='ocrx_word' id='word_1_466' title='bbox 1390 2727 1420 2791; x_wconf 80' lang='grc' dir='ltr'>[τι</span> <span class='ocrx_word' id='word_1_467' title='bbox 1435 2742 1488 2792; x_wconf 83' lang='lat' dir='ltr'>per</span> <span class='ocrx_word' id='word_1_468' title='bbox 1500 2729 1528 2777; x_wconf 82' lang='lat' dir='ltr'>to</span> <span class='ocrx_word' id='word_1_469' title='bbox 1543 2728 1674 2792; x_wconf 74' lang='lat' dir='ltr'><strong>tranquil-</strong></span> 
     </span>
    </p>
   </div>
   <div class='ocr_carea' id='block_1_11' title="bbox 71 2792 864 2855">
    <p class='ocr_par' dir='ltr' id='par_1_11' title="bbox 71 2792 864 2855">
     <span class='ocr_line' id='line_1_51' title="bbox 71 2792 864 2855; baseline -0.003 -13"><span class='ocrx_word' id='word_1_470' title='bbox 71 2794 122 2844; x_wconf 80' lang='lat' dir='ltr'><strong>lltia</strong></span> <span class='ocrx_word' id='word_1_471' title='bbox 144 2794 169 2843; x_wconf 87' lang='lat' dir='ltr'>et</span> <span class='ocrx_word' id='word_1_472' title='bbox 184 2795 367 2855; x_wconf 73' lang='lat' dir='ltr'>compositione</span> <span class='ocrx_word' id='word_1_473' title='bbox 383 2794 426 2844; x_wconf 76' lang='lat' dir='ltr'><strong>alet</strong></span> <span class='ocrx_word' id='word_1_474' title='bbox 445 2794 541 2844; x_wconf 82' lang='lat' dir='ltr'><strong>mondo</strong></span> <span class='ocrx_word' id='word_1_475' title='bbox 557 2793 715 2843; x_wconf 88' lang='lat' dir='ltr'><strong>sconcellolo</strong></span> <span class='ocrx_word' id='word_1_476' title='bbox 731 2794 778 2843; x_wconf 85' lang='lat' dir='ltr'>dot</span> <span class='ocrx_word' id='word_1_477' title='bbox 798 2792 864 2843; x_wconf 79' lang='lat' dir='ltr'><strong>libro</strong></span> 
     </span>
    </p>
   </div>
   <div class='ocr_carea' id='block_1_12' title="bbox 887 2793 1675 2856">
    <p class='ocr_par' dir='ltr' id='par_1_12' title="bbox 887 2793 1675 2856">
     <span class='ocr_line' id='line_1_52' title="bbox 887 2793 1675 2856; baseline 0.01 -13"><span class='ocrx_word' id='word_1_478' title='bbox 887 2793 927 2843; x_wconf 80' lang='lat' dir='ltr'><strong>alc’</strong></span> <span class='ocrx_word' id='word_1_479' title='bbox 947 2796 1056 2843; x_wconf 78' lang='lat' dir='ltr'><strong>nicenti.</strong></span> <span class='ocrx_word' id='word_1_480' title='bbox 1073 2795 1196 2844; x_wconf 87' lang='lat' dir='ltr'><strong>Pusculus</strong></span> <span class='ocrx_word' id='word_1_481' title='bbox 1212 2802 1240 2856; x_wconf 93' lang='grc'>2,</span> <span class='ocrx_word' id='word_1_482' title='bbox 1265 2800 1310 2847; x_wconf 77' lang='grc'>253</span> <span class='ocrx_word' id='word_1_483' title='bbox 1331 2813 1338 2844; x_wconf 78' lang='lat' dir='ltr'><strong>s</strong></span> <span class='ocrx_word' id='word_1_484' title='bbox 1361 2798 1432 2847; x_wconf 81' lang='lat' dir='ltr'><strong>sotus</strong></span> <span class='ocrx_word' id='word_1_485' title='bbox 1450 2798 1628 2849; x_wconf 84' lang='lat' dir='ltr'><strong>Moclrmettus</strong></span> <span class='ocrx_word' id='word_1_486' title='bbox 1645 2802 1675 2851; x_wconf 86' lang='lat' dir='ltr'>ut</span> 
     </span>
    </p>
   </div>
   <div class='ocr_carea' id='block_1_13' title="bbox 70 2862 1676 3420">
    <p class='ocr_par' dir='ltr' id='par_1_13' title="bbox 70 2862 1676 3420">
     <span class='ocr_line' id='line_1_53' title="bbox 70 2862 1675 2933; baseline 0.004 -19"><span class='ocrx_word' id='word_1_487' title='bbox 70 2867 125 2927; x_wconf 89' lang='lat' dir='ltr'><strong>ipse</strong></span> <span class='ocrx_word' id='word_1_488' title='bbox 136 2865 266 2926; x_wconf 84' lang='lat' dir='ltr'><strong>Imperet,</strong></span> <span class='ocrx_word' id='word_1_489' title='bbox 281 2862 382 2912; x_wconf 78' lang='lat' dir='ltr'><strong>adsere</strong></span> <span class='ocrx_word' id='word_1_490' title='bbox 391 2876 505 2927; x_wconf 77' lang='lat' dir='ltr'><strong>poenam</strong></span> <span class='ocrx_word' id='word_1_491' title='bbox 514 2866 659 2928; x_wconf 81' lang='lat' dir='ltr'><strong>portarier,</strong></span> <span class='ocrx_word' id='word_1_492' title='bbox 678 2866 739 2925; x_wconf 81' lang='lat' dir='ltr'><strong>aopi</strong></span> <span class='ocrx_word' id='word_1_493' title='bbox 753 2869 785 2913; x_wconf 85' lang='lat' dir='ltr'>se</span> <span class='ocrx_word' id='word_1_494' title='bbox 797 2865 933 2927; x_wconf 75' lang='lat' dir='ltr'><em>spectante</em></span> <span class='ocrx_word' id='word_1_495' title='bbox 943 2862 1020 2923; x_wconf 78' lang='lat' dir='ltr'><strong>juber</strong></span> <span class='ocrx_word' id='word_1_496' title='bbox 1030 2877 1081 2925; x_wconf 89' lang='lat' dir='ltr'>per</span> <span class='ocrx_word' id='word_1_497' title='bbox 1092 2876 1198 2913; x_wconf 81' lang='lat' dir='ltr'><strong>serram</strong></span> <span class='ocrx_word' id='word_1_498' title='bbox 1207 2866 1317 2928; x_wconf 80' lang='lat' dir='ltr'><strong>pultare</strong></span> <span class='ocrx_word' id='word_1_499' title='bbox 1335 2864 1430 2930; x_wconf 75' lang='lat' dir='ltr'><strong>fratris</strong></span> <span class='ocrx_word' id='word_1_500' title='bbox 1443 2866 1563 2930; x_wconf 80' lang='lat' dir='ltr'><strong>Infantis</strong></span> <span class='ocrx_word' id='word_1_501' title='bbox 1573 2870 1675 2933; x_wconf 84' lang='lat' dir='ltr'><strong>teneri,</strong></span> 
     </span>
     <span class='ocr_line' id='line_1_54' title="bbox 71 2932 1674 3001; baseline 0.004 -19"><span class='ocrx_word' id='word_1_502' title='bbox 71 2934 154 2985; x_wconf 83' lang='lat' dir='ltr'><strong>donee</strong></span> <span class='ocrx_word' id='word_1_503' title='bbox 175 2935 203 2982; x_wconf 85' lang='lat' dir='ltr'><strong>vi</strong></span> <span class='ocrx_word' id='word_1_504' title='bbox 222 2934 328 2997; x_wconf 89' lang='lat' dir='ltr'><strong>spiritus</strong></span> <span class='ocrx_word' id='word_1_505' title='bbox 344 2945 392 2982; x_wconf 89' lang='lat' dir='ltr'>oro</span> <span class='ocrx_word' id='word_1_506' title='bbox 411 2934 563 2996; x_wconf 84' lang='lat' dir='ltr'><strong>interrupto</strong></span> <span class='ocrx_word' id='word_1_507' title='bbox 577 2932 652 2997; x_wconf 71' lang='lat' dir='ltr'><strong>sapit.</strong></span> <span class='ocrx_word' id='word_1_508' title='bbox 668 2932 679 2996; x_wconf 81' lang='lat' dir='ltr'>ll</span> <span class='ocrx_word' id='word_1_509' title='bbox 697 2961 721 2969; x_wconf 90' lang='lat'>-·</span> <span class='ocrx_word' id='word_1_510' title='bbox 736 2932 1010 2997; x_wconf 79' lang='grc' dir='ltr'>απένδεταιῬωμαίοις]</span> <span class='ocrx_word' id='word_1_511' title='bbox 1022 2936 1059 2983; x_wconf 85' lang='lat' dir='ltr'>De</span> <span class='ocrx_word' id='word_1_512' title='bbox 1074 2934 1227 2984; x_wconf 67' lang='lat' dir='ltr'><strong>consuntini</strong></span> <span class='ocrx_word' id='word_1_513' title='bbox 1247 2935 1366 2998; x_wconf 85' lang='lat' dir='ltr'><strong>legatione</strong></span> <span class='ocrx_word' id='word_1_514' title='bbox 1384 2937 1495 2999; x_wconf 88' lang='lat' dir='ltr'><strong>pluribus</strong></span> <span class='ocrx_word' id='word_1_515' title='bbox 1514 2937 1564 3001; x_wconf 80' lang='lat' dir='ltr'><strong>agit</strong></span> <span class='ocrx_word' id='word_1_516' title='bbox 1590 2941 1674 2989; x_wconf 75' lang='lat' dir='ltr'><strong>Duces</strong></span> 
     </span>
     <span class='ocr_line' id='line_1_55' title="bbox 70 3001 1673 3071; baseline 0.003 -19"><span class='ocrx_word' id='word_1_517' title='bbox 70 3017 95 3067; x_wconf 90' lang='lat' dir='ltr'>p.</span> <span class='ocrx_word' id='word_1_518' title='bbox 110 3008 166 3054; x_wconf 85' lang='grc'>232.</span> <span class='ocrx_word' id='word_1_519' title='bbox 182 3001 345 3052; x_wconf 81' lang='lat' dir='ltr'><strong>Mechemetos</strong></span> <span class='ocrx_word' id='word_1_520' title='bbox 358 3002 499 3065; x_wconf 88' lang='lat' dir='ltr'><strong>imperatori</strong></span> <span class='ocrx_word' id='word_1_521' title='bbox 510 3016 558 3052; x_wconf 90' lang='lat' dir='ltr'>nou</span> <span class='ocrx_word' id='word_1_522' title='bbox 569 3004 643 3051; x_wconf 87' lang='lat' dir='ltr'><strong>morlo</strong></span> <span class='ocrx_word' id='word_1_523' title='bbox 656 3016 740 3066; x_wconf 81' lang='lat' dir='ltr'><strong>pacem</strong></span> <span class='ocrx_word' id='word_1_524' title='bbox 754 3016 782 3052; x_wconf 86' lang='lat' dir='ltr'>se</span> <span class='ocrx_word' id='word_1_525' title='bbox 798 3006 955 3053; x_wconf 74' lang='lat' dir='ltr'><strong>servaturum</strong></span> <span class='ocrx_word' id='word_1_526' title='bbox 974 3004 1100 3066; x_wconf 76' lang='lat' dir='ltr'><strong>promisit,</strong></span> <span class='ocrx_word' id='word_1_527' title='bbox 1112 3004 1156 3053; x_wconf 87' lang='lat' dir='ltr'>sed</span> <span class='ocrx_word' id='word_1_528' title='bbox 1176 3004 1251 3054; x_wconf 80' lang='lat' dir='ltr'><strong>etiem</strong></span> <span class='ocrx_word' id='word_1_529' title='bbox 1270 3006 1399 3068; x_wconf 71' lang='lat' dir='ltr'><strong>paecuniam</strong></span> <span class='ocrx_word' id='word_1_530' title='bbox 1411 3008 1523 3069; x_wconf 80' lang='grc' dir='ltr'>(300,οω</span> <span class='ocrx_word' id='word_1_531' title='bbox 1533 3010 1673 3071; x_wconf 84' lang='lat' dir='ltr'><strong>aspromrnl</strong></span> 
     </span>
     <span class='ocr_line' id='line_1_56' title="bbox 70 3070 1676 3143; baseline 0.002 -20"><span class='ocrx_word' id='word_1_532' title='bbox 70 3072 193 3136; x_wconf 71' lang='lat' dir='ltr'><strong>crepione</strong></span> <span class='ocrx_word' id='word_1_533' title='bbox 205 3070 356 3134; x_wconf 80' lang='lat' dir='ltr'><strong>Strymoniae</strong></span> <span class='ocrx_word' id='word_1_534' title='bbox 365 3072 495 3134; x_wconf 76' lang='lat' dir='ltr'><strong>quotannis</strong></span> <span class='ocrx_word' id='word_1_535' title='bbox 504 3073 645 3123; x_wconf 79' lang='lat' dir='ltr'><strong>redeuntem</strong></span> <span class='ocrx_word' id='word_1_536' title='bbox 662 3072 803 3135; x_wconf 79' lang='lat' dir='ltr'><strong>assignarit,</strong></span> <span class='ocrx_word' id='word_1_537' title='bbox 812 3085 863 3135; x_wconf 86' lang='lat' dir='ltr'>qua</span> <span class='ocrx_word' id='word_1_538' title='bbox 872 3072 984 3133; x_wconf 85' lang='lat' dir='ltr'><strong>Orchan,</strong></span> <span class='ocrx_word' id='word_1_539' title='bbox 994 3087 1026 3122; x_wconf 81' lang='lat' dir='ltr'>ex</span> <span class='ocrx_word' id='word_1_540' title='bbox 1036 3077 1198 3124; x_wconf 90' lang='lat' dir='ltr'><strong>Osmanoram</strong></span> <span class='ocrx_word' id='word_1_541' title='bbox 1212 3077 1281 3138; x_wconf 75' lang='lat' dir='ltr'><strong>gente</strong></span> <span class='ocrx_word' id='word_1_542' title='bbox 1293 3074 1412 3126; x_wconf 77' lang='lat' dir='ltr'><strong>oriundus</strong></span> <span class='ocrx_word' id='word_1_543' title='bbox 1427 3080 1453 3126; x_wconf 92' lang='lat' dir='ltr'>et</span> <span class='ocrx_word' id='word_1_544' title='bbox 1466 3077 1676 3143; x_wconf 83' lang='lat' dir='ltr'><strong>constantinopolt</strong></span> 
     </span>
     <span class='ocr_line' id='line_1_57' title="bbox 71 3142 1676 3210; baseline 0.004 -17"><span class='ocrx_word' id='word_1_545' title='bbox 71 3144 163 3207; x_wconf 75' lang='lat' dir='ltr'><strong>degens</strong></span> <span class='ocrx_word' id='word_1_546' title='bbox 173 3145 207 3205; x_wconf 90' lang='grc' dir='ltr'>(ν.</span> <span class='ocrx_word' id='word_1_547' title='bbox 216 3142 337 3192; x_wconf 86' lang='lat' dir='ltr'><strong>critobul.</strong></span> <span class='ocrx_word' id='word_1_548' title='bbox 351 3145 371 3204; x_wconf 88' lang='lat'>1,</span> <span class='ocrx_word' id='word_1_549' title='bbox 383 3146 430 3205; x_wconf 84' lang='grc'>31),</span> <span class='ocrx_word' id='word_1_550' title='bbox 443 3144 557 3193; x_wconf 79' lang='lat' dir='ltr'><strong>aleretur.</strong></span> <span class='ocrx_word' id='word_1_551' title='bbox 572 3143 679 3193; x_wconf 86' lang='lat' dir='ltr'><strong>Eandem</strong></span> <span class='ocrx_word' id='word_1_552' title='bbox 694 3142 837 3206; x_wconf 82' lang='lat' dir='ltr'><strong>legationem</strong></span> <span class='ocrx_word' id='word_1_553' title='bbox 853 3142 919 3191; x_wconf 90' lang='lat' dir='ltr'><strong>canit</strong></span> <span class='ocrx_word' id='word_1_554' title='bbox 930 3143 1053 3193; x_wconf 81' lang='lat' dir='ltr'><strong>Paeonius</strong></span> <span class='ocrx_word' id='word_1_555' title='bbox 1063 3151 1086 3203; x_wconf 90' lang='grc'>2,</span> <span class='ocrx_word' id='word_1_556' title='bbox 1097 3147 1211 3195; x_wconf 73' lang='lat' dir='ltr'><strong>tlt-378.</strong></span> <span class='ocrx_word' id='word_1_557' title='bbox 1225 3145 1341 3208; x_wconf 76' lang='lat' dir='ltr'><strong>Princeps</strong></span> <span class='ocrx_word' id='word_1_558' title='bbox 1352 3145 1494 3209; x_wconf 77' lang='lat' dir='ltr'><strong>legationis,</strong></span> <span class='ocrx_word' id='word_1_559' title='bbox 1504 3148 1575 3210; x_wconf 82' lang='lat' dir='ltr'><strong>cujus</strong></span> <span class='ocrx_word' id='word_1_560' title='bbox 1586 3148 1676 3199; x_wconf 82' lang='lat' dir='ltr'><strong>oratio·</strong></span> 
     </span>
     <span class='ocr_line' id='line_1_58' title="bbox 71 3209 1673 3279; baseline 0.003 -18"><span class='ocrx_word' id='word_1_561' title='bbox 71 3226 129 3262; x_wconf 84' lang='lat' dir='ltr'>nem</span> <span class='ocrx_word' id='word_1_562' title='bbox 142 3214 216 3276; x_wconf 89' lang='lat' dir='ltr'><strong>poeta</strong></span> <span class='ocrx_word' id='word_1_563' title='bbox 230 3209 340 3274; x_wconf 83' lang='lat' dir='ltr'><strong>exhibet,</strong></span> <span class='ocrx_word' id='word_1_564' title='bbox 356 3214 458 3261; x_wconf 84' lang='lat' dir='ltr'><strong>uocatur</strong></span> <span class='ocrx_word' id='word_1_565' title='bbox 468 3211 644 3275; x_wconf 82' lang='lat' dir='ltr'><strong>splcroocius,</strong></span> <span class='ocrx_word' id='word_1_566' title='bbox 657 3212 725 3260; x_wconf 88' lang='lat' dir='ltr'><strong>haud</strong></span> <span class='ocrx_word' id='word_1_567' title='bbox 745 3211 819 3261; x_wconf 91' lang='lat' dir='ltr'><strong>dubie</strong></span> <span class='ocrx_word' id='word_1_568' title='bbox 831 3212 964 3261; x_wconf 80' lang='lat' dir='ltr'><strong>Plurantres</strong></span> <span class='ocrx_word' id='word_1_569' title='bbox 979 3212 1193 3276; x_wconf 82' lang='lat' dir='ltr'><strong>protovestiarius,</strong></span> <span class='ocrx_word' id='word_1_570' title='bbox 1209 3214 1253 3277; x_wconf 85' lang='lat' dir='ltr'><strong>qui</strong></span> <span class='ocrx_word' id='word_1_571' title='bbox 1269 3215 1360 3264; x_wconf 87' lang='lat' dir='ltr'><strong>multus</strong></span> <span class='ocrx_word' id='word_1_572' title='bbox 1377 3229 1435 3265; x_wconf 89' lang='lat' dir='ltr'><strong>saue</strong></span> <span class='ocrx_word' id='word_1_573' title='bbox 1450 3215 1583 3279; x_wconf 78' lang='lat' dir='ltr'><strong>legationes</strong></span> <span class='ocrx_word' id='word_1_574' title='bbox 1596 3216 1673 3273; x_wconf 86' lang='lat' dir='ltr'><strong>obiit,</strong></span> 
     </span>
     <span class='ocr_line' id='line_1_59' title="bbox 70 3282 1676 3351; baseline 0.004 -18"><span class='ocrx_word' id='word_1_575' title='bbox 70 3284 103 3333; x_wconf 86' lang='lat' dir='ltr'>de</span> <span class='ocrx_word' id='word_1_576' title='bbox 121 3283 168 3332; x_wconf 85' lang='lat' dir='ltr'>heo</span> <span class='ocrx_word' id='word_1_577' title='bbox 181 3295 241 3332; x_wconf 78' lang='lat' dir='ltr'><strong>vero</strong></span> <span class='ocrx_word' id='word_1_578' title='bbox 258 3295 289 3331; x_wconf 88' lang='lat' dir='ltr'>ne</span> <span class='ocrx_word' id='word_1_579' title='bbox 299 3282 403 3331; x_wconf 76' lang='lat' dir='ltr'><strong>vonum</strong></span> <span class='ocrx_word' id='word_1_580' title='bbox 417 3282 516 3345; x_wconf 82' lang='lat' dir='ltr'><strong>quidem</strong></span> <span class='ocrx_word' id='word_1_581' title='bbox 527 3282 613 3333; x_wconf 86' lang='lat' dir='ltr'><strong>habet.</strong></span> <span class='ocrx_word' id='word_1_582' title='bbox 630 3282 725 3345; x_wconf 80' lang='lat' dir='ltr'><strong>Legalis</strong></span> <span class='ocrx_word' id='word_1_583' title='bbox 737 3282 911 3332; x_wconf 86' lang='lat' dir='ltr'><strong>Constantinus</strong></span> <span class='ocrx_word' id='word_1_584' title='bbox 924 3282 988 3332; x_wconf 87' lang='lat' dir='ltr'><strong>inter</strong></span> <span class='ocrx_word' id='word_1_585' title='bbox 1004 3284 1051 3333; x_wconf 87' lang='lat' dir='ltr'><strong>alia</strong></span> <span class='ocrx_word' id='word_1_586' title='bbox 1067 3284 1194 3335; x_wconf 80' lang='lat' dir='ltr'><strong>mandevit</strong></span> <span class='ocrx_word' id='word_1_587' title='bbox 1204 3287 1233 3334; x_wconf 91' lang='lat' dir='ltr'>ut</span> <span class='ocrx_word' id='word_1_588' title='bbox 1245 3285 1315 3335; x_wconf 88' lang='lat' dir='ltr'><strong>reddi</strong></span> <span class='ocrx_word' id='word_1_589' title='bbox 1330 3290 1415 3349; x_wconf 84' lang='lat' dir='ltr'><strong>petant</strong></span> <span class='ocrx_word' id='word_1_590' title='bbox 1425 3288 1579 3351; x_wconf 88' lang='lat' dir='ltr'><strong>Propontidis</strong></span> <span class='ocrx_word' id='word_1_591' title='bbox 1589 3288 1676 3340; x_wconf 85' lang='lat' dir='ltr'><strong>urbem</strong></span> 
     </span>
     <span class='ocr_line' id='line_1_60' title="bbox 70 3351 1676 3420; baseline 0.004 -18"><span class='ocrx_word' id='word_1_592' title='bbox 70 3352 249 3412; x_wconf 74' lang='lat' dir='ltr'><strong>Heracleame</strong></span> <span class='ocrx_word' id='word_1_593' title='bbox 264 3354 321 3401; x_wconf 86' lang='lat' dir='ltr'><strong>otto</strong></span> <span class='ocrx_word' id='word_1_594' title='bbox 338 3362 422 3414; x_wconf 78' lang='lat' dir='ltr'><strong>repom</strong></span> <span class='ocrx_word' id='word_1_595' title='bbox 437 3364 497 3402; x_wconf 87' lang='lat' dir='ltr'>cum</span> <span class='ocrx_word' id='word_1_596' title='bbox 515 3354 602 3402; x_wconf 84' lang='lat' dir='ltr'><strong>Porro</strong></span> <span class='ocrx_word' id='word_1_597' title='bbox 621 3352 754 3401; x_wconf 75' lang='lat' dir='ltr'><strong>loonnom</strong></span> <span class='ocrx_word' id='word_1_598' title='bbox 767 3351 891 3413; x_wconf 77' lang='lat' dir='ltr'><strong>Abstulit,</strong></span> <span class='ocrx_word' id='word_1_599' title='bbox 915 3354 993 3402; x_wconf 84' lang='lat' dir='ltr'><strong>inciti</strong></span> <span class='ocrx_word' id='word_1_600' title='bbox 1009 3366 1090 3417; x_wconf 78' lang='lat' dir='ltr'><strong>pauor</strong></span> <span class='ocrx_word' id='word_1_601' title='bbox 1102 3367 1250 3405; x_wconf 84' lang='lat' dir='ltr'><strong>concessere</strong></span> <span class='ocrx_word' id='word_1_602' title='bbox 1261 3358 1386 3419; x_wconf 85' lang='lat' dir='ltr'><strong>poreott,</strong></span> <span class='ocrx_word' id='word_1_603' title='bbox 1401 3359 1476 3407; x_wconf 86' lang='lat' dir='ltr'><strong>Iram</strong></span> <span class='ocrx_word' id='word_1_604' title='bbox 1494 3358 1554 3407; x_wconf 80' lang='lat' dir='ltr'>dum</span> <span class='ocrx_word' id='word_1_605' title='bbox 1570 3354 1676 3420; x_wconf 76' lang='grc' dir='ltr'>[αρίιιιιί</span> 
     </span>
    </p>
   </div>
   <div class='ocr_carea' id='block_1_14' title="bbox 71 3422 754 3487">
    <p class='ocr_par' dir='ltr' id='par_1_14' title="bbox 71 3422 754 3487">
     <span class='ocr_line' id='line_1_61' title="bbox 71 3422 754 3487; baseline -0.003 -14"><span class='ocrx_word' id='word_1_606' title='bbox 71 3422 169 3487; x_wconf 80' lang='grc' dir='ltr'>ίνορίιίί</span> <span class='ocrx_word' id='word_1_607' title='bbox 181 3434 287 3473; x_wconf 68' lang='lat' dir='ltr'><strong>seuam.</strong></span> <span class='ocrx_word' id='word_1_608' title='bbox 302 3422 436 3486; x_wconf 83' lang='lat' dir='ltr'><strong>Respondit</strong></span> <span class='ocrx_word' id='word_1_609' title='bbox 449 3422 616 3473; x_wconf 82' lang='lat' dir='ltr'><strong>Mechemetus</strong></span> <span class='ocrx_word' id='word_1_610' title='bbox 628 3436 669 3473; x_wconf 84' lang='lat' dir='ltr'><strong>vs.</strong></span> <span class='ocrx_word' id='word_1_611' title='bbox 686 3426 731 3473; x_wconf 83' lang='grc'>352</span> <span class='ocrx_word' id='word_1_612' title='bbox 748 3442 754 3471; x_wconf 83' lang='grc' dir='ltr'>ι</span> 
     </span>
    </p>
   </div>
   <div class='ocr_carea' id='block_1_15' title="bbox 957 3546 1117 3602">
    <p class='ocr_par' dir='ltr' id='par_1_15' title="bbox 957 3546 1117 3602">
     <span class='ocr_line' id='line_1_62' title="bbox 957 3546 1117 3602; baseline 0 -12"><span class='ocrx_word' id='word_1_613' title='bbox 957 3546 1117 3602; x_wconf 78' lang='lat' dir='ltr'><strong>Omoioserte</strong></span> 
     </span>
    </p>
   </div>
   <div class='ocr_carea' id='block_1_16' title="bbox 539 3605 1246 3911">
    <p class='ocr_par' dir='ltr' id='par_1_16' title="bbox 545 3605 1150 3724">
     <span class='ocr_line' id='line_1_63' title="bbox 545 3605 1133 3663; baseline 0.01 -16"><span class='ocrx_word' id='word_1_614' title='bbox 545 3616 596 3661; x_wconf 80' lang='lat' dir='ltr'>que</span> <span class='ocrx_word' id='word_1_615' title='bbox 607 3605 697 3660; x_wconf 84' lang='lat' dir='ltr'><strong>petitis,</strong></span> <span class='ocrx_word' id='word_1_616' title='bbox 711 3608 785 3649; x_wconf 84' lang='lat' dir='ltr'><strong>oestro</strong></span> <span class='ocrx_word' id='word_1_617' title='bbox 796 3616 923 3661; x_wconf 71' lang='lat' dir='ltr'><strong>pacemque</strong></span> <span class='ocrx_word' id='word_1_618' title='bbox 935 3609 1021 3661; x_wconf 73' lang='lat' dir='ltr'><strong>retem</strong></span> <span class='ocrx_word' id='word_1_619' title='bbox 1031 3614 1133 3663; x_wconf 79' lang='lat' dir='ltr'><strong>tyranno</strong></span> 
     </span>
     <span class='ocr_line' id='line_1_64' title="bbox 547 3666 1150 3724; baseline 0.008 -15"><span class='ocrx_word' id='word_1_620' title='bbox 547 3668 653 3721; x_wconf 85' lang='lat' dir='ltr'><strong>optatam</strong></span> <span class='ocrx_word' id='word_1_621' title='bbox 662 3666 830 3723; x_wconf 77' lang='grc' dir='ltr'>οιαδίίεπιρυες</span> <span class='ocrx_word' id='word_1_622' title='bbox 838 3667 939 3723; x_wconf 75' lang='lat' dir='ltr'><strong>irrisore</strong></span> <span class='ocrx_word' id='word_1_623' title='bbox 948 3681 1039 3724; x_wconf 79' lang='grc' dir='ltr'>εεπιρετ</span> <span class='ocrx_word' id='word_1_624' title='bbox 1046 3670 1150 3714; x_wconf 81' lang='lat' dir='ltr'><strong>amicum</strong></span> 
     </span>
    </p>

    <p class='ocr_par' dir='ltr' id='par_1_17' title="bbox 547 3727 1153 3845">
     <span class='ocr_line' id='line_1_65' title="bbox 549 3727 1153 3785; baseline 0.012 -14"><span class='ocrx_word' id='word_1_625' title='bbox 549 3740 598 3785; x_wconf 84' lang='lat' dir='ltr'>me,</span> <span class='ocrx_word' id='word_1_626' title='bbox 611 3728 668 3771; x_wconf 85' lang='lat' dir='ltr'>dam</span> <span class='ocrx_word' id='word_1_627' title='bbox 681 3728 730 3772; x_wconf 79' lang='lat' dir='ltr'><strong>otto</strong></span> <span class='ocrx_word' id='word_1_628' title='bbox 745 3730 803 3782; x_wconf 87' lang='lat' dir='ltr'><strong>erit,</strong></span> <span class='ocrx_word' id='word_1_629' title='bbox 816 3727 859 3773; x_wconf 83' lang='lat' dir='ltr'><strong>laoc</strong></span> <span class='ocrx_word' id='word_1_630' title='bbox 868 3734 935 3783; x_wconf 78' lang='lat' dir='ltr'><strong>etspe</strong></span> <span class='ocrx_word' id='word_1_631' title='bbox 945 3732 1076 3785; x_wconf 84' lang='lat' dir='ltr'><strong>promittite</strong></span> <span class='ocrx_word' id='word_1_632' title='bbox 1083 3736 1153 3777; x_wconf 85' lang='lat' dir='ltr'><strong>certo.</strong></span> 
     </span>
     <span class='ocr_line' id='line_1_66' title="bbox 547 3788 1049 3845; baseline 0.002 -12"><span class='ocrx_word' id='word_1_633' title='bbox 547 3788 650 3845; x_wconf 78' lang='lat' dir='ltr'><strong>Arpenla&#39;</strong></span> <span class='ocrx_word' id='word_1_634' title='bbox 661 3801 785 3833; x_wconf 75' lang='lat' dir='ltr'><strong>scammum</strong></span> <span class='ocrx_word' id='word_1_635' title='bbox 797 3790 885 3843; x_wconf 80' lang='lat' dir='ltr'><strong>clpintr&#39;</strong></span> <span class='ocrx_word' id='word_1_636' title='bbox 895 3790 977 3834; x_wconf 85' lang='lat' dir='ltr'><strong>millio</strong></span> <span class='ocrx_word' id='word_1_637' title='bbox 988 3792 1049 3835; x_wconf 82' lang='lat' dir='ltr'><strong>douo</strong></span> 
     </span>
    </p>

    <p class='ocr_par' dir='ltr' id='par_1_18' title="bbox 539 3851 1246 3911">
     <span class='ocr_line' id='line_1_67' title="bbox 539 3851 1246 3911; baseline 0.011 -18"><span class='ocrx_word' id='word_1_638' title='bbox 539 3851 650 3907; x_wconf 59' lang='grc' dir='ltr'>ἰ’ποιιρεν,</span> <span class='ocrx_word' id='word_1_639' title='bbox 660 3852 684 3894; x_wconf 86' lang='lat' dir='ltr'>in</span> <span class='ocrx_word' id='word_1_640' title='bbox 693 3852 760 3905; x_wconf 88' lang='lat' dir='ltr'><strong>poeis</strong></span> <span class='ocrx_word' id='word_1_641' title='bbox 769 3856 945 3895; x_wconf 83' lang='lat' dir='ltr'><strong>monumentum</strong></span> <span class='ocrx_word' id='word_1_642' title='bbox 958 3856 980 3895; x_wconf 86' lang='lat' dir='ltr'>et</span> <span class='ocrx_word' id='word_1_643' title='bbox 991 3853 1078 3909; x_wconf 74' lang='lat' dir='ltr'><strong>pipicus</strong></span> <span class='ocrx_word' id='word_1_644' title='bbox 1091 3856 1190 3911; x_wconf 78' lang='lat' dir='ltr'><strong>notoria,</strong></span> <span class='ocrx_word' id='word_1_645' title='bbox 1203 3859 1246 3901; x_wconf 82' lang='lat' dir='ltr'><strong>etc.</strong></span> 
     </span>
    </p>
   </div>
   <div class='ocr_carea' id='block_1_17' title="bbox 11 3965 1677 5237">
    <p class='ocr_par' dir='ltr' id='par_1_19' title="bbox 11 3965 1677 5237">
     <span class='ocr_line' id='line_1_68' title="bbox 71 3965 1676 4035; baseline 0.005 -20"><span class='ocrx_word' id='word_1_646' title='bbox 71 3968 165 4015; x_wconf 80' lang='lat' dir='ltr'><strong>Praeter</strong></span> <span class='ocrx_word' id='word_1_647' title='bbox 175 3966 319 4029; x_wconf 81' lang='lat' dir='ltr'><strong>Byzantinos</strong></span> <span class='ocrx_word' id='word_1_648' title='bbox 329 3965 472 4015; x_wconf 77' lang='lat' dir='ltr'><strong>lancellam</strong></span> <span class='ocrx_word' id='word_1_649' title='bbox 484 3966 575 4017; x_wconf 77' lang='lat' dir='ltr'><strong>servio</strong></span> <span class='ocrx_word' id='word_1_650' title='bbox 585 3968 686 4031; x_wconf 82' lang='lat' dir='ltr'><strong>despota</strong></span> <span class='ocrx_word' id='word_1_651' title='bbox 696 3972 721 4017; x_wconf 89' lang='lat' dir='ltr'>et</span> <span class='ocrx_word' id='word_1_652' title='bbox 730 3968 843 4019; x_wconf 83' lang='lat' dir='ltr'><strong>Walaclri</strong></span> <span class='ocrx_word' id='word_1_653' title='bbox 856 3972 881 4019; x_wconf 87' lang='lat' dir='ltr'>et</span> <span class='ocrx_word' id='word_1_654' title='bbox 891 3970 989 4033; x_wconf 81' lang='lat' dir='ltr'><strong>Bulgari</strong></span> <span class='ocrx_word' id='word_1_655' title='bbox 1001 3975 1028 4022; x_wconf 90' lang='lat' dir='ltr'>et</span> <span class='ocrx_word' id='word_1_656' title='bbox 1037 3983 1069 4021; x_wconf 74' lang='lat' dir='ltr'>en</span> <span class='ocrx_word' id='word_1_657' title='bbox 1080 3971 1166 4021; x_wconf 79' lang='lat' dir='ltr'><strong>insulta</strong></span> <span class='ocrx_word' id='word_1_658' title='bbox 1176 3970 1310 4035; x_wconf 79' lang='lat' dir='ltr'><strong>Mitylenaei</strong></span> <span class='ocrx_word' id='word_1_659' title='bbox 1321 3974 1347 4021; x_wconf 87' lang='lat' dir='ltr'>et</span> <span class='ocrx_word' id='word_1_660' title='bbox 1360 3971 1417 4021; x_wconf 85' lang='lat' dir='ltr'><strong>chii</strong></span> <span class='ocrx_word' id='word_1_661' title='bbox 1426 3974 1451 4021; x_wconf 89' lang='lat' dir='ltr'>et</span> <span class='ocrx_word' id='word_1_662' title='bbox 1464 3970 1553 4021; x_wconf 85' lang='lat' dir='ltr'><strong>lihodii</strong></span> <span class='ocrx_word' id='word_1_663' title='bbox 1567 3985 1613 4023; x_wconf 88' lang='lat' dir='ltr'>nee</span> <span class='ocrx_word' id='word_1_664' title='bbox 1626 3985 1676 4023; x_wconf 85' lang='lat' dir='ltr'>non</span> 
     </span>
     <span class='ocr_line' id='line_1_69' title="bbox 73 4036 1676 4105; baseline 0.004 -20"><span class='ocrx_word' id='word_1_665' title='bbox 73 4038 213 4086; x_wconf 76' lang='lat' dir='ltr'><strong>(leonenses</strong></span> <span class='ocrx_word' id='word_1_666' title='bbox 224 4037 318 4086; x_wconf 75' lang='lat' dir='ltr'><strong>Galate</strong></span> <span class='ocrx_word' id='word_1_667' title='bbox 328 4036 408 4085; x_wconf 85' lang='lat' dir='ltr'><strong>missis</strong></span> <span class='ocrx_word' id='word_1_668' title='bbox 421 4036 506 4100; x_wconf 80' lang='lat' dir='ltr'><strong>legatis</strong></span> <span class='ocrx_word' id='word_1_669' title='bbox 519 4036 637 4101; x_wconf 77' lang='lat' dir='ltr'><strong>(lorisque</strong></span> <span class='ocrx_word' id='word_1_670' title='bbox 650 4038 783 4089; x_wconf 72' lang='lat' dir='ltr'><strong>imicitiam</strong></span> <span class='ocrx_word' id='word_1_671' title='bbox 798 4040 863 4102; x_wconf 80' lang='lat' dir='ltr'><strong>regis</strong></span> <span class='ocrx_word' id='word_1_672' title='bbox 878 4040 1065 4103; x_wconf 79' lang='lat' dir='ltr'><strong>expetiremnt3</strong></span> <span class='ocrx_word' id='word_1_673' title='bbox 1085 4041 1190 4104; x_wconf 88' lang='lat' dir='ltr'><strong>denique</strong></span> <span class='ocrx_word' id='word_1_674' title='bbox 1203 4046 1311 4092; x_wconf 82' lang='lat' dir='ltr'><strong>loannes</strong></span> <span class='ocrx_word' id='word_1_675' title='bbox 1323 4042 1469 4104; x_wconf 75' lang='lat' dir='ltr'><strong>lluuyades,</strong></span> <span class='ocrx_word' id='word_1_676' title='bbox 1484 4043 1597 4105; x_wconf 82' lang='lat' dir='ltr'><strong>Uogariei</strong></span> <span class='ocrx_word' id='word_1_677' title='bbox 1605 4056 1676 4093; x_wconf 83' lang='lat' dir='ltr'><strong>exer·</strong></span> 
     </span>
     <span class='ocr_line' id='line_1_70' title="bbox 73 4104 1676 4176; baseline 0.005 -21"><span class='ocrx_word' id='word_1_678' title='bbox 73 4106 138 4155; x_wconf 83' lang='lat' dir='ltr'><strong>cirus</strong></span> <span class='ocrx_word' id='word_1_679' title='bbox 155 4106 222 4165; x_wconf 85' lang='lat' dir='ltr'><strong>dux,</strong></span> <span class='ocrx_word' id='word_1_680' title='bbox 233 4107 292 4154; x_wconf 89' lang='lat' dir='ltr'><strong>tunc</strong></span> <span class='ocrx_word' id='word_1_681' title='bbox 305 4104 330 4153; x_wconf 90' lang='lat' dir='ltr'>in</span> <span class='ocrx_word' id='word_1_682' title='bbox 348 4106 479 4155; x_wconf 90' lang='lat' dir='ltr'><strong>triennium</strong></span> <span class='ocrx_word' id='word_1_683' title='bbox 492 4104 604 4156; x_wconf 84' lang='lat' dir='ltr'><strong>inducias</strong></span> <span class='ocrx_word' id='word_1_684' title='bbox 617 4108 686 4167; x_wconf 83' lang='lat' dir='ltr'><strong>teuit,</strong></span> <span class='ocrx_word' id='word_1_685' title='bbox 699 4108 818 4159; x_wconf 76' lang='lat' dir='ltr'><strong>reserante</strong></span> <span class='ocrx_word' id='word_1_686' title='bbox 831 4111 901 4158; x_wconf 86' lang='lat' dir='ltr'><strong>Duce</strong></span> <span class='ocrx_word' id='word_1_687' title='bbox 910 4123 938 4172; x_wconf 88' lang='lat' dir='ltr'>p.</span> <span class='ocrx_word' id='word_1_688' title='bbox 953 4115 1007 4160; x_wconf 88' lang='grc'>233.</span> <span class='ocrx_word' id='word_1_689' title='bbox 1019 4109 1226 4173; x_wconf 81' lang='lat' dir='ltr'><strong>chalcocondyles</strong></span> <span class='ocrx_word' id='word_1_690' title='bbox 1235 4126 1261 4176; x_wconf 91' lang='lat' dir='ltr'>p.</span> <span class='ocrx_word' id='word_1_691' title='bbox 1271 4114 1317 4162; x_wconf 88' lang='grc'>373</span> <span class='ocrx_word' id='word_1_692' title='bbox 1330 4109 1362 4161; x_wconf 84' lang='lat' dir='ltr'>de</span> <span class='ocrx_word' id='word_1_693' title='bbox 1375 4124 1436 4176; x_wconf 81' lang='lat' dir='ltr'><strong>pace</strong></span> <span class='ocrx_word' id='word_1_694' title='bbox 1446 4124 1504 4162; x_wconf 86' lang='lat' dir='ltr'>eum</span> <span class='ocrx_word' id='word_1_695' title='bbox 1516 4113 1676 4163; x_wconf 83' lang='lat' dir='ltr'><strong>constantino</strong></span> 
     </span>
     <span class='ocr_line' id='line_1_71' title="bbox 70 4174 1676 4244; baseline 0.004 -20"><span class='ocrx_word' id='word_1_696' title='bbox 70 4179 145 4239; x_wconf 85' lang='lat' dir='ltr'><strong>pactu</strong></span> <span class='ocrx_word' id='word_1_697' title='bbox 164 4174 223 4225; x_wconf 84' lang='lat' dir='ltr'><strong>nihil</strong></span> <span class='ocrx_word' id='word_1_698' title='bbox 245 4175 339 4238; x_wconf 77' lang='lat' dir='ltr'><strong>prodit3</strong></span> <span class='ocrx_word' id='word_1_699' title='bbox 356 4190 414 4225; x_wconf 87' lang='lat' dir='ltr'><strong>nam</strong></span> <span class='ocrx_word' id='word_1_700' title='bbox 427 4188 483 4239; x_wconf 80' lang='lat' dir='ltr'>qum</span> <span class='ocrx_word' id='word_1_701' title='bbox 501 4176 626 4227; x_wconf 80' lang='lat' dir='ltr'><strong>Ziulseiseu</strong></span> <span class='ocrx_word' id='word_1_702' title='bbox 640 4184 662 4239; x_wconf 93' lang='grc'>1,</span> <span class='ocrx_word' id='word_1_703' title='bbox 677 4192 701 4243; x_wconf 89' lang='lat' dir='ltr'>p.</span> <span class='ocrx_word' id='word_1_704' title='bbox 720 4183 766 4229; x_wconf 96' lang='grc'>310</span> <span class='ocrx_word' id='word_1_705' title='bbox 786 4180 835 4228; x_wconf 88' lang='grc' dir='ltr'>Ιιιισ</span> <span class='ocrx_word' id='word_1_706' title='bbox 847 4180 969 4243; x_wconf 84' lang='lat' dir='ltr'><strong>pertinere</strong></span> <span class='ocrx_word' id='word_1_707' title='bbox 988 4184 1060 4244; x_wconf 87' lang='lat' dir='ltr'><strong>putat</strong></span> <span class='ocrx_word' id='word_1_708' title='bbox 1073 4181 1168 4231; x_wconf 79' lang='lat' dir='ltr'><strong>verbor.</strong></span> <span class='ocrx_word' id='word_1_709' title='bbox 1179 4184 1221 4232; x_wconf 81' lang='grc' dir='ltr'>καὶ</span> <span class='ocrx_word' id='word_1_710' title='bbox 1239 4187 1287 4239; x_wconf 84' lang='grc' dir='ltr'>τοῖς</span> <span class='ocrx_word' id='word_1_711' title='bbox 1300 4200 1327 4231; x_wconf 82' lang='grc' dir='ltr'>τι</span> <span class='ocrx_word' id='word_1_712' title='bbox 1341 4184 1441 4241; x_wconf 73' lang='grc' dir='ltr'>Ἕλλησι</span> <span class='ocrx_word' id='word_1_713' title='bbox 1452 4184 1554 4240; x_wconf 70' lang='grc' dir='ltr'>σπονδὰς</span> <span class='ocrx_word' id='word_1_714' title='bbox 1573 4186 1676 4234; x_wconf 79' lang='grc' dir='ltr'>ἐποιεῖτο</span> 
     </span>
     <span class='ocr_line' id='line_1_72' title="bbox 70 4244 1677 4312; baseline 0.006 -18"><span class='ocrx_word' id='word_1_715' title='bbox 70 4247 113 4294; x_wconf 82' lang='grc' dir='ltr'>καὶ</span> <span class='ocrx_word' id='word_1_716' title='bbox 131 4245 218 4294; x_wconf 75' lang='grc' dir='ltr'>δέδωκε</span> <span class='ocrx_word' id='word_1_717' title='bbox 235 4247 277 4301; x_wconf 72' lang='grc' dir='ltr'>τὴν</span> <span class='ocrx_word' id='word_1_718' title='bbox 297 4250 338 4302; x_wconf 87' lang='grc' dir='ltr'>τῆς</span> <span class='ocrx_word' id='word_1_719' title='bbox 353 4244 430 4299; x_wconf 83' lang='grc' dir='ltr'>Ἀσίας</span> <span class='ocrx_word' id='word_1_720' title='bbox 443 4246 569 4309; x_wconf 81' lang='grc' dir='ltr'>παράλιον,</span> <span class='ocrx_word' id='word_1_721' title='bbox 582 4260 612 4295; x_wconf 83' lang='lat' dir='ltr'>ee</span> <span class='ocrx_word' id='word_1_722' title='bbox 627 4248 747 4310; x_wconf 86' lang='lat' dir='ltr'><strong>pertinent</strong></span> <span class='ocrx_word' id='word_1_723' title='bbox 759 4248 842 4312; x_wconf 89' lang='lat' dir='ltr'><strong>potius</strong></span> <span class='ocrx_word' id='word_1_724' title='bbox 855 4248 887 4298; x_wconf 86' lang='lat' dir='ltr'>ad</span> <span class='ocrx_word' id='word_1_725' title='bbox 907 4250 1007 4299; x_wconf 82' lang='lat' dir='ltr'><strong>Graecos</strong></span> <span class='ocrx_word' id='word_1_726' title='bbox 1028 4250 1160 4311; x_wconf 86' lang='lat' dir='ltr'><strong>insulares,</strong></span> <span class='ocrx_word' id='word_1_727' title='bbox 1182 4252 1257 4302; x_wconf 82' lang='lat' dir='ltr'><strong>Girioa</strong></span> <span class='ocrx_word' id='word_1_728' title='bbox 1270 4256 1295 4301; x_wconf 89' lang='lat' dir='ltr'>ot</span> <span class='ocrx_word' id='word_1_729' title='bbox 1309 4251 1409 4301; x_wconf 67' lang='lat' dir='ltr'><strong>mirina</strong></span> <span class='ocrx_word' id='word_1_730' title='bbox 1428 4255 1475 4303; x_wconf 81' lang='lat' dir='ltr'><strong>ete.</strong></span> <span class='ocrx_word' id='word_1_731' title='bbox 1491 4252 1533 4303; x_wconf 87' lang='lat' dir='ltr'><strong>Sic</strong></span> <span class='ocrx_word' id='word_1_732' title='bbox 1546 4252 1677 4304; x_wconf 71' lang='lat' dir='ltr'><strong>Phocaeam</strong></span> 
     </span>
     <span class='ocr_line' id='line_1_73' title="bbox 11 4304 1677 4389; baseline 0.003 -24"><span class='ocrx_word' id='word_1_733' title='bbox 11 4304 15 4319; x_wconf 83' lang='lat'><strong><em>&#39;</em></strong></span> <span class='ocrx_word' id='word_1_734' title='bbox 69 4315 265 4378; x_wconf 78' lang='lat' dir='ltr'><strong>Asiaeuequead</strong></span> <span class='ocrx_word' id='word_1_735' title='bbox 277 4328 366 4365; x_wconf 85' lang='lat' dir='ltr'><strong>nanum</strong></span> <span class='ocrx_word' id='word_1_736' title='bbox 380 4320 437 4366; x_wconf 79' lang='lat'>1455</span> <span class='ocrx_word' id='word_1_737' title='bbox 447 4330 520 4380; x_wconf 87' lang='lat' dir='ltr'><strong>penes</strong></span> <span class='ocrx_word' id='word_1_738' title='bbox 530 4318 605 4369; x_wconf 82' lang='lat' dir='ltr'><strong>chios</strong></span> <span class='ocrx_word' id='word_1_739' title='bbox 617 4319 712 4369; x_wconf 86' lang='lat' dir='ltr'><strong>tuissee</strong></span> <span class='ocrx_word' id='word_1_740' title='bbox 726 4318 905 4381; x_wconf 78' lang='lat' dir='ltr'><strong>Critobuloa,5</strong></span> <span class='ocrx_word' id='word_1_741' title='bbox 917 4321 1039 4372; x_wconf 78' lang='lat' dir='ltr'><strong>novimus.</strong></span> <span class='ocrx_word' id='word_1_742' title='bbox 1054 4321 1065 4385; x_wconf 84' lang='lat' dir='ltr'><strong>l</strong></span> <span class='ocrx_word' id='word_1_743' title='bbox 1079 4350 1101 4359; x_wconf 94' lang='lat'>--</span> <span class='ocrx_word' id='word_1_744' title='bbox 1114 4322 1418 4387; x_wconf 66' lang='lat' dir='ltr'><strong>Kopspivp10aromaniaa</strong></span> <span class='ocrx_word' id='word_1_745' title='bbox 1427 4324 1677 4389; x_wconf 75' lang='lat' dir='ltr'><strong>princepsssbralrim.</strong></span> 
     </span>
     <span class='ocr_line' id='line_1_74' title="bbox 68 4384 1677 4450; baseline 0.004 -14"><span class='ocrx_word' id='word_1_746' title='bbox 68 4384 120 4450; x_wconf 68' lang='grc' dir='ltr'>λιες</span> <span class='ocrx_word' id='word_1_747' title='bbox 130 4398 169 4449; x_wconf 87' lang='lat' dir='ltr'>ap.</span> <span class='ocrx_word' id='word_1_748' title='bbox 184 4384 329 4446; x_wconf 84' lang='lat' dir='ltr'><strong>Seadeddin)</strong></span> <span class='ocrx_word' id='word_1_749' title='bbox 346 4385 428 4435; x_wconf 89' lang='lat' dir='ltr'><strong>statim</strong></span> <span class='ocrx_word' id='word_1_750' title='bbox 442 4389 497 4449; x_wconf 77' lang='lat' dir='ltr'><strong>post</strong></span> <span class='ocrx_word' id='word_1_751' title='bbox 520 4388 614 4438; x_wconf 89' lang='lat' dir='ltr'><strong>obitum</strong></span> <span class='ocrx_word' id='word_1_752' title='bbox 635 4389 736 4438; x_wconf 84' lang='lat' dir='ltr'><strong>lioratis</strong></span> <span class='ocrx_word' id='word_1_753' title='bbox 756 4389 872 4439; x_wconf 87' lang='lat' dir='ltr'><strong>ditionem</strong></span> <span class='ocrx_word' id='word_1_754' title='bbox 895 4392 1033 4440; x_wconf 81' lang='lat' dir='ltr'><strong>Turcarum</strong></span> <span class='ocrx_word' id='word_1_755' title='bbox 1049 4391 1173 4441; x_wconf 84' lang='lat' dir='ltr'><strong>invaserat</strong></span> <span class='ocrx_word' id='word_1_756' title='bbox 1191 4395 1216 4443; x_wconf 89' lang='lat' dir='ltr'>et</span> <span class='ocrx_word' id='word_1_757' title='bbox 1228 4394 1328 4443; x_wconf 81' lang='lat' dir='ltr'><strong>castella</strong></span> <span class='ocrx_word' id='word_1_758' title='bbox 1343 4393 1458 4443; x_wconf 76' lang='lat' dir='ltr'><strong>normulis</strong></span> <span class='ocrx_word' id='word_1_759' title='bbox 1473 4408 1489 4446; x_wconf 84' lang='lat' dir='ltr'><strong>a</strong></span> <span class='ocrx_word' id='word_1_760' title='bbox 1503 4398 1598 4445; x_wconf 79' lang='lat' dir='ltr'><strong>Morate</strong></span> <span class='ocrx_word' id='word_1_761' title='bbox 1618 4395 1677 4444; x_wconf 85' lang='lat' dir='ltr'><strong>otim</strong></span> 
     </span>
     <span class='ocr_line' id='line_1_75' title="bbox 69 4457 1676 4527; baseline 0.006 -21"><span class='ocrx_word' id='word_1_762' title='bbox 69 4460 144 4521; x_wconf 91' lang='lat' dir='ltr'><strong>eapta</strong></span> <span class='ocrx_word' id='word_1_763' title='bbox 157 4457 352 4519; x_wconf 79' lang='lat' dir='ltr'><strong>recuperaverat.</strong></span> <span class='ocrx_word' id='word_1_764' title='bbox 366 4457 452 4519; x_wconf 85' lang='lat' dir='ltr'><strong>ltaque</strong></span> <span class='ocrx_word' id='word_1_765' title='bbox 472 4458 635 4509; x_wconf 84' lang='lat' dir='ltr'><strong>Meehemetes</strong></span> <span class='ocrx_word' id='word_1_766' title='bbox 658 4464 743 4509; x_wconf 86' lang='lat' dir='ltr'><strong>contra</strong></span> <span class='ocrx_word' id='word_1_767' title='bbox 764 4473 822 4509; x_wconf 90' lang='lat' dir='ltr'><strong>oum</strong></span> <span class='ocrx_word' id='word_1_768' title='bbox 837 4460 972 4512; x_wconf 85' lang='lat' dir='ltr'><strong>exercitum</strong></span> <span class='ocrx_word' id='word_1_769' title='bbox 987 4461 1035 4511; x_wconf 87' lang='lat' dir='ltr'>sub</span> <span class='ocrx_word' id='word_1_770' title='bbox 1056 4465 1141 4513; x_wconf 81' lang='lat' dir='ltr'><strong>isaaco</strong></span> <span class='ocrx_word' id='word_1_771' title='bbox 1153 4462 1217 4513; x_wconf 88' lang='lat' dir='ltr'><strong>duee</strong></span> <span class='ocrx_word' id='word_1_772' title='bbox 1230 4463 1311 4525; x_wconf 69' lang='lat' dir='ltr'><strong>sunit,</strong></span> <span class='ocrx_word' id='word_1_773' title='bbox 1326 4466 1401 4527; x_wconf 83' lang='lat' dir='ltr'><strong>atque</strong></span> <span class='ocrx_word' id='word_1_774' title='bbox 1413 4464 1467 4527; x_wconf 84' lang='lat' dir='ltr'><strong>ipse</strong></span> <span class='ocrx_word' id='word_1_775' title='bbox 1487 4465 1513 4515; x_wconf 90' lang='lat' dir='ltr'>in</span> <span class='ocrx_word' id='word_1_776' title='bbox 1527 4466 1610 4516; x_wconf 77' lang='lat' dir='ltr'><strong>Asiam</strong></span> <span class='ocrx_word' id='word_1_777' title='bbox 1624 4468 1676 4515; x_wconf 90' lang='lat' dir='ltr'><strong>tra·</strong></span> 
     </span>
     <span class='ocr_line' id='line_1_76' title="bbox 64 4525 1673 4596; baseline 0.006 -21"><span class='ocrx_word' id='word_1_778' title='bbox 64 4526 143 4595; x_wconf 83' lang='lat' dir='ltr'><strong>jecit,</strong></span> <span class='ocrx_word' id='word_1_779' title='bbox 156 4538 234 4588; x_wconf 81' lang='lat' dir='ltr'><strong>eoque</strong></span> <span class='ocrx_word' id='word_1_780' title='bbox 249 4525 347 4575; x_wconf 87' lang='lat' dir='ltr'><strong>hostem</strong></span> <span class='ocrx_word' id='word_1_781' title='bbox 359 4525 453 4586; x_wconf 81' lang='lat' dir='ltr'><strong>adegit,</strong></span> <span class='ocrx_word' id='word_1_782' title='bbox 465 4530 493 4577; x_wconf 88' lang='lat' dir='ltr'>ut</span> <span class='ocrx_word' id='word_1_783' title='bbox 506 4528 601 4591; x_wconf 81' lang='lat' dir='ltr'><strong>legatos</strong></span> <span class='ocrx_word' id='word_1_784' title='bbox 618 4529 728 4579; x_wconf 85' lang='lat' dir='ltr'><strong>mitteret</strong></span> <span class='ocrx_word' id='word_1_785' title='bbox 737 4529 780 4591; x_wconf 84' lang='lat' dir='ltr'><strong>qui</strong></span> <span class='ocrx_word' id='word_1_786' title='bbox 797 4532 909 4580; x_wconf 87' lang='lat' dir='ltr'><strong>actorum</strong></span> <span class='ocrx_word' id='word_1_787' title='bbox 929 4530 1028 4581; x_wconf 83' lang='lat' dir='ltr'><strong>reniam</strong></span> <span class='ocrx_word' id='word_1_788' title='bbox 1041 4534 1262 4595; x_wconf 84' lang='lat' dir='ltr'><strong>peterent..Pacem</strong></span> <span class='ocrx_word' id='word_1_789' title='bbox 1276 4547 1319 4584; x_wconf 88' lang='grc' dir='ltr'>τοι</span> <span class='ocrx_word' id='word_1_790' title='bbox 1334 4536 1404 4584; x_wconf 88' lang='lat' dir='ltr'><strong>tauto</strong></span> <span class='ocrx_word' id='word_1_791' title='bbox 1417 4534 1514 4585; x_wconf 84' lang='lat' dir='ltr'><strong>taedius</strong></span> <span class='ocrx_word' id='word_1_792' title='bbox 1536 4536 1673 4596; x_wconf 73' lang='lat' dir='ltr'><strong>coneesdt,</strong></span> 
     </span>
     <span class='ocr_line' id='line_1_77' title="bbox 69 4594 1675 4667; baseline 0.006 -22"><span class='ocrx_word' id='word_1_793' title='bbox 69 4608 151 4658; x_wconf 78' lang='lat' dir='ltr'><strong>quum</strong></span> <span class='ocrx_word' id='word_1_794' title='bbox 166 4595 262 4645; x_wconf 88' lang='lat' dir='ltr'><strong>animus</strong></span> <span class='ocrx_word' id='word_1_795' title='bbox 275 4596 427 4644; x_wconf 78' lang='lat' dir='ltr'><strong>averteretur</strong></span> <span class='ocrx_word' id='word_1_796' title='bbox 448 4594 473 4645; x_wconf 91' lang='lat' dir='ltr'>in</span> <span class='ocrx_word' id='word_1_797' title='bbox 496 4598 653 4659; x_wconf 77' lang='lat' dir='ltr'><strong>dysentinos,</strong></span> <span class='ocrx_word' id='word_1_798' title='bbox 665 4599 709 4661; x_wconf 90' lang='lat' dir='ltr'><strong>qui</strong></span> <span class='ocrx_word' id='word_1_799' title='bbox 730 4599 808 4649; x_wconf 87' lang='lat' dir='ltr'><strong>altera</strong></span> <span class='ocrx_word' id='word_1_800' title='bbox 826 4599 902 4649; x_wconf 85' lang='lat' dir='ltr'><strong>missa</strong></span> <span class='ocrx_word' id='word_1_801' title='bbox 923 4598 1044 4663; x_wconf 76' lang='lat' dir='ltr'><strong>legatione</strong></span> <span class='ocrx_word' id='word_1_802' title='bbox 1062 4601 1172 4653; x_wconf 85' lang='lat' dir='ltr'><strong>minaces</strong></span> <span class='ocrx_word' id='word_1_803' title='bbox 1182 4616 1308 4653; x_wconf 84' lang='lat' dir='ltr'><strong>sannones</strong></span> <span class='ocrx_word' id='word_1_804' title='bbox 1323 4604 1418 4667; x_wconf 80' lang='lat' dir='ltr'><strong>jactare</strong></span> <span class='ocrx_word' id='word_1_805' title='bbox 1430 4603 1561 4655; x_wconf 76' lang='lat' dir='ltr'><strong>audebant.</strong></span> <span class='ocrx_word' id='word_1_806' title='bbox 1574 4606 1611 4653; x_wconf 84' lang='lat' dir='ltr'>De</span> <span class='ocrx_word' id='word_1_807' title='bbox 1622 4602 1675 4666; x_wconf 84' lang='lat' dir='ltr'><strong>his,</strong></span> 
     </span>
     <span class='ocr_line' id='line_1_78' title="bbox 69 4664 1673 4738; baseline 0.007 -25"><span class='ocrx_word' id='word_1_808' title='bbox 69 4679 130 4728; x_wconf 85' lang='lat' dir='ltr'><strong>quaa</strong></span> <span class='ocrx_word' id='word_1_809' title='bbox 146 4666 243 4716; x_wconf 86' lang='lat' dir='ltr'><strong>silentio</strong></span> <span class='ocrx_word' id='word_1_810' title='bbox 257 4664 345 4728; x_wconf 89' lang='lat' dir='ltr'><strong>premit</strong></span> <span class='ocrx_word' id='word_1_811' title='bbox 358 4666 511 4729; x_wconf 84' lang='lat' dir='ltr'><strong>critobulus,</strong></span> <span class='ocrx_word' id='word_1_812' title='bbox 527 4670 582 4719; x_wconf 88' lang='lat' dir='ltr'><strong>t&#39;use</strong></span> <span class='ocrx_word' id='word_1_813' title='bbox 602 4670 701 4733; x_wconf 82' lang='lat' dir='ltr'><strong>exponit</strong></span> <span class='ocrx_word' id='word_1_814' title='bbox 718 4672 799 4720; x_wconf 77' lang='lat' dir='ltr'><strong>Duces</strong></span> <span class='ocrx_word' id='word_1_815' title='bbox 818 4683 844 4735; x_wconf 90' lang='lat' dir='ltr'><strong>p.</strong></span> <span class='ocrx_word' id='word_1_816' title='bbox 860 4674 976 4721; x_wconf 84' lang='grc'>233-237.</span> <span class='ocrx_word' id='word_1_817' title='bbox 991 4671 1030 4722; x_wconf 85' lang='lat' dir='ltr'>ct.</span> <span class='ocrx_word' id='word_1_818' title='bbox 1046 4672 1182 4724; x_wconf 85' lang='lat' dir='ltr'><strong>Phrantzes</strong></span> <span class='ocrx_word' id='word_1_819' title='bbox 1189 4687 1214 4738; x_wconf 92' lang='lat' dir='ltr'>p.</span> <span class='ocrx_word' id='word_1_820' title='bbox 1224 4679 1265 4737; x_wconf 84' lang='grc'>93,</span> <span class='ocrx_word' id='word_1_821' title='bbox 1280 4674 1445 4725; x_wconf 84' lang='lat' dir='ltr'><strong>chalcooond.</strong></span> <span class='ocrx_word' id='word_1_822' title='bbox 1457 4688 1483 4738; x_wconf 86' lang='lat' dir='ltr'>p.</span> <span class='ocrx_word' id='word_1_823' title='bbox 1495 4679 1556 4734; x_wconf 77' lang='grc' dir='ltr'>373ς</span> <span class='ocrx_word' id='word_1_824' title='bbox 1566 4673 1673 4725; x_wconf 83' lang='lat' dir='ltr'><strong>Seeded·</strong></span> 
     </span>
     <span class='ocr_line' id='line_1_79' title="bbox 67 4736 1675 4809; baseline 0.007 -25"><span class='ocrx_word' id='word_1_825' title='bbox 67 4736 114 4785; x_wconf 88' lang='lat' dir='ltr'><strong>diu</strong></span> <span class='ocrx_word' id='word_1_826' title='bbox 136 4742 161 4799; x_wconf 77' lang='lat' dir='ltr'>a,</span> <span class='ocrx_word' id='word_1_827' title='bbox 178 4748 203 4801; x_wconf 91' lang='lat' dir='ltr'><strong>p.</strong></span> <span class='ocrx_word' id='word_1_828' title='bbox 226 4740 268 4786; x_wconf 89' lang='grc'>123</span> <span class='ocrx_word' id='word_1_829' title='bbox 284 4748 331 4799; x_wconf 85' lang='lat' dir='ltr'><strong>eq.;</strong></span> <span class='ocrx_word' id='word_1_830' title='bbox 352 4738 468 4788; x_wconf 86' lang='lat' dir='ltr'><strong>llammer</strong></span> <span class='ocrx_word' id='word_1_831' title='bbox 489 4743 510 4801; x_wconf 93' lang='grc'>1,</span> <span class='ocrx_word' id='word_1_832' title='bbox 523 4752 548 4802; x_wconf 90' lang='lat' dir='ltr'><strong>p.</strong></span> <span class='ocrx_word' id='word_1_833' title='bbox 568 4744 628 4801; x_wconf 78' lang='lat'>5033</span> <span class='ocrx_word' id='word_1_834' title='bbox 643 4740 770 4791; x_wconf 83' lang='lat' dir='ltr'><strong>Zinieieen</strong></span> <span class='ocrx_word' id='word_1_835' title='bbox 789 4746 809 4802; x_wconf 89' lang='lat' dir='ltr'>t,</span> <span class='ocrx_word' id='word_1_836' title='bbox 828 4756 853 4807; x_wconf 90' lang='lat' dir='ltr'>p.</span> <span class='ocrx_word' id='word_1_837' title='bbox 871 4746 925 4791; x_wconf 90' lang='grc'>310.</span> <span class='ocrx_word' id='word_1_838' title='bbox 944 4743 1060 4792; x_wconf 83' lang='lat' dir='ltr'><strong>Cetemm</strong></span> <span class='ocrx_word' id='word_1_839' title='bbox 1072 4743 1185 4809; x_wconf 81' lang='lat' dir='ltr'><strong>princeps</strong></span> <span class='ocrx_word' id='word_1_840' title='bbox 1201 4744 1354 4795; x_wconf 75' lang='lat' dir='ltr'><strong>Garamante</strong></span> <span class='ocrx_word' id='word_1_841' title='bbox 1367 4744 1434 4808; x_wconf 83' lang='lat' dir='ltr'><strong>epod</strong></span> <span class='ocrx_word' id='word_1_842' title='bbox 1455 4744 1675 4807; x_wconf 65' lang='lat' dir='ltr'><strong>maloocondylam</strong></span> 
     </span>
     <span class='ocr_line' id='line_1_80' title="bbox 67 4807 1676 4879; baseline 0.006 -24"><span class='ocrx_word' id='word_1_843' title='bbox 67 4808 176 4856; x_wconf 81' lang='lat' dir='ltr'><strong>vocatur</strong></span> <span class='ocrx_word' id='word_1_844' title='bbox 187 4808 327 4869; x_wconf 79' lang='grc' dir='ltr'>Καραμᾶνος</span> <span class='ocrx_word' id='word_1_845' title='bbox 338 4808 352 4855; x_wconf 86' lang='grc' dir='ltr'>ό</span> <span class='ocrx_word' id='word_1_846' title='bbox 363 4807 506 4871; x_wconf 81' lang='grc' dir='ltr'>’λλσσούριος</span> <span class='ocrx_word' id='word_1_847' title='bbox 519 4809 615 4868; x_wconf 70' lang='grc' dir='ltr'>ἐπίκλην</span> <span class='ocrx_word' id='word_1_848' title='bbox 621 4822 646 4873; x_wconf 90' lang='lat' dir='ltr'>p.</span> <span class='ocrx_word' id='word_1_849' title='bbox 657 4815 697 4869; x_wconf 81' lang='grc'>03,</span> <span class='ocrx_word' id='word_1_850' title='bbox 712 4816 750 4870; x_wconf 85' lang='grc'>13,</span> <span class='ocrx_word' id='word_1_851' title='bbox 761 4812 775 4861; x_wconf 90' lang='grc' dir='ltr'>ό</span> <span class='ocrx_word' id='word_1_852' title='bbox 789 4811 922 4874; x_wconf 76' lang='grc' dir='ltr'>’λλιζούριος</span> <span class='ocrx_word' id='word_1_853' title='bbox 934 4824 960 4874; x_wconf 87' lang='lat' dir='ltr'>p.</span> <span class='ocrx_word' id='word_1_854' title='bbox 971 4814 1026 4872; x_wconf 80' lang='grc'>373,</span> <span class='ocrx_word' id='word_1_855' title='bbox 1043 4818 1079 4874; x_wconf 93' lang='grc'>10,</span> <span class='ocrx_word' id='word_1_856' title='bbox 1094 4814 1221 4879; x_wconf 79' lang='grc' dir='ltr'>δ’λλοῦρις</span> <span class='ocrx_word' id='word_1_857' title='bbox 1240 4828 1265 4878; x_wconf 94' lang='lat' dir='ltr'>p.</span> <span class='ocrx_word' id='word_1_858' title='bbox 1287 4817 1341 4872; x_wconf 86' lang='grc'>173,</span> <span class='ocrx_word' id='word_1_859' title='bbox 1357 4818 1379 4865; x_wconf 85' lang='grc'>3.</span> <span class='ocrx_word' id='word_1_860' title='bbox 1402 4814 1413 4878; x_wconf 73' lang='grc' dir='ltr'>ί</span> <span class='ocrx_word' id='word_1_861' title='bbox 1435 4842 1464 4850; x_wconf 97' lang='grc'>-</span> <span class='ocrx_word' id='word_1_862' title='bbox 1477 4815 1501 4871; x_wconf 86' lang='grc' dir='ltr'>ίς</span> <span class='ocrx_word' id='word_1_863' title='bbox 1512 4830 1541 4875; x_wconf 83' lang='grc' dir='ltr'>γε</span> <span class='ocrx_word' id='word_1_864' title='bbox 1558 4814 1586 4864; x_wconf 89' lang='grc' dir='ltr'>τδ</span> <span class='ocrx_word' id='word_1_865' title='bbox 1599 4814 1676 4875; x_wconf 79' lang='grc' dir='ltr'>παρόν</span> 
     </span>
     <span class='ocr_line' id='line_1_81' title="bbox 65 4874 1531 4950; baseline 0.006 -23"><span class='ocrx_word' id='word_1_866' title='bbox 65 4874 132 4940; x_wconf 76' lang='lat' dir='ltr'><strong>ete]</strong></span> <span class='ocrx_word' id='word_1_867' title='bbox 151 4876 187 4928; x_wconf 80' lang='lat' dir='ltr'>ot.</span> <span class='ocrx_word' id='word_1_868' title='bbox 201 4876 361 4930; x_wconf 82' lang='lat' dir='ltr'><strong>Glralcocond.</strong></span> <span class='ocrx_word' id='word_1_869' title='bbox 375 4892 399 4941; x_wconf 92' lang='lat' dir='ltr'>p.</span> <span class='ocrx_word' id='word_1_870' title='bbox 420 4881 473 4939; x_wconf 87' lang='grc'>373,</span> <span class='ocrx_word' id='word_1_871' title='bbox 485 4887 500 4934; x_wconf 77' lang='lat' dir='ltr'>t</span> <span class='ocrx_word' id='word_1_872' title='bbox 522 4916 529 4928; x_wconf 94' lang='grc'><strong>.</strong></span> <span class='ocrx_word' id='word_1_873' title='bbox 545 4880 644 4938; x_wconf 80' lang='grc' dir='ltr'>καθίστη</span> <span class='ocrx_word' id='word_1_874' title='bbox 667 4881 697 4929; x_wconf 80' lang='grc' dir='ltr'>τὰ</span> <span class='ocrx_word' id='word_1_875' title='bbox 718 4882 743 4931; x_wconf 82' lang='grc' dir='ltr'>ἰν</span> <span class='ocrx_word' id='word_1_876' title='bbox 756 4887 786 4941; x_wconf 78' lang='grc' dir='ltr'>τῇ</span> <span class='ocrx_word' id='word_1_877' title='bbox 805 4882 865 4947; x_wconf 72' lang='grc' dir='ltr'>ἀρχῇ</span> <span class='ocrx_word' id='word_1_878' title='bbox 879 4882 894 4945; x_wconf 70' lang='grc' dir='ltr'>ό</span> <span class='ocrx_word' id='word_1_879' title='bbox 908 4885 973 4945; x_wconf 79' lang='grc' dir='ltr'>αὐτῷ</span> <span class='ocrx_word' id='word_1_880' title='bbox 987 4884 1063 4934; x_wconf 81' lang='grc' dir='ltr'>δδόκιι</span> <span class='ocrx_word' id='word_1_881' title='bbox 1074 4886 1133 4948; x_wconf 83' lang='grc' dir='ltr'>πρὸς</span> <span class='ocrx_word' id='word_1_882' title='bbox 1149 4888 1179 4935; x_wconf 78' lang='grc' dir='ltr'>τά</span> <span class='ocrx_word' id='word_1_883' title='bbox 1193 4886 1298 4950; x_wconf 81' lang='grc' dir='ltr'>παρόντα</span> <span class='ocrx_word' id='word_1_884' title='bbox 1310 4886 1413 4947; x_wconf 72' lang='grc' dir='ltr'>ξύμφορα</span> <span class='ocrx_word' id='word_1_885' title='bbox 1425 4885 1531 4935; x_wconf 77' lang='lat' dir='ltr'><strong>teretes.</strong></span> 
     </span>
     <span class='ocr_line' id='line_1_82' title="bbox 104 4947 1676 5022; baseline 0.005 -24"><span class='ocrx_word' id='word_1_886' title='bbox 104 4947 155 5012; x_wconf 67' lang='lat' dir='ltr'><strong>§le</strong></span> <span class='ocrx_word' id='word_1_887' title='bbox 171 4950 211 4997; x_wconf 85' lang='grc' dir='ltr'>καί</span> <span class='ocrx_word' id='word_1_888' title='bbox 232 4948 325 5012; x_wconf 82' lang='grc' dir='ltr'>τούτου]</span> <span class='ocrx_word' id='word_1_889' title='bbox 345 4950 386 4999; x_wconf 87' lang='grc' dir='ltr'>καί</span> <span class='ocrx_word' id='word_1_890' title='bbox 406 4954 476 4999; x_wconf 83' lang='grc' dir='ltr'>τοῦτο</span> <span class='ocrx_word' id='word_1_891' title='bbox 492 4950 547 4999; x_wconf 90' lang='lat' dir='ltr'><strong>cod.</strong></span> <span class='ocrx_word' id='word_1_892' title='bbox 560 4951 571 5012; x_wconf 80' lang='lat' dir='ltr'>l]</span> <span class='ocrx_word' id='word_1_893' title='bbox 583 4951 639 5014; x_wconf 90' lang='lat'>-§</span> <span class='ocrx_word' id='word_1_894' title='bbox 656 4956 671 5001; x_wconf 89' lang='lat'><strong>5</strong></span> <span class='ocrx_word' id='word_1_895' title='bbox 688 4953 857 5017; x_wconf 82' lang='grc' dir='ltr'>νεοδαμώδεις]</span> <span class='ocrx_word' id='word_1_896' title='bbox 874 4955 941 5003; x_wconf 87' lang='grc' dir='ltr'>νιωδ.</span> <span class='ocrx_word' id='word_1_897' title='bbox 955 4954 1033 5005; x_wconf 70' lang='lat' dir='ltr'><strong>coda!</strong></span> <span class='ocrx_word' id='word_1_898' title='bbox 1042 4954 1069 5005; x_wconf 87' lang='lat' dir='ltr'><strong>h.</strong></span> <span class='ocrx_word' id='word_1_899' title='bbox 1084 4954 1103 5006; x_wconf 93' lang='grc' dir='ltr'>ί.</span> <span class='ocrx_word' id='word_1_900' title='bbox 1114 4958 1140 5006; x_wconf 85' lang='lat' dir='ltr'>et</span> <span class='ocrx_word' id='word_1_901' title='bbox 1150 4956 1219 5008; x_wconf 80' lang='lat' dir='ltr'><strong>aiibi.</strong></span> <span class='ocrx_word' id='word_1_902' title='bbox 1236 4955 1286 5022; x_wconf 79' lang='grc' dir='ltr'>Ι-</span> <span class='ocrx_word' id='word_1_903' title='bbox 1296 4954 1453 5021; x_wconf 80' lang='grc' dir='ltr'>πεζαιτίρονς]</span> <span class='ocrx_word' id='word_1_904' title='bbox 1468 4953 1676 5007; x_wconf 55' lang='lat' dir='ltr'><strong>&amp;pronominis</strong></span> 
     </span>
     <span class='ocr_line' id='line_1_83' title="bbox 69 5017 995 5088; baseline 0.004 -17"><span class='ocrx_word' id='word_1_905' title='bbox 69 5019 152 5071; x_wconf 80' lang='lat' dir='ltr'><strong>torma</strong></span> <span class='ocrx_word' id='word_1_906' title='bbox 165 5017 223 5068; x_wconf 88' lang='lat' dir='ltr'><strong>ride</strong></span> <span class='ocrx_word' id='word_1_907' title='bbox 237 5020 350 5069; x_wconf 82' lang='lat' dir='ltr'><strong>veterum</strong></span> <span class='ocrx_word' id='word_1_908' title='bbox 361 5020 501 5069; x_wconf 86' lang='lat' dir='ltr'><strong>testimonia</strong></span> <span class='ocrx_word' id='word_1_909' title='bbox 515 5020 634 5085; x_wconf 83' lang='lat' dir='ltr'><strong>instepn.</strong></span> <span class='ocrx_word' id='word_1_910' title='bbox 644 5022 763 5072; x_wconf 81' lang='lat' dir='ltr'><strong>Thesaur.</strong></span> <span class='ocrx_word' id='word_1_911' title='bbox 782 5036 803 5072; x_wconf 86' lang='lat' dir='ltr'><strong>s.</strong></span> <span class='ocrx_word' id='word_1_912' title='bbox 816 5038 841 5073; x_wconf 86' lang='lat' dir='ltr'>r.</span> <span class='ocrx_word' id='word_1_913' title='bbox 856 5026 995 5088; x_wconf 70' lang='grc' dir='ltr'>ιιιῑιταιρος.</span> 
     </span>
     <span class='ocr_line' id='line_1_84' title="bbox 101 5088 1675 5161; baseline 0.006 -23"><span class='ocrx_word' id='word_1_914' title='bbox 101 5088 156 5151; x_wconf 59' lang='lat' dir='ltr'>§m</span> <span class='ocrx_word' id='word_1_915' title='bbox 168 5090 222 5145; x_wconf 85' lang='grc' dir='ltr'>τοὺς</span> <span class='ocrx_word' id='word_1_916' title='bbox 238 5088 378 5153; x_wconf 76' lang='grc' dir='ltr'>θησαυρούς]</span> <span class='ocrx_word' id='word_1_917' title='bbox 393 5092 477 5140; x_wconf 79' lang='lat' dir='ltr'><strong>Duces</strong></span> <span class='ocrx_word' id='word_1_918' title='bbox 490 5103 513 5153; x_wconf 87' lang='lat' dir='ltr'>p.</span> <span class='ocrx_word' id='word_1_919' title='bbox 528 5096 582 5148; x_wconf 87' lang='grc'>230,</span> <span class='ocrx_word' id='word_1_920' title='bbox 601 5095 626 5141; x_wconf 89' lang='grc'>11</span> <span class='ocrx_word' id='word_1_921' title='bbox 644 5110 650 5141; x_wconf 81' lang='grc' dir='ltr'>ε</span> <span class='ocrx_word' id='word_1_922' title='bbox 672 5093 745 5149; x_wconf 73' lang='grc' dir='ltr'>Αὐτὸς</span> <span class='ocrx_word' id='word_1_923' title='bbox 760 5093 844 5156; x_wconf 73' lang='grc' dir='ltr'>ἤρξατο</span> <span class='ocrx_word' id='word_1_924' title='bbox 865 5096 959 5157; x_wconf 77' lang='grc' dir='ltr'>ἐρευνᾶν</span> <span class='ocrx_word' id='word_1_925' title='bbox 971 5097 1001 5145; x_wconf 77' lang='grc' dir='ltr'>τὰ</span> <span class='ocrx_word' id='word_1_926' title='bbox 1018 5101 1105 5158; x_wconf 84' lang='grc' dir='ltr'>ταμεῖα</span> <span class='ocrx_word' id='word_1_927' title='bbox 1120 5098 1161 5146; x_wconf 81' lang='grc' dir='ltr'>καί</span> <span class='ocrx_word' id='word_1_928' title='bbox 1178 5097 1233 5153; x_wconf 81' lang='grc' dir='ltr'>τούς</span> <span class='ocrx_word' id='word_1_929' title='bbox 1254 5096 1384 5160; x_wconf 73' lang='grc' dir='ltr'>θησαυρούς</span> <span class='ocrx_word' id='word_1_930' title='bbox 1398 5096 1453 5152; x_wconf 75' lang='grc' dir='ltr'>τούς</span> <span class='ocrx_word' id='word_1_931' title='bbox 1473 5096 1614 5161; x_wconf 71' lang='grc' dir='ltr'>πατρικοὺς,</span> <span class='ocrx_word' id='word_1_932' title='bbox 1634 5099 1675 5147; x_wconf 83' lang='grc' dir='ltr'>καί</span> 
     </span>
     <span class='ocr_line' id='line_1_85' title="bbox 63 5159 1676 5237; baseline 0.006 -28"><span class='ocrx_word' id='word_1_933' title='bbox 63 5159 143 5222; x_wconf 72' lang='grc' dir='ltr'>εὑρὼν</span> <span class='ocrx_word' id='word_1_934' title='bbox 162 5160 332 5224; x_wconf 72' lang='grc' dir='ltr'>ἀναριθμήτους</span> <span class='ocrx_word' id='word_1_935' title='bbox 349 5160 375 5209; x_wconf 81' lang='lat' dir='ltr'>tu</span> <span class='ocrx_word' id='word_1_936' title='bbox 392 5161 500 5226; x_wconf 75' lang='grc' dir='ltr'>ἀργυροῖς</span> <span class='ocrx_word' id='word_1_937' title='bbox 518 5162 640 5223; x_wconf 83' lang='grc' dir='ltr'>σκεύεσιν,</span> <span class='ocrx_word' id='word_1_938' title='bbox 656 5164 681 5212; x_wconf 80' lang='lat' dir='ltr'><strong>iu</strong></span> <span class='ocrx_word' id='word_1_939' title='bbox 698 5170 808 5228; x_wconf 82' lang='grc' dir='ltr'>χρυσοῖς,</span> <span class='ocrx_word' id='word_1_940' title='bbox 832 5165 856 5214; x_wconf 81' lang='lat' dir='ltr'>tu</span> <span class='ocrx_word' id='word_1_941' title='bbox 877 5166 947 5221; x_wconf 81' lang='grc' dir='ltr'>λίθοις</span> <span class='ocrx_word' id='word_1_942' title='bbox 958 5166 1044 5229; x_wconf 86' lang='grc' dir='ltr'>τιμίοις</span> <span class='ocrx_word' id='word_1_943' title='bbox 1058 5168 1099 5217; x_wconf 83' lang='grc' dir='ltr'>καί</span> <span class='ocrx_word' id='word_1_944' title='bbox 1113 5168 1139 5218; x_wconf 73' lang='grc' dir='ltr'>δν</span> <span class='ocrx_word' id='word_1_945' title='bbox 1149 5167 1279 5232; x_wconf 83' lang='grc' dir='ltr'>νομίσμασι</span> <span class='ocrx_word' id='word_1_946' title='bbox 1300 5166 1496 5231; x_wconf 80' lang='grc' dir='ltr'>πολυταλάντοις,</span> <span class='ocrx_word' id='word_1_947' title='bbox 1516 5168 1586 5225; x_wconf 70' lang='lat' dir='ltr'><strong>aisis</strong></span> <span class='ocrx_word' id='word_1_948' title='bbox 1598 5167 1676 5237; x_wconf 65' lang='grc' dir='ltr'>οίιιείφ</span> 
     </span>
    </p>
   </div>
   <div class='ocr_carea' id='block_1_18' title="bbox 0 0 1910 5859">
    <p class='ocr_par' dir='ltr' id='par_1_20' title="bbox 0 0 1910 5859">
     <span class='ocr_line' id='line_1_86' title="bbox 0 0 1910 5859; baseline 0 0"><span class='ocrx_word' id='word_1_949' title='bbox 0 0 1910 5859; x_wconf 95' lang='lat' dir='ltr'> </span> 
     </span>
    </p>
   </div>
  </div>
 </body>
</html>
