3809 5859
639 513 1093 609 ΚΡΙΤΟΒΟΥΛΟΥ

557 766 631 827 ΞΥΓ
632 768 655 826 Γ
656 768 787 826 ΡΑΦΗΣ
808 767 990 826 ΙΣΤΟΡΙΩΝ
1014 765 1206 825 ΤΕΤΛΡΤΙΙ.
1295 835 1298 841 ,

714 962 1028 990 *-

56 1191 176 1252 Ιέεριὲχει
185 1190 227 1247 ηδτ
236 1189 404 1253 προσκύρησιν
414 1187 521 1243 Σινώπης
533 1188 624 1241 πόλεως
632 1185 673 1233 καὶ
682 1185 759 1240 πάσης
770 1185 844 1249 ἀρχῆς

92 1265 140 1309 τοῦ
151 1260 280 1323 Ἰσμαήλου
294 1261 334 1307 καί
343 1258 511 1322 προεχώρησεν
528 1259 701 1319 Τραπεζοῦντος
711 1257 753 1304 καὶ
769 1255 848 1312 πάσης

94 1336 139 1386 τῆς
159 1330 183 1379 ἐν
200 1329 259 1390 αὐτῇ
277 1328 349 1391 ἀρχῆς
360 1330 401 1377 καὶ
415 1332 457 1376 τοῦ
470 1328 584 1388 βασιλέως
601 1327 693 1387 αὐτῆς,
713 1326 746 1373 ἐτι
766 1326 792 1373 δὲ
806 1327 848 1384 τήν

100 1403 181 1448 Γετῶν
206 1399 365 1449 ἐπανάστασιν
391 1399 432 1446 καὶ
451 1396 556 1445 δουλείαν
580 1398 623 1453 τήν
644 1412 670 1445 τε
691 1402 732 1455 τῆς
755 1397 849 1445 Δι’σάου

98 1472 193 1517 άλωσεν
206 1470 283 1527 πάσης
298 1469 340 1518 καλ
352 1468 446 1531 πρώτην
464 1466 565 1523 ἐσόολὴν
590 1471 633 1515 τοῦ
653 1466 768 1530 βασιλέως
787 1467 849 1514 κατὰ

98 1545 142 1601 τῆς
156 1540 265 1601 Βόστριον
275 1542 316 1587 καὶ
330 1539 493 1602 καταστροφὴν
506 1540 546 1586 καὶ
558 1538 647 1587 ἅλωσιν
660 1536 747 1595 πάσης.
758 1537 849 1600 Χρόνου

98 1614 187 1670 πλῆθος
199 1612 311 1673 beivin.

114 1800 244 1868 Βασιλεύς
264 1800 292 1859 δὲ
305 1800 441 1881 γενόμενος
464 1802 490 1857 ἐν
510 1796 785 1859 Κωνστιιντινουπολει
804 1796 850 1857 καλ

73 1887 171 1965 μικρὸν
196 1886 306 1957 ἀνεθεὶς,
320 1884 445 1965 στρατεδν
467 1875 539 1951 αθθις
551 1885 641 1963 ἤγειρε
662 1881 789 1954 πλείστην
806 1883 850 1940 καί

69 1975 165 2034 στόλον
181 1973 264 2052 μέγαν
279 1973 382 2051 ἐξήρτυε
396 1971 464 2032 κατά
478 1975 527 2050 γῆν
540 1994 570 2029 τε
584 1971 629 2030 καί
649 1970 787 2030 θάλασσαν
806 1969 851 2029 καλ

74 2062 148 2120 ὅπλα
161 2062 208 2120 καλ
223 2059 345 2139 μηχανδς
356 2059 530 2127 κατεσκεύαζε
545 2059 590 2118 καί
603 2067 691 2117 πᾶσαν
703 2058 786 2128 ἀλλην
801 2054 852 2124 ε’ξε·

71 2149 179 2231 πλήρου
202 2152 294 2228 χρείαν
319 2148 475 2223 πολεμικήν.
497 2138 551 2207 Ἦν
570 2145 599 2205 δέ
620 2148 675 2217 0ίὴ
696 2143 852 2225 παρασκευὴ

72 2236 144 2304 αὕτη
157 2237 201 2297 καὶ
214 2240 228 2294 δ
241 2235 337 2306 σκοπὸς
351 2238 396 2306 τῆς
411 2233 577 2313 ἐκστρατείας
591 2236 617 2300 ἐς
627 2231 812 2309 Τραπεζοῦντοί
823 2255 853 2290 τε

70 2323 121 2382 καλ
145 2323 280 2395 Σινώπην.
296 2324 329 2402 (u)
342 2322 376 2399 ‘H
390 2322 441 2401 γίιρ
456 2321 609 2400 Τραπεζοῦς
627 2312 660 2392 ἧν
680 2320 727 2397 μέν
748 2318 778 2377 τὸ
797 2342 852 2377 πα-

72 2414 150 2488 λαιὸν
166 2414 240 2480 πόλις
255 2410 366 2488 μεγίστη
381 2434 410 2469 τε
430 2410 476 2468 καὶ
496 2409 641 2481 καλλίστη,
662 2406 731 2466 ἀλλά
757 2409 788 2477 δὴ
808 2406 853 2464 καὶ

74 2498 246 2579 πρεσθυτιίτη
266 2502 319 2557 τῶν
337 2496 519 2574 Ἑλληνίδων,
535 2496 631 2555 Ἰώνων
655 2496 762 2563 ἄποικος
786 2484 853 2553 ούσα

74 2586 124 2645 καί
138 2586 298 2656 Ἀθηναίων,
312 2586 421 2663 κειμένη
436 2584 459 2643 δ’
474 2588 500 2643 ἐν
519 2586 593 2664 καλῷ
607 2589 654 2654 τῆς
669 2581 755 2649 Ἄσίας
774 2584 799 2639 ἐν
815 2584 853 2660 τῷ

76 2675 143 2753 πρὸς
154 2673 229 2743 ἥλιον
244 2672 386 2751 ἀνίσχοντα
410 2676 488 2752 μυχῷ
501 2677 546 2730 τοῦ
560 2670 680 2738 Εὐξείνου
694 2670 789 2729 πόντου
804 2691 861 2726 πα-·

78 2764 182 2843 ρόλιοςι
197 2763 304 2836 νέμεται
323 2760 414 2840 χώραν
428 2760 537 2838 ἀρίστην
553 2782 582 2818 τε
601 2758 646 2817 καὶ
665 2758 789 2829 πλείστην
809 2755 853 2815 καὶ

76 2850 217 2928 πάμφορον
232 2847 277 2905 καί
291 2850 390 2918 πολλῆς
407 2846 518 2927 ἐπάρχιε
532 2849 579 2917 τῆς
592 2846 760 2925 περιοικίδος·
772 2867 854 2902 κατα·

79 2949 168 2997 στᾶσα
182 2936 210 2995 δέ
227 2960 258 3015 γε
277 2935 308 2994 τὸ
328 2936 355 3004 ἐξ
376 2938 460 3017 ἀρχῆς
481 2934 566 2996 κοινόν
584 2934 709 3014 ἐμπόριον
731 2938 777 3003 τῆς
800 2933 854 2991 ἀνω

79 3024 186 3102 Ἀσίας,
199 3024 269 3101 λέγιο
283 3023 316 3095 δὴ
332 3023 467 3105 Ἀρμενίας
488 3046 516 3081 τε
539 3022 585 3081 καὶ
599 3021 734 3101 Ἀσσυρίας
748 3020 793 3078 καὶ
809 3024 856 3090 τῆς

83 3112 165 3182 ἄλλης
188 3110 391 3188 πλησιοχώρου,
406 3109 526 3187 ἤκμασεν
541 3111 567 3166 ἐν
587 3116 640 3174 τοῖς
663 3108 716 3165 ἀνω
736 3104 853 3187 χρόνοις,

81 3201 129 3258 καὶ
150 3202 260 3259 πλοῦτον
285 3199 347 3277 ἐσχε
367 3197 448 3255 πολύν
470 3198 516 3257 καὶ
534 3196 644 3273 δύναμιν
662 3193 790 3265 πλείστην
810 3194 854 3251 καὶ

81 3288 159 3357 δόξαν
182 3287 384 3369 περιεὸέόλητο,
403 3286 449 3345 καὶ
469 3290 521 3343 τῶν
541 3287 694 3361 ὀνομαστῶν
707 3274 739 3355 ἦν
758 3286 786 3343 ού
799 3293 855 3351 τοῖς

83 3377 158 3455 ε’γγθς
185 3376 278 3453 μόνον,
303 3374 373 3435 ἀλλδι
398 3375 430 3445 δέ,
455 3374 501 3431 καὶ
524 3374 578 3439 τοῖς
598 3371 697 3451 πόρρω.
742 3371 777 3449 (ιι)
800 3374 855 3430 Τοῦ

82 3465 176 3546 χρόνον
196 3464 224 3523 δέ
243 3464 376 3543 προϊόντος
401 3462 470 3521 κατά
490 3461 581 3541 μικρὸν
603 3461 648 3519 καλ
670 3463 722 3519 τῶν
745 3462 771 3518 ἐν
783 3457 857 3539 Ἀσίφι

85 3552 246 3633 πραγμάτοιν
266 3552 360 3609 ἄλλοτε
376 3551 462 3615 άλλως
482 3548 596 3628 ἐχόντων
612 3572 640 3606 τε
659 3547 704 3607 καί
724 3548 857 3624 μιταόαλ·

87 3640 218 3716 λιμένων,
231 3637 277 3697 καί
295 3637 435 3718 βασιλείων
456 3640 509 3695 τῶν
534 3636 581 3712 μέν
605 3635 807 3710 καταλυομένων
829 3658 858 3693 τε

86 3730 131 3787 καλ
150 3726 336 3809 ἀνῃρημένων,
352 3730 403 3786 τῶν
424 3724 447 3785 δ’
461 3723 641 3801 ἀνισταμένων
656 3723 726 3796 ἤδη,
743 3722 789 3782 καλ
806 3722 857 3781 πό-

86 3819 152 3874 λεων
171 3815 216 3875 καλ
240 3819 334 3895 χωρῶν
357 3818 409 3873 τῶν
430 3814 477 3891 μὲν
501 3810 741 3889 κατεστραμμένων
763 3834 791 3869 τε
812 3810 858 3869 καί

86 3903 267 3984 ἠφανισμένων
282 3900 400 3973 τελείως,
412 3905 464 3959 τῶν
480 3902 503 3958 δ’
516 3900 702 3977 ἐπιγινομένων
713 3922 741 3957 τε
757 3898 802 3956 καί
819 3901 857 3956 οἰ-

88 3992 228 4068 κιζομένοιν
248 3982 333 4061 αθθις,
346 3989 434 4068 ἥψατο
455 3989 501 4048 καὶ
522 3988 619 4058 ταύτης
641 3986 776 4061 μεταόολὴ
796 3989 859 4062 πρὸς

87 4081 193 4157 καιρὸν,
212 4079 257 4138 καὶ
274 4079 355 4136 πάλιν
373 4077 578 4151 ἀνακτησαμένη
600 4100 629 4135 τε
647 4075 742 4145 ἑαυτὴν
756 4074 797 4133 ὅτε
810 4075 858 4134 τοί·

86 4189 165 4247 χιστα
178 4165 224 4226 καί
239 4169 264 4231 ἐς
288 4165 336 4237 τὴν
347 4166 475 4246 προτέραν
491 4164 658 4239 εὐδαιμονίαν
671 4164 760 4223 τεκαὶ
777 4162 858 4221 κατά·

89 4278 178 4314 ττασιν
200 4258 377 4313 ἐπανελθοῦσα
400 4254 532 4332 διαγέγονε
553 4253 583 4312 τὸ
599 4252 626 4321 ἐξ
647 4252 745 4312 ἐκείνου
768 4250 859 4321 ἀσινὴς

1067 1142 1077 1163 Q

901 1187 991 1255 πάντη
1002 1183 1046 1241 καί
1064 1181 1157 1259 μηδενὶ
1177 1180 1353 1261 προσκόψασαν
1371 1183 1501 1259 δυσχερεῖ.
1523 1178 1563 1260 (ε)
1582 1179 1630 1238 Ἐν
1650 1180 1678 1238 δὲ

902 1274 955 1337 τοῖς
969 1271 1083 1352 ὑστέροις
1100 1270 1145 1328 καλ
1164 1272 1214 1350 πρὸ
1227 1270 1303 1344 ημῶν
1324 1266 1410 1343 ἀλίγον
1427 1267 1526 1345 καιροῖς
1540 1266 1585 1325 καὶ
1601 1264 1679 1341 βασί-

902 1364 971 1419 λειον
991 1359 1104 1428 κατέστη
1119 1358 1174 1423 ἑνὸς
1187 1360 1239 1416 τῶν
1253 1358 1281 1415 έκ
1296 1360 1341 1414 τοῦ
1358 1354 1488 1433 βασιλείου
1503 1354 1591 1432 γένους
1605 1354 1685 1413 Ῥω-ι

906 1448 992 1525 μαίων
1021 1451 1073 1505 τῶν
1101 1448 1266 1523 Κομνηνῶν,
1300 1446 1329 1503 ἐκ
1354 1441 1497 1511 Βυζαντίου
1526 1438 1679 1507 ἐκπεσόντος

903 1539 981 1595 αὐτοῦ
1005 1535 1049 1594 καλ
1075 1534 1139 1613 ἔργα
1156 1536 1268 1591 πλεῖστα
1284 1532 1329 1589 καλ
1343 1532 1472 1589 κάλλιστα
1495 1531 1521 1587 έν
1540 1530 1607 1608 αὐτῇ
1622 1530 1685 1587 ἐπι-”

904 1624 1053 1700 δειξαμένου
1070 1623 1116 1681 καλ
1145 1622 1249 1680 πολλῶν
1267 1622 1318 1677 τῶν
1332 1616 1407 1697 πέριξ
1420 1620 1500 1695 γενῶν
1520 1616 1564 1675 καὶ
1577 1616 1679 1675 πόλεων

907 1714 1047 1793 ἄρξαντος·
1061 1713 1106 1773 καλ
1121 1711 1242 1790 κατήχθη
1257 1714 1273 1780 ἦ
1290 1708 1389 1767 τούτων
1407 1705 1515 1786 διαδοχή
1529 1730 1556 1764 τε
1572 1705 1616 1764 καὶ
1633 1711 1680 1785 βα·
1694 1732 1700 1741 ·

906 1802 990 1861 σιλεία
1005 1805 1029 1867 ἐς
1044 1803 1118 1878 δεῦρο
1132 1797 1249 1878 εἰρηνικὴ
1264 1796 1350 1869 πάντη
1366 1795 1412 1856 καλ
1426 1794 1616 1864 ἀστασίαστος,
1627 1798 1680 1853 τῶν

905 1912 934 1948 τε
949 1887 1078 1967 βασιλέων
1091 1886 1275 1965 είρηνευόντων
1285 1907 1313 1943 τε
1324 1882 1370 1942 καὶ
1384 1881 1576 1960 ὁμονοούντων,
1589 1884 1642 1940 τῶν
1652 1904 1680 1940 τε

907 1977 979 2037 ἔνδον
995 1980 1179 2055 ἠρεμούντων,
1193 1976 1245 2032 τῶν
1261 1997 1289 2032 τε
1308 1972 1356 2040 ἔξω
1380 1974 1460 2047 γενῶν
1479 1974 1530 2030 τῶν
1551 1969 1598 2045 μὲν
1614 1972 1682 2029 ύπα-

907 2064 1051 2133 κουόντων,
1065 2066 1117 2121 τῶν
1135 2064 1161 2121 δὲ
1177 2060 1322 2122 ἐνσπόνδων
1338 2060 1418 2121 ὄντων
1438 2061 1533 2125 αὐτοῖς.
1552 2058 1585 2136 (ι)
1606 2060 1682 2118 Μετὰ

907 2153 991 2211 ταῦτά
1014 2176 1044 2231 γε
1067 2150 1119 2227 μὴν
1145 2150 1254 2209 στάσεσι
1277 2149 1321 2208 καί
1344 2147 1477 2228 ἐμφυλίοις
1507 2146 1689 2226 χρησαμένων

909 2244 1010 2313 αὐτῶν,
1019 2238 1064 2299 καί
1074 2240 1133 2297 κατ’
1142 2238 1264 2310 ἀλλήλων
1278 2240 1329 2295 τῶν
1343 2238 1372 2295 ἐκ
1385 2235 1528 2313 τοῦγένους
1539 2236 1682 2311 μανέντων,

908 2328 1017 2398 ἐνόσησε
1037 2327 1083 2387 καὶ
1109 2326 1176 2397 αὕτη
1192 2326 1259 2402 μετὰ
1276 2328 1327 2383 τῶν
1352 2325 1453 2395 άλλων,
1466 2324 1512 2382 καὶ
1534 2324 1682 2382 τελευτῶσα

908 2424 960 2482 τοῖς
979 2414 1047 2481 δλοις
1068 2416 1156 2480 κακῶς
1178 2412 1329 2494 ἀπήλλαξε,
1351 2416 1403 2471 τῶν
1423 2410 1551 2491 βασιλέων
1572 2417 1683 2472 καὶτῶν

909 2503 996 2576 ἔνδον,
1008 2492 1077 2583 ᾗπερ
1097 2500 1177 2581 ἔφην,
1191 2499 1383 2569 στασιαζόντων
1405 2522 1434 2557 τε
1458 2496 1512 2557 καλΙ
1525 2500 1682 2579 μαχομένων

909 2591 955 2648 καὶ
969 2588 1135 2648 διατιθέντων
1146 2588 1273 2657 ἀλλήλους
1283 2590 1383 2659 κακῶς,
1393 2592 1444 2646 τῶν
1454 2609 1482 2645 τε
1491 2586 1683 2667 πλησιοχώρων

907 2682 986 2737 ἐθνῶν
1010 2676 1053 2735 διά
1074 2676 1120 2743 τάς
1150 2676 1264 2753 ξυνεχεῖς
1286 2675 1390 2743 στάσεις
1417 2673 1630 2749 ἐπανισταμένων
1655 2699 1684 2733 τε

908 2768 975 2843 αὐτῇ
999 2762 1045 2823 καλ
1064 2762 1280 2841 κατατρεχόντων
1304 2762 1431 2827 πολλάκις
1451 2760 1495 2819 καὶ
1522 2760 1684 2837 ληιζομένων

908 2854 954 2910 καὶ
971 2851 1140 2929 βλαπτόντων
1154 2851 1187 2909 τδι
1203 2849 1322 2927 μέγιστα.
1339 2850 1371 2927 (ε)
1388 2848 1497 2920 Τοίνυν,
1514 2848 1562 2914 ἐως
1583 2848 1630 2924 μέν
1650 2850 1684 2909 τά

908 2946 956 3011 τῆς
968 2939 1166 3000 Κωνσταντίνου
1177 2939 1264 3004 καλῶς
1274 2936 1386 3015 ἐφέρετο,
1394 2936 1438 2995 καί
1448 2934 1577 3012 Ῥωμαῖοι
1584 2934 1683 3007 ταύτην

909 3029 1011 3107 ἔχοντες
1025 3034 1070 3087 τοῦ
1084 3031 1202 3106 πορθμοῦ
1218 3026 1302 3106 κύριοι
1313 3017 1398 3099 ἦσαν,
1418 3024 1464 3083 καί
1478 3028 1491 3083 ὁ
1508 3026 1640 3101 Βόσπορος
1651 3017 1685 3095 ἐν

910 3119 939 3176 οὐ
955 3115 1094 3189 διαόατδς,
1110 3115 1154 3173 καὶ
1169 3116 1183 3172 θ
1198 3112 1316 3183 Εὔξεινος
1331 3113 1424 3181 πόντος
1437 3111 1504 3180 ὅλοις
1518 3113 1638 3179 άπλωτος
1651 3105 1684 3184 ἦν

910 3208 948 3283 τῷ
970 3202 1077 3282 μεγάλη)
1100 3202 1184 3281 στόλῳ
1206 3208 1252 3260 τοῦ
1265 3200 1416 3279 βασιλέως,
1429 3203 1533 3279 ἀντεῖχε
1552 3200 1596 3259 καί
1618 3200 1684 3273 αὕτη

910 3292 978 3367 μετίι
999 3294 1051 3350 τῶν
1073 3288 1175 3360 ἀλλων,
1191 3288 1236 3346 καλ
1250 3287 1356 3368 ἀνέφερε
1380 3289 1427 3354 τθς
1446 3292 1526 3358 αὑτῆς
1547 3288 1684 3368 ἀκαιρίας,

912 3380 1078 3461 φυλάττουσα
1092 3376 1140 3446 τὴν
1155 3376 1303 3457 ἐλευθερίαν
1319 3380 1354 3443 ώς
1368 3375 1533 3435 δυνατόνκαὶ
1549 3376 1630 3454 μηδέν
1642 3400 1684 3435 το·

912 3474 1001 3525 τοῦτον
1014 3463 1257 3544 παραόλαπτσμίνη
1271 3465 1325 3531 τοῖς
1343 3464 1477 3545 ἐμφυλίοις
1493 3471 1592 3531 κακοῖς.
1607 3463 1685 3523 Ἐπεὶ

912 3552 940 3611 δέ
960 3576 990 3630 γε
1010 3552 1043 3610 τά
1065 3552 1210 3630 πράγματα
1233 3550 1370 3628 μετέπεσε,
1391 3552 1463 3621 καλέ,
1487 3551 1686 3611 Κωνσταντίνου

910 3642 980 3720 χειρὶ
1002 3642 1086 3717 πολλῇ
1112 3640 1157 3698 καί
1181 3638 1288 3714 δυνάμει
1310 3641 1545 3715 ἐκπολιορκηθεῖσα
1567 3638 1617 3696 ύπδ
1639 3644 1686 3697 τοῦ

912 3728 1029 3804 μεγάλου
1045 3726 1172 3807 βασιλέως
1187 3727 1270 3798 ἑάλω,
1283 3727 1329 3785 καί
1349 3731 1363 3785 ὁ
1381 3726 1497 3805 πορθμὸς
1514 3725 1617 3803 γέγονεν
1639 3729 1683 3783 ὑπ’

912 3818 1000 3894 αύτῷ,
1012 3815 1056 3872 καὶ
1068 3819 1084 3885 ἡ
1096 3813 1159 3890 πρὸς
1172 3813 1215 3872 τὸν
1236 3812 1354 3881 Εὔξεινον
1370 3813 1463 3871 πόντον
1478 3812 1523 3870 καὶ
1541 3811 1587 3879 τὰς
1602 3815 1685 3871 ἐκεῖσε

912 3902 1000 3968 πολεις
1014 3902 1070 3967 ὁδὸς
1089 3901 1181 3975 ἠνοίγη
1195 3902 1321 3979 λαμπρῶς
1334 3900 1403 3957 κατὰ
1417 3904 1465 3977 γῆν
1484 3923 1512 3958 τε
1526 3898 1572 3957 καί
1586 3900 1685 3959 θάλασ-

913 4011 979 4066 σαν,
992 3993 1136 4057 τηνικαῦτα
1151 3987 1183 4056 δέ,
1201 3987 1245 4045 καί
1261 3986 1327 4059 αθτη
1343 3986 1411 4062 μετδι
1430 3990 1481 4045 τῶν
1497 3987 1583 4045 ἄλλων
1601 3986 1686 4046 ἔκλινε

913 4075 958 4133 καί
973 4074 1128 4133 κατακούειν
1140 4072 1253 4152 ἤρξατο,
1268 4077 1313 4132 καὶ
1328 4075 1352 4131 οἱ
1366 4076 1393 4132 ἐν
1408 4075 1473 4151 αὐτῇ
1491 4074 1606 4151 βασιλεῖς
1620 4078 1699 4132 θπο-·

914 4162 1041 4243 κύψαντες
1062 4164 1099 4235 τῷ
1125 4162 1232 4241 μεγάλῳ
1255 4164 1359 4239 βασιλεῖ
1379 4160 1501 4238 γεγόνασι
1522 4159 1599 4241 φόρου
1621 4164 1686 4222 ὓπο-

914 4251 1008 4315 τελεῑς.
1023 4251 1057 4326 (7)
1069 4246 1143 4315 Ἕως
1155 4248 1202 4321 μὲν
1217 4238 1261 4307 οθι
1271 4248 1445 4327 είρηνεύοντές
1454 4271 1482 4307 τε
1495 4240 1562 4319 ἦσαν
1574 4247 1647 4307 σιιίτοί
1660 4272 1686 4307 τε

122 4425 140 4474 1.
156 4422 341 4487 Expeditionem
357 4426 443 4473 eontra
459 4422 566 4485 sinopen
579 4425 606 4471 et
614 4423 791 4486 Trapezuntem
803 4422 829 4469 ei
842 4420 963 4469 Armeniae
976 4418 1112 4482 principem
1124 4418 1204 4468 obiter
1216 4416 1345 4467 Ηιεοιιίιεε
1354 4417 1433 4479 tangit
1447 4432 1471 4481 p.
1483 4421 1513 4466 94
1524 4420 1551 4467 εί
1562 4420 1605 4466 444
1616 4454 1622 4477 ,
1632 4416 1687 4480 plu·

91 4494 157 4543 ιτἸιυε
172 4495 255 4544 Duum
268 4507 294 4557 ρ.
314 4498 425 4554 340043,
441 4493 555 4556 plurimis
577 4491 786 4555 emicoenndyns
804 4505 830 4554 p.
845 4493 947 4540 485497
968 4489 1077 4538 narrent.
1096 4486 1170 4536 Haud
1185 4486 1339 4551 spumendus
1360 4483 1465 4551 denique
1482 4485 1649 4535 seudeddinus
1663 4494 1687 4545 2,

91 4578 116 4627 ρ.
128 4567 228 4613 iii-199
238 4564 330 4627 (Prusa
340 4564 367 4613 di
379 4566 473 4625 sinapi
485 4576 499 4611 e
510 4562 538 4613 di
551 4562 724 4625 castimonia)
735 4563 761 4612 et
776 4575 801 4624 p.
817 4562 922 4609 499-208
937 4559 1028 4619 (Prusa
1049 4556 1076 4607 ιίι·
1094 4556 1258 4607 Τναίιὶσοηιίιι
1278 4560 1303 4605 ei
1322 4556 1351 4605 di
1365 4554 1491 4618 (ieiunii).
1515 4558 1550 4603 Ειι
1571 4554 1689 4603 recentio-

94 4633 158 4682 ribus
177 4631 231 4681 here
252 4632 422 4696 perstringunt
440 4631 605 4694 Fallmeruyer
627 4634 653 4681 iu
679 4632 830 4682 Gesciicirie
850 4631 895 4681 der
916 4628 1101 4679 Kaiserriums
1121 4640 1172 4678 uun
1192 4628 1341 4691 Παριανοί
1356 4624 1501 4690 (Μθιισίισιι
1520 4626 1588 4687 4827)
1604 4638 1630 4688 p.
1644 4627 1689 4675 27³

92 4715 154 4765 sqq..
165 4701 249 4765 Finiuy
264 4701 318 4751 Υλο
328 4700 428 4767 history
439 4702 473 4766 of
480 4707 572 4754 δεεσσε
580 4703 635 4752 und
646 4701 689 4752 iire
698 4706 797 4766 empire
806 4702 840 4764 ns
848 4699 990 4751 Trebizend
998 4698 1108 4763 (Lendon
1124 4697 1192 4759 1851)
1200 4712 1224 4761 p.
1237 4701 1283 4747 485
1294 4709 1359 4759 sqq„
1369 4698 1484 4745 iiummer
1492 4696 1508 4743 l.
1519 4695 1535 4744 i.
1546 4708 1571 4757 p.
1581 4699 1608 4743 01
1622 4708 1688 4758 sqq„

93 4775 214 4825 zmieisen
233 4775 252 4825 l.
271 4776 289 4825 l.
309 4782 333 4835 2,
353 4790 379 4841 p.
394 4780 439 4826 327
459 4790 512 4839 sqq.
528 4776 539 4839 11
557 4777 632 4824 -ln
650 4776 795 4837 argumento
809 4772 887 4822 codex
907 4770 1030 4833 ’Ῑσμαίλου
1048 4783 1093 4834 pro
1109 4771 1244 4830 Ἰσμαήλου.
1258 4766 1269 4830 ΙΙ
1284 4792 1316 4804 -
1331 4766 1377 4829 §L
1388 4765 1469 4828 μέγαν]
1487 4766 1548 4828 μέγα
1564 4764 1617 4813 cod.
1632 4764 1642 4827 ΙΙ
1656 4791 1689 4802 --

94 4845 139 4907 §2
152 4844 237 4893 Ἰώνων
247 4845 346 4901 ἄποικος
358 4846 420 4895 οδσσ
428 4848 468 4894 καὶ
484 4844 617 4908 Ἀθηναίων]
627 4847 750 4908 Trapezus
761 4841 856 4892 colonie
867 4843 922 4891 erut
932 4838 1117 4903 Sinopensium,
1130 4841 1218 4903 Sinope
1230 4852 1289 4889 rere
1300 4837 1399 4887 colonos
1413 4835 1521 4886 Milesius
1534 4839 1561 4885 ei
1571 4835 1688 4900 deinceps

93 4914 165 4964 eliam
176 4914 336 4965 Athenienses
349 4918 486 4979 acceperat.
501 4914 556 4978 θ-
564 4913 579 4976 §
588 4918 612 4963 4.
625 4916 665 4962 καὶ
677 4914 721 4976 πρὸ
739 4916 806 4974 ἡμῶν
815 4912 893 4973 ὀλίγον
906 4907 1009 4973 καιροῖς]
1026 4908 1062 4960 εἰσ
1072 4924 1144 4972 rugo,
1155 4910 1196 4961 καλ
1208 4910 1273 4959 κάτω
1286 4913 1374 4971 καιροῖς
1388 4910 1449 4957 texi.
1463 4906 1473 4969 ss
1485 4932 1516 4942 -
1528 4904 1586 4968 ἑνὸς]
1602 4907 1687 4955 isaaci.

98 4983 152 5033 vid.
164 4984 287 5046 cimicem,
300 4986 342 5048 qui
353 4986 464 5049 pluribus
478 4986 532 5035 haee
542 4984 707 5049 pmsequiiur.
721 4985 732 5047 ΙΙ
746 4989 830 5031 -τῶν
844 4985 973 5043 Κομνηνῶν
986 4979 1043 5030 add.
1058 4994 1151 5042 mergo.
1167 4977 1420 5044 {1-§5.ippuiir.r:]
1440 4990 1490 5027 νοτ
1505 4976 1530 5025 h.
1544 4976 1561 5025 l.
1574 4976 1690 5027 subsinu-

97 5054 145 5104 tire
155 5058 301 5120 usurpatum
313 5057 375 5106 infru
385 5056 400 5119 §
412 5060 427 5105 θ
438 5056 515 5106 habes
526 5056 642 5120 ἐμφυλίοις
657 5060 750 5111 κακοῖς.
763 5055 774 5118 ΙΙ
788 5053 846 5117 -§
861 5058 885 5102 6.
901 5050 1121 5114 ἐκπολιορκηθεῖσα]
1134 5051 1170 5100 εἰσ
1183 5042 1441 5111 ιηειιςο,“κυκλωθεῖσα
1456 5051 1515 5098 text.
1533 5046 1543 5110 ΙΙ
1562 5075 1593 5089 -
1604 5049 1690 5098 θποκύ·

97 5124 185 5189 inmte]
195 5125 230 5176 sie
236 5138 328 5191 margo,
334 5129 486 5191 σπασάμενοι
498 5129 561 5178 texi·
573 5126 583 5191 ΙΙ
593 5151 624 5163 -
635 5126 650 5189 §
660 5129 683 5175 7.
694 5127 734 5175 τὸν
744 5124 844 5189 δασμὸν]
856 5126 963 5175 ioannes
972 5122 1130 5185 Trapezuniis
1140 5121 1239 5185 regulus
1253 5117 1397 5169 nechemeu
1404 5118 1510 5183 primum
1519 5124 1589 5181 2000,
1603 5119 1691 5169 deinde

861 5216 917 5276 137
