3809 5859
687 364 1107 437 POLYBll'FRAGliENTA.
1290 368 1295 375 ’
1656 364 1697 446 ίι]

99 529 147 564 ταν
160 506 409 584 ἐπιπορευομένους,
421 497 489 559 ὥστε
505 499 587 577 μηδὲν
599 501 629 559 ἐκ
642 503 689 558 τοῦ
701 501 791 577 καιροῦ
806 497 858 556 δεῖν
870 496 1041 574 ἀσχολεῖσθαι
1051 492 1109 559 τοὺς
1123 494 1317 573 ἀμυνομένους,
1327 494 1391 577 πρὸς
1402 503 1454 554 πᾶν
1469 494 1497 555 δὲ
1509 464 1539 555 τὸ
1551 498 1701 576 γιγνόμενον

100 602 151 662 θπό
162 604 214 661 τῶν
228 602 350 672 ίγαγτίων
359 592 392 668 ’ἐξ
407 598 511 675 ἑτοίμου
526 602 657 656 ποιεῖσθαι
669 594 717 668 τὴν
731 594 888 667 ἀπάντησιν.

654 758 753 818 Codex
766 756 919 816 Parisinus
932 770 961 815 et
973 756 1157 833 Anonymus.

141 940 166 980 ι.
190 918 267 991 Πλὴν
280 923 294 1014 ρ
308 919 355 997 μὲν
367 917 480 983 Ἄππιος
494 915 611 996 (Μάρκος
623 915 688 977 cod.
699 886 736 973 ¹P.
750 914 914 1009 perperam)
925 902 995 993 Ιέχων
1007 912 1088 993 γέρρον
1101 913 1145 972 καί
1158 911 1301 990 κλίμακας,
1316 913 1438 995 ἐνεχείρει
1451 913 1606 996 προσφέρειν
1620 917 1704 975 ταῦτα

102 1020 142 1095 τῷ
157 1019 314 1075 συνάπτοντι
327 1013 409 1097 τείχει
425 1016 477 1079 τοῖς
491 1010 651 1081 Ἐίαπόλοις
664 1010 717 1069 ἀπὸ
734 1014 786 1070 τῶν
801 1011 945 1072 ἀνατολῶν.

639 1169 713 1231 Cod.
726 1170 836 1243 Puris„
851 1171 961 1242 Anum,
977 1167 1049 1227 Exc.
1066 1168 1167 1246 Antiq.

147 1360 171 1400 ε.
195 1337 231 1401 ‘0
246 1336 273 1399 δὲ
287 1337 397 1416 Μάρκος
411 1332 532 1414 (Ἄππιος
546 1336 614 1393 eod.
634 1334 681 1410 P.)
701 1330 825 1403 ἑξήκοντα
840 1331 952 1413 σκάφεσι
973 1337 1138 1409 πεντηρικοῑς
1153 1330 1266 1389 ἐποιεῖτο
1276 1326 1321 1387 τόν
1334 1326 1460 1387 ίπίπλουν
1479 1328 1522 1387 lsi
1541 1328 1587 1400 τὴν
1605 1328 1706 1409 Ἀχρα-

107 1434 197 1507 δίνην,
211 1425 247 1493 άιν
269 1434 378 1493 ἕκαστον
396 1434 493 1511 πλῆρες
513 1422 544 1502 ἦν
562 1432 664 1507 ἀνδρῶν
686 1427 797 1507 ἐχόντων
815 1429 878 1498 τόὶα
897 1427 941 1487 καί
961 1426 1100 1509 σφενδόνας
1121 1426 1166 1484 καί
1190 1423 1331 1506 γρόσφους,
1344 1425 1376 1481 δι’
1390 1414 1426 1483 ὧν
1440 1423 1548 1503 ἔμελλον
1570 1423 1629 1493 τούς
1652 1427 1706 1487 ἀπὸ

107 1535 158 1589 τῶν
174 1529 306 1599 ἐπάλξεων
326 1528 491 1609 μαχομένους
505 1526 683 1585 ἀναστέλλειν.
694 1522 767 1600 Ἅμα
779 1522 807 1584 δέ
818 1522 917 1591 τούτοις
930 1522 1000 1582 όκτὼ
1014 1520 1172 1601 πεντήρεσι,
1185 1519 1414 1603 παραλελυμένοις
1431 1519 1490 1587 ’τοὺς
1509 1520 1636 1600 ταρσούς,
1649 1531 1706 1586 ταῖςΙ

109 1625 230 1706 μὲντοὺς
246 1623 427 1698 &heimoris
443 1621 470 1682 ὃί
489 1622 548 1689 τούς
566 1620 725 1698 εὐωνύμους,
742 1621 787 1679 καί
806 1620 1019 1698 συνεζευγμέναις
1036 1616 1101 1696 πρὸς
1121 1618 1238 1689 ἀλλήλας
1257 1617 1351 1676 σύνδυο
1370 1616 1440 1676 κατά
1456 1616 1514 1684 τούς
1532 1617 1707 1696 ε’ψιλωμένους

108 1724 228 1804 τοίχους,
247 1726 379 1802 προσῆγον
392 1718 456 1800 πρὸς
465 1720 495 1778 τ“ο
508 1723 593 1798 τεῖχος
607 1720 649 1778 ul
661 1723 707 1789 τῆς
721 1722 772 1777 τῶν
784 1717 856 1783 ἐκτός
870 1716 965 1797 τοίχων
980 1714 1091 1794 είρετίας
1103 1712 1149 1779 τάς
1160 1710 1302 1790 λεγομένας
1315 1710 1466 1786 σαμθύκας.
1490 1710 1527 1789 (ο)
1539 1712 1579 1772 'Po
1594 1712 1622 1772 δὲ
1636 1712 1712 1791 γένος,

107 1825 153 1890 τῆς
168 1822 332 1891 κατασκευῆς
344 1820 398 1876 τῶν
411 1812 554 1895 εἰρημένων
572 1814 688 1895 ὀργάνων
708 1814 764 1873 ἀστλ
782 1818 909 1873 τοιοῦτον.
933 1812 1061 1887 Κλίμακα
1082 1811 1119 1889 τῷ
1140 1810 1235 1867 πλάτει
1253 1806 1409 1888 τετράπαδον
1425 1806 1624 1884 ἑτοιμάσαντες,
1639 1806 1707 1869 ὥστε

109 1916 136 1985 ἐξ
148 1914 305 1981 ἀποόάσεως
321 1914 418 1991 ίσοῦψῆ
434 1912 552 1990 γενέσθαι
573 1914 612 1991 τῷ
630 1912 728 1990 τείχει,
744 1909 842 1981 ταύτης
862 1907 987 1988 ἑκατέραν
1008 1905 1056 1976 τὴν
1075 1904 1192 1985 πλευράν
1214 1902 1445 1985 δρυφακτόισαντες
1467 1903 1513 1962 καί
1531 1904 1709 1972 σκεπάσαντες

110 2010 268 2089 θπερπετέσι
284 2008 435 2089 θωρακίοις,
448 2007 543 2082 ἔθηκαν
557 2006 672 2086 πλαγίαν
686 2006 729 2066 isi
743 2004 801 2071 τούς
823 2003 1009 2086 συμψαύοντας
1027 2002 1129 2081 τοίχους
1148 2002 1201 2058 τῶν
1217 1997 1426 2076 συνεζευγμένων
1449 2001 1529 2077 νεῶν,
1554 1998 1620 2058 πολύ
1643 2023 1708 2080 προ·

109 2108 257 2167 πίπτουσαν
274 2110 326 2166 τῶν
341 2105 474 2183 ίμόόλων,
484 2103 549 2182 πρὸς
560 2102 588 2162 δέ
603 2112 655 2170 τοῖς
665 2106 747 2171 ἱστοῖς
761 2104 791 2161 ἐκ
805 2105 856 2160 τῶν
873 2100 927 2159 άνω
940 2102 1026 2180 μερῶν
1036 2095 1169 2178 τροχιλίαι
1181 2095 1364 2175 προσήρτηντο
1377 2095 1422 2154 σίιν
1436 2096 1537 2164 κάλοις.
1555 2096 1589 2176 (ι)
1600 2097 1709 2170 Λοιπὸν,

114 2202 176 2262 ὅταν
191 2202 315 2283 ίγγίσωσι
328 2204 373 2273 τῆς
387 2199 490 2281 χρείας,
506 2198 676 2275 ἐνδεδεμένων
689 2202 741 2258 τῶν
761 2197 850 2256 κάλων
863 2196 898 2261 είς
912 2194 959 2267 τὴν
971 2192 1087 2273 κορυφὴν
1105 2196 1152 2264 τῆς
1171 2191 1312 2270 κλίμακος,
1322 2190 1427 2253 ίλιιουσι
1441 2190 1485 2251 ul
1500 2197 1551 2253 τῶν
1570 2196 1709 2274 τροχιλιῶν

111 2298 215 2367 τούτους
229 2302 339 2364 ίστιῦτες
356 2298 384 2355 έν
397 2303 454 2363 ταῖς
467 2294 611 2374 πρύμναις·
624 2292 707 2373 ἕτεροι
719 2293 746 2353 δέ
758 2294 953 2374 παραπλησίως
967 2294 994 2350 ἐν
1008 2294 1065 2358 ταῖς
1077 2288 1194 2370 πρόιραις
1206 2289 1374 2369 ίξερείδοντες
1385 2298 1443 2357 ταῖς
1458 2289 1606 2368 ἀντηρίσιν,
1622 2292 1709 2371 ἀσφα·

110 2397 210 2465 λίζουσι
223 2392 271 2465 riv
290 2393 365 2474 άρσιν
379 2396 424 2451 τοῦ
439 2389 640 2471 μηχανήματος.
656 2389 779 2451 Κάπειτα
794 2391 837 2448 esi
853 2394 900 2461 τῆς
912 2388 1024 2469 εἰρεσίας
1041 2391 1089 2459 τῆς
1105 2387 1150 2470 ἀφ’
1160 2387 1285 2466 ἑκατέρου
1296 2390 1348 2446 τῶν
1362 2385 1436 2455 ίκτὸς
1445 2390 1549 2466 ταρσῶν
1559 2386 1708 2468 ίγγίσαντες

113 2496 145 2568 τῇ
163 2494 199 2570 γῇ
215 2489 262 2556 τὰς
282 2492 358 2561 ναῦς,
375 2486 524 2568 πειράζουσι
543 2487 719 2567 προσερείδειν
735 2491 773 2567 τῷ
789 2486 871 2565 τείχει
883 2486 914 2545 τὸ
927 2484 1116 2565 προειρημένον
1129 2484 1247 2564 όργανσν.
1266 2485 1299 2564 (ε)
1312 2484 1376 2544 Ἐπί
1387 2485 1416 2544 δέ
1425 2490 1472 2557 τῆς
1482 2483 1610 2561 κλίμακος
1624 2486 1707 2567 ἄκρας

110 2586 226 2666 ὑπάρχει
239 2583 362 2663 πέτευρυν
375 2582 570 2663 ἠσφαλισμένον
585 2580 685 2662 γέρροις
703 2582 748 2649 τάς
763 2590 832 2662 τρεῖς
844 2580 1008 2661 ἐπιφανείας·
1019 2581 1059 2661 ἐφ’
1071 2574 1102 2641 σθ
1112 2579 1234 2661 τέτταρες
1254 2581 1345 2663 ἄνδρες
1364 2580 1549 2652 έπιόιόηκότες
1568 2582 1709 2663 ἀγωνίζου·

111 2706 173 2761 ται,
186 2683 376 2762 διαμαχόμενοι
396 2678 461 2759 πρὸς
484 2677 542 2745 τοὺς
561 2679 693 2759 εἴργοντας
711 2678 764 2737 ἀπὸ
779 2682 831 2738 τῶν
845 2676 977 2747 ίπάλξεων
991 2679 1040 2749 την
1053 2678 1191 2759 πρόσθεσιν
1205 2683 1252 2751 τῆς
1265 2677 1412 2755 σαμόύιιης.
1424 2676 1511 2763 Ἐπάν
1527 2676 1555 2738 δέ
1572 2678 1710 2759 προσερεί-

115 2801 207 2847 σαντες
221 2776 366 2857 ὑπερδέξιοι
379 2774 504 2855 γένωνται
517 2780 563 2835 τοῦ
575 2773 692 2854 τείχους,
706 2766 776 2835 οὗτοι
791 2776 838 2853 μὲν
852 2773 887 2834 τά
898 2774 1000 2853 πλάγια
1013 2778 1064 2834 τῶν
1084 2774 1186 2854 γέρρων
1203 2774 1402 2855 παραλύσαντες
1421 2773 1447 2841 ίξ
1461 2772 1585 2855 ἑκατέρου
1599 2780 1646 2834 τοῦ
1660 2778 1710 2851 μέ-

116 2897 193 2952 ρους,
209 2873 384 2937 ίπιῦαίνουσιν
399 2872 443 2931 έπί
463 2870 509 2938 τάς
525 2870 643 2940 ἐπάλξεις
656 2868 674 2943 ἢ
685 2870 744 2939 τούς
756 2871 884 2951 πύργους,
896 2872 921 2929 οί
936 2869 964 2930 δέ
977 2872 1063 2931 λσιπολ
1076 2871 1119 2929 ul
1130 2875 1176 2943 ιη”ς
1188 2870 1326 2948 σαμόύκης
1336 2870 1443 2929 έπονται
1456 2870 1577 2948 τούτοις,
1588 2873 1712 2953 ἀσφαλῶς

113 2979 166 3037 τοῖς
180 2968 424 3049 κάλοιςεβιόηκυίας
437 2972 485 3040 τῆς
500 2970 628 3045 κλίμακος
646 2970 682 3035 τίς
696 2968 844 3049 ἀμφοτέρας
855 2967 902 3035 τάς
917 2972 987 3036 ναῦς.
1005 2967 1037 3047 (ν)
1057 2966 1214 3035 Είκότωςδί
1233 2968 1263 3028 τὸ
1276 2964 1485 3045 κατασκεύασμα
1506 2971 1553 3036 τῆς
1575 2990 1710 3047 προσηγο-

117 3070 175 3147 ρίας
188 3068 295 3146 τέτευχε
310 3066 420 3138 ταύτης·
436 3065 541 3125 ίιιειδάν
555 3063 606 3143 γάρ
619 3063 729 3145 ἐξαρθῇ,
742 3064 861 3144 γίγνεται
877 3063 907 3123 τό
923 3066 1017 3143 σχῆμα
1033 3067 1081 3135 τῆς
1095 3062 1158 3131 νεὼς
1176 3063 1275 3137 ταύτης
1290 3063 1335 3123 καί
1349 3068 1395 3135 τῆς
1415 3063 1543 3141 κλίμακος
1565 3064 1712 3139 ίνοποιηθέν

113 3160 305 3244 παραπλήσιον
319 3158 454 3238 ααμθύκῃ.
1157 3212 1160 3217 .

161 3280 196 3320 ro.
219 3256 295 3329 Πλὴγ
310 3248 380 3317 οῦτοι
400 3257 447 3333 μέν
471 3255 514 3314 τόν
541 3256 636 3335 τρόπον
651 3262 741 3317 τοῦτον
760 3258 963 3336 διηρμοσμένοι,
978 3256 1120 3336 προσάγειν
1139 3257 1281 3316 διενοοῦντο
1303 3265 1356 3325 τοῖς
1372 3258 1494 3337 πύργοις,
1512 3257 1568 3318 ill
1589 3274 1711 3339 προειρη·

116 3353 191 3433 μένος
211 3352 292 3435 ἀνὴρ,
310 3353 555 3433 παρεσκευασμένος
567 3352 666 3433 όργανα
680 3352 743 3434 πρὸς
755 3352 827 3411 άπαν
846 3352 955 3431 έμθελὲς
968 3352 1120 3430 διάστημα,
1131 3352 1263 3435 πόρρωθεν
1282 3354 1330 3430 μὲν
1348 3352 1518 3421 ἐπιπλέοντας
1533 3361 1586 3421 τοῖς
1605 3357 1711 3415 εύτονω·
1776 3376 1780 3384 ’

116 3450 200 3531 τέροις
210 3450 256 3511 καί
270 3450 370 3528 μείζοσι
380 3448 525 3517 λιθσόόλοις
536 3449 581 3507 καί
598 3449 686 3529 βέλεσι
703 3448 854 3529 τιτρώσκων
870 3450 905 3515 είς
920 3447 1033 3528 ἀπορίαν
1052 3448 1160 3510 ένίόαλε
1171 3448 1217 3509 καί
1235 3449 1428 3529 δυσχρηστίαν,
1441 3449 1484 3507 ότε
1504 3448 1532 3507 δὲ
1549 3452 1623 3509 ταῦθ’
1637 3455 1715 3531 ίπερ·

26 3595 30 3601 .
115 3550 182 3618 πετῆ
200 3548 329 3625 γίγνοιτο,
343 3551 395 3612 τοῖς
415 3543 534 3603 ἐλάττοσι
550 3544 620 3603 κατά
636 3544 711 3622 λόγον
732 3544 773 3603 ἀεί
791 3544 855 3625 πρὸς
873 3544 903 3604 τό
920 3546 1005 3625 παρὸν
1026 3544 1171 3622 ἀπόστημα
1188 3544 1336 3625 χρώμενος,
1352 3549 1388 3612 είς
1407 3544 1530 3617 τοιαύτην
1548 3545 1632 3624 ἤγαγε
1651 3546 1713 3605 δια-

115 3640 214 3724 τροπὴν
229 3642 298 3701 ὥστε
319 3640 430 3701 καθόλου
451 3638 562 3698 κωλύειν
585 3641 670 3700 αὐτῶν
689 3638 737 3711 τὴν
752 3639 836 3719 ὁρμὴν
853 3640 899 3698 καὶ
917 3640 962 3700 τὸν
979 3640 1121 3716 ἐπίπλουν,
1134 3642 1183 3711 ίως
1197 3647 1212 3702 ό
1226 3641 1335 3722 Μάρκος
1351 3642 1549 3718 δυσθετούμενος
1560 3641 1713 3720 ἠναγκάσθη

116 3738 202 3819 λάθρογ
219 3738 311 3804 νυκτός
329 3735 368 3796 ἔτι
383 3735 543 3807 ποιήσασθαι
559 3734 606 3807 τὴν
620 3737 793 3814 παραγωγήν.
808 3738 855 3814 (ιι)
869 3740 891 3797 Γ
892 3736 1022 3814 ενομένων
1035 3737 1060 3796 δ’
1071 3741 1155 3798 αὐτῶν
1164 3738 1235 3806 ἀντίος
1244 3740 1334 3819 βέλους
1344 3738 1407 3815 πρὸς
1420 3743 1453 3820 τῇ
1468 3742 1519 3818 γῇ,
1531 3738 1609 3798 πάλιν
1623 3738 1714 3819 ἑτέραν

146 3903 198 3969 94.
212 3902 344 3967 Κλίμακος]
359 3904 470 3967 κάμακας
484 3903 540 3953 cod.
556 3902 632 3953 Poris·
647 3902 658 3966 Ι]
673 3903 730 3967 -§
744 3909 767 3953 li.
785 3904 896 3961 ίξὴκοντα
914 3906 1038 3971 σκάφεσιν]
1054 3908 1250 3967 ιξηιιοντασφασιν
1264 3906 1318 3956 md.
1330 3910 1386 3957 Pur.
1399 3906 1410 3969 ]
1422 3904 1479 3970 -§
1492 3910 1516 3956 θ.
1528 3908 1556 3956 τὸ
1572 3908 1596 3956 δὲ
1612 3907 1714 3967 γένος...

119 3976 171 4025 ἀπὶ
187 3973 302 4038 τοιοῦτον]
314 3976 342 4024 τό
355 3976 380 4023 ἀί
391 3974 456 4034 γένος
469 3976 516 4022 τῶν
529 3972 640 4022 τοιούτων
652 3973 756 4037 ὀργάνων
771 3990 826 4023 εστο
842 3974 897 4033 (sie)
910 3980 1003 4024 τοιοῦτο
1022 3976 1077 4025 eod.
1099 3978 1153 4025 Per.
1172 3971 1209 4025 Gi.
1227 3974 1315 4026 Suidus
1330 3996 1336 4025 :
1350 3977 1470 4040 Σάμόνκες
1484 3975 1551 4040 (deb.
1568 3977 1716 4040 σαμόῡιιαι),

118 4044 184 4107 γένος
206 4045 376 4109 μηχανήματος
388 4044 582 4107 πολιορκητικοῦ,
597 4044 628 4099 ὥς
637 4060 694 4103 φησι
705 4044 831 4101 Πολύάιος·
845 4047 896 4108 περὶ
908 4046 932 4095 δὲ
950 4052 991 4104 τῆς
1006 4052 1154 4104 κατασκευῆς
1169 4047 1242 4096 αὐτοῦ
1253 4048 1380 4109 γέγραπται
1400 4047 1425 4095 έν
1442 4052 1477 4110 τῷ
1495 4047 1553 4111 Περὶ
1574 4044 1707 4112 ίκφράσεως

118 4112 225 4165 Idem-in
238 4115 334 4163 anteco.
347 4126 367 4163 ε.
381 4125 406 4162 v.
420 4115 542 4175 Σαμάῦιιαι
554 4112 609 4163 haec
620 4114 695 4163 alieri
707 4132 713 4163 ι
729 4132 741 4157 τι
754 4116 785 4163 01
797 4114 821 4163 δὲ
833 4114 1004 4179 προσεθσήθουν
1019 4116 1058 4166 ἐπὶ
1069 4117 1096 4165 τὸ
1107 4115 1256 4179 διατείχισμα
1267 4116 1307 4164 καὶ
1318 4117 1376 4177 πρὸς
1386 4116 1440 4171 τοὺς
1448 4115 1496 4165 ἀπὸ
1511 4122 1554 4165 τοῦ
1567 4117 1658 4177 λιμένος
1669 4116 1717 4165 ἀπὸ

117 4189 165 4232 τῶν
174 4181 340 4247 ὑπεροισόντων
356 4182 393 4231 ἐπὶ
407 4183 434 4231 το
446 4186 522 4244 τεῖχος
534 4182 575 4238 τοίς
588 4180 650 4246 (τοὺς
661 4180 745 4247 ootld.)
753 4183 885 4244 σαμθύιιας.
896 4202 907 4225 ιι
920 4181 1004 4233 verba
1019 4183 1111 4247 polybii
1120 4180 1218 4233 luerint.
1228 4185 1350 4247 corruple
1358 4182 1530 4246 Bemherdyus
1541 4183 1650 4235 restituit
1658 4184 1718 4235 sori·

118 4250 199 4301 hendo
211 4251 266 4305 τοὺς
276 4252 324 4301 ἀπὸ
337 4266 359 4301 τ.
371 4250 462 4315 λιμένος
471 4250 643 4315 ἐπιριίθοντας,
655 4250 740 4314 eiectis
750 4251 833 4302 verbis
843 4246 891 4302 ἀπὸ
903 4251 1266 4317 so=1‚postquomilrisliquid
1279 4242 1400 4303 excidisse
1410 4250 1517 4303 ridetur.
1530 4253 1612 4303 Possis
1620 4252 1668 4305 ἀπὸ
1679 4249 1718 4305 νὀΙ

119 4324 158 4372 ἐπὶ
171 4326 219 4371 τῶν
229 4326 287 4371 νεῶν
298 4320 338 4372 vel
352 4319 495 4383 ζευχμάτων.
508 4320 519 4385 ΙΙ
532 4343 564 4357 -
573 4320 743 4386 προσήρτηντο]
752 4324 920 4384 προσήρτηνται
934 4322 989 4373 uod.
1006 4325 1074 4381 Pur..
1086 4323 1205 4387 probante
1215 4322 1350 4374 Weschero
1360 4325 1460 4387 propior
1468 4321 1595 4385 eequeuilu
1608 4323 1716 4375 ἀλκουσι·

119 4392 280 4454 ἀσφαλίζαυσι.
291 4393 324 4440 ni
334 4388 451 4453 precedit
462 4390 556 4449 έθηκαν.
572 4394 600 4442 ln
615 4389 697 4442 dubiis
708 4394 828 4456 excerpis
841 4392 942 4457 antiqua
955 4395 981 4443 el
993 4395 1127 4456 Anonymi,
1138 4406 1196 4457 quo
1204 4393 1312 4444 auctoris
1323 4392 1397 4443 rerba
1406 4392 1504 4443 fidelius
1513 4392 1617 4444 reddere
1627 4392 1717 4456 soleri,

118 4460 190 4525 sequi
198 4462 307 4523 prestat.
320 4457 331 4523 ΙΙ
344 4486 370 4497 -
385 4457 401 4521 §
413 4461 437 4509 7.
448 4460 560 4521 ἐγγίσωσι
573 4466 614 4517 τῆς
627 4460 716 4526 χρείας]
726 4462 746 4512 i.
756 4467 786 4525 τῇ
795 4461 863 4529 χρείᾳ
876 4461 932 4511 cod.
943 4464 1021 4513 Puris.
1034 4464 1153 4513 Geueliro
1163 4464 1266 4513 verbum
1272 4463 1375 4526 jungere
1384 4462 1447 4513 solet
1456 4461 1579 4526 Polybius.
1590 4464 1622 4516 V.
1632 4464 1716 4526 sleplr.

120 4530 195 4583 Thes.
209 4542 230 4580 s.
240 4542 265 4579 ι.
277 4530 369 4591 ‘milw-
379 4530 465 4592 lisque
476 4530 544 4592 quod
552 4542 609 4580 mox
621 4530 710 4596 legilur
721 4532 853 4595 ιγγίσαντις
866 4538 895 4597 τῇ
909 4539 939 4597 γη
949 4534 1100 4598 excerptoris
1107 4534 1189 4599 potius
1202 4547 1277 4597 quom
1288 4533 1383 4596 Polybii
1393 4530 1667 4599 fueriti-implsu]
1675 4533 1718 4585 ἀν-

122 4598 225 4659 τέρεισιν
245 4598 301 4653 eorl.
314 4598 380 4662 Pur„
394 4596 461 4661 quod
472 4596 542 4649 nihili
559 4600 605 4649 esi.
617 4599 696 4650 Simili
715 4600 790 4651 modo
807 4604 921 4665 corrupto
935 4616 984 4652 vox
993 4603 1019 4652 iu
1032 4602 1151 4655 stheuaeo
1165 4608 1191 4655 et
1205 4603 1353 4668 Apollodoro
1365 4618 1391 4668 p.
1404 4605 1491 4663 17,11.
1504 4604 1557 4667 178,
1570 4607 1594 4664 i,
1604 4604 1719 4655 mouente

123 4668 266 4718 Wesoliero.
285 4666 430 4718 Ριισισιίοιισ
450 4680 538 4718 moneo
554 4666 620 4732 apud
636 4667 782 4719 Aiheuaeum
800 4682 824 4735 p.
839 4670 1249 4738 θθ,7εά.17οεο1ι.ρισέξαιρ1τις
1268 4674 1406 4738 (ίξαιριιτις,
1419 4674 1530 4739 έεαιρῆάις
1541 4673 1567 4723 in
1577 4680 1631 4724 ναι.
1649 4672 1719 4727 leot.)

121 4734 276 4791 soribenilum
290 4749 344 4786 esse
364 4737 480 4816 ἐξαιρίτις.
499 4737 664 4788 masculinum
685 4736 799 4802 έξαιρὲιής
817 4738 917 4803 (ipsae,
934 4740 1056 4807 harpago,
1073 4742 1273 4808 instrumentum)
1290 4742 1383 4809 probel
1401 4743 1548 4805 Hesychius.
1565 4742 1718 4793 Femininum

122 4809 228 4870 ἐξαιρίιις
238 4805 298 4857 aubi
307 4815 356 4855 non
369 4806 482 4867 obvium,
492 4808 612 4869 quantum
623 4806 710 4858 scium.
721 4810 753 4857 nt
764 4808 871 4859 occurrii
884 4808 978 4875 αίρίτις.
990 4811 1001 4875 ΙΙ
1012 4840 1044 4849 -
1054 4810 1165 4877 κᾶπειτα]
1176 4830 1286 4863 καιπειτα
1294 4815 1362 4876 Ριιι.,
1373 4813 1439 4863 unde
1456 4812 1558 4877 νᾷπειτά
1569 4804 1638 4863 dedii
1647 4814 1689 4862 W.
1705 4813 1717 4876 Ι

122 4868 271 4941 §uiuis
283 4876 321 4926 iri
334 4876 359 4925 δὲ
370 4882 410 4937 τῆς
421 4877 533 4940 κλίμακος
544 4877 615 4941 ἀκρας
627 4877 726 4943 ἀπάρχει
738 4880 848 4942 πέτενρον
862 4879 945 4931 omisit
951 4880 1008 4933 eod.
1016 4885 1072 4934 Pur.
1087 4879 1098 4949 [l
1112 4911 1138 4921 -
1156 4882 1303 4948 §Motum
1319 4884 1367 4935 hoo
1382 4896 1481 4946 segmen
1496 4882 1615 4932 omissum
1625 4881 1652 4933 in
1662 4884 1717 4934 eod.

121 4949 178 4997 Par.
188 4946 200 5011 ΙΙ
213 4972 240 4983 -
254 4945 270 5011 §
283 4951 320 4997 10.
335 4948 395 5006 πλὴν
408 4946 473 4997 οὗτοι
488 4946 539 5012 μέν]
547 4946 612 4998 οὗτοι
622 4948 663 5010 μὲν
674 4946 714 5031 φύν
729 4950 786 4999 Par.
797 4946 808 5012 ss
818 4976 849 4987 -
860 4948 986 5016 προσάγειν
992 4954 1121 5006 διενοοῦντο
1129 4961 1176 5011 τοῖς
1186 4953 1290 5018 πύργοις]
1299 4960 1334 5017 τῷ
1344 4955 1417 5019 ττίχει
1431 4947 1587 5017 πρσσάἀιλλον
1598 4951 1653 5003 ood.
1663 4955 1718 5003 Pur.

125 5018 136 5079 ΙΙ
149 5044 180 5058 -·
192 5018 294 5079 ιιιθιλις)
304 5017 413 5080 iussim
428 5018 485 5067 ool.
497 5018 565 5079 Pon,
576 5014 644 5080 quod
655 5022 732 5070 muer
743 5020 863 5083 probasse
877 5022 1048 5076 Wesoherum.
1061 5025 1073 5090 ΙΙ
1084 5053 1116 5063 -
1125 5027 1187 5076 κατὰ
1203 5026 1283 5089 λόγον]
1292 5029 1345 5075 κατ’
1354 5025 1448 5075 ἔλαττον
1465 5022 1521 5074 eod.
1533 5024 1600 5086 Pan,
1611 5025 1679 5089 quod
1695 5029 1722 5076 σι

121 5090 204 5153 ipsum
222 5088 315 5152 mospil
329 5088 458 5140 Wesolier.
472 5087 483 5153 ss
495 5116 521 5125 -
535 5090 548 5139 θ
565 5084 669 5154 Μάριιος]
680 5089 718 5140 sio
729 5089 777 5142 hoo
787 5089 843 5141 loeo
854 5094 923 5143 recte
932 5093 1008 5145 eliam
1022 5095 1100 5146 codex
1112 5096 1169 5146 Par.
1179 5096 1262 5147 habel.
1275 5096 1286 5159 ll
1300 5126 1328 5135 -
1339 5089 1528 5159 δυσθετούμενος]
1538 5093 1620 5145 omisit
1635 5097 1691 5148 Par.
1708 5097 1719 5159 ll

123 5182 154 5197 -
165 5157 247 5216 τινας
262 5156 307 5223 ια]
320 5158 353 5209 ιιι
362 5158 446 5209 omisit
459 5162 513 5209 rar.
527 5158 538 5224 η
551 5158 606 5223 -ς
620 5162 657 5211 ιι.
669 5160 712 5217 m<
721 5160 888 5227 ωηιριεως]
900 5162 933 5219 οι
947 5162 973 5215 α.
983 5164 1066 5228 ωιτη
1081 5178 1131 5218 em.
1143 5164 1255 5217 ιιιιιιοιι.
1263 5190 1296 5204 -
1304 5163 1387 5230 τοοκ]
1402 5166 1461 5229 ιρις
1474 5156 1530 5217 σοι.
1542 5166 1620 5218 raris.
1630 5165 1723 5219 ισωω
