3809 5859
418 261 665 323 MECHEMETIS
686 261 815 324 ANNUS
837 260 874 323 11.
898 265 978 325 6960
1000 266 1189 341 (risi-{452
1211 266 1246 325 P.
1270 265 1330 346 (1.).
1636 274 1678 333 59

73 399 119 472 τὴν
143 394 306 469 Ἑλληνικὴν
332 395 468 453 θάλασσαν
502 394 545 454 δελ
567 398 612 454 τοῦ
638 392 846 467 Ἑλλησπόντου.
905 397 1012 478 ίφεῑται.
1056 400 1089 475 (α)
1102 398 1176 475 Ἐγὼ
1194 398 1288 473 δέ,όις
1301 398 1494 479 θρᾶτε.Ἀσίας
1512 422 1546 476 τε
1560 401 1606 460 καί
1622 403 1678 462 Εὐ-

73 488 109 568 (ε)
125 484 204 547 Ούεω
224 481 252 543 δέ
274 481 436 559 διανοηθείς,
452 486 580 561 χειμῶνος
601 480 649 560 μίν
669 481 703 541 τὰ
723 481 788 563 πρὸς
800 480 848 554 τὴν
907 483 998 563 ρώειης
1022 486 1097 565 ιίρχω
1122 486 1239 567 ἠπείρων
1268 485 1441 563 διισταμένων
1470 488 1612 560 άλλήλαις,
1632 490 1679 549 καί

75 571 218 649 οἰκοδομὴν
232 570 319 631 πάντα
334 568 435 629 κελεύει
449 570 711 650 παρασκευάζεσθαι,
724 571 810 638 λίθους
820 570 850 629 τί
906 575 1016 639 πολλούς
1030 577 1084 653 ἔχω
1098 573 1156 641 τούς
1167 574 1377 651 ἐναντιουμένους
1385 598 1415 632 τε
1423 574 1468 632 καί
1477 576 1679 653 ἀνθισταμένους

1264 662 1273 685 Ι

75 685 144 743 φημι
157 660 202 720 καί
223 658 289 727 ξύλα
305 657 351 717 καί
369 658 475 737 σίδηρον
495 658 541 716 καί
552 658 601 717 όσα
616 652 685 716 οίλλα
699 657 763 736 πρὸς
776 663 851 719 τοῦτο
905 662 1066 742 τῇήμετέρορ
1077 664 1147 743 άρχῇ
1157 666 1184 723 έν
1194 666 1307 744 δκατιρρ
1315 662 1425 741 τούτων,
1435 662 1481 722 καλ
1492 664 1533 721 δεῖ
1541 671 1679 745 πανταχοῦ

74 750 212 831 χρήσιμα,
227 746 359 827 άρχοντας
372 744 515 817 ἐπιστήσας
530 747 583 814 τοῖς
595 745 678 823 ἔργοις
690 745 748 812 τούς
768 768 852 805 σπου·
906 770 934 807 τε
949 749 1074 831 παρεῖναί
1087 774 1122 827 με
1135 751 1180 810 καί
1193 752 1354 831 ἀμφοτέραις
1366 755 1469 827 οίρκείν,
1482 750 1508 810 εί
1520 776 1550 832 γε
1565 752 1604 830 μή
1616 758 1679 832 βου·

74 836 228 905 δαιαεάτους
243 858 273 894 τε
294 834 340 893 καί
364 832 583 914 ἐμπειροτάτους,
604 832 780 911 ἐντειλάμενος
803 832 852 905 τήν
905 836 1002 915 λοίμην
1022 839 1171 907 ἐξίστασθαι
1189 837 1287 898 τούτων
1307 837 1375 899 ίκθεν
1388 829 1454 898 εἶναι
1472 848 1527 907 τοῖς
1542 842 1679 921 ἡμετέροις

73 922 206 1005 ταχίστην
227 919 332 983 ἅπαντά
353 923 377 980 οί
401 924 513 998 εὐτρεπῆ
535 919 644 996 θέσθαι,
668 924 702 989 ὡς
727 919 784 999 ipe
807 912 852 1001 ήρι
909 928 1020 1004 ἐχθροῖς.
1062 927 1096 1007 (ε)
1116 924 1190 988 'iere
1214 927 1242 985 δὲ
1265 926 1349 997 δήπου
1375 928 1463 993 καλῶς
1490 927 1540 986 όοα
1565 927 1611 987 καί
1637 920 1680 987 οἷα

74 1008 201 1092 δψομίνιρ
219 1015 265 1069 τοῦ
278 1007 365 1089 ἐργου.
410 1008 494 1068 Καίθ
512 1005 560 1083 μὲν
575 1004 665 1075 ούτως.
909 1005 1053 1085 πράγματα
1072 1006 1204 1088 παρέσχον
1220 1004 1263 1063 ἐπί
1281 1011 1327 1065 τοῦ
1339 1027 1390 1083 μου
1407 1005 1506 1085 πατρδς
1525 1010 1553 1065 αί
1566 1008 1681 1086 τριήρεις

117 1098 181 1159 Vll.
203 1096 332 1163 Βασιλείας
346 1095 375 1156 δέ
389 1098 586 1163 Κωνσταντίνος
596 1095 643 1155 καί
658 1097 683 1155 οί
695 1098 742 1168 τ’ἥς
754 1095 853 1163 πόλεως
907 1096 959 1151 τῶν
983 1093 1093 1153 Ἰταλῶν
1118 1092 1282 1172 βουλομένοις
1315 1092 1439 1165 διαβῆναι
1463 1091 1533 1153 κατδ
1558 1093 1681 1155 Παιόνων

75 1189 155 1246 τοῦτο
179 1183 304 1261 μαθόντες
326 1182 407 1243 δεινὸν
428 1186 539 1260 ἡγοῦντο
557 1180 588 1241 τθ
608 1191 720 1262 πρᾶγμα
741 1182 786 1241 καί
805 1205 852 1260 με·
907 1178 1066 1238 ἐπελθόντων
1087 1184 1121 1261 τῇ
1140 1180 1274 1259 ήμετέρορ,
1293 1179 1483 1258 περιπλίουσαί
1496 1204 1526 1239 τε
1539 1180 1587 1253 τήν
1612 1188 1681 1257 ἡμε-

74 1276 165 1353 γάλων
177 1273 267 1331 κακῶν
280 1269 365 1352 ἀρχὴν
381 1270 428 1331 καί
442 1269 561 1337 δουλείας
578 1270 708 1350 πρόδηλον
723 1269 852 1351 ἀφορμήν,
907 1264 985 1345 τέραν
1013 1269 1148 1328 θάλασσαν
1175 1267 1222 1328 καί
1251 1266 1400 1327 κωλύουσαι
1428 1268 1571 1327 διαύαίνειν
1598 1276 1680 1347 ἡμᾶς.

75 1362 240 1438 νομίζοντες,
260 1358 324 1439 ὅπερ
344 1352 377 1431 ἦν
401 1359 511 1432 ἀληθές,
534 1358 714 1439 ἐπιτιιχισμόν
736 1360 809 1440 σφισί
825 1382 853 1417 τε
910 1354 942 1435 (ι)
960 1356 1007 1415 Δεῖ
1028 1346 1072 1414 οὐν
1095 1355 1260 1434 ἀποτειχίσαι
1282 1379 1311 1414 τε
1332 1352 1379 1426 πλν
1399 1357 1561 1437 ἐπιχείρησιν
1583 1360 1682 1430 ταύτην

78 1450 169 1517 αὐτοῖς
191 1448 236 1507 καί
263 1450 298 1517 τῆ
319 1444 395 1505 πόλει
422 1446 667 1516 κατασκευάζεσθαι
690 1450 784 1517 τοῦτο,
808 1446 854 1504 καί
909 1442 1068 1516 αὐτοῖς,καί
1082 1443 1278 1525 ἀσφαλίσασθαι
1287 1442 1335 1516 τήν
1347 1442 1494 1523 ἡμετέραν,
1509 1444 1554 1504 καί
1567 1445 1605 1521 μή
1619 1446 1683 1527 πρθς

79 1535 214 1618 δυσφόρως
223 1512 324 1616 ίφερθν.
348 1534 384 1615 (s)
392 1529 503 1601 Ἕδοξεν
514 1524 558 1593 οὐν
569 1536 603 1601 ὣς
615 1535 643 1591 ἐκ
656 1537 707 1592 τῶν
718 1532 854 1612 παρόντων
910 1536 947 1611 τῷ
966 1532 1088 1611 βλαύερῷ
1101 1533 1147 1591 καί
1160 1541 1240 1591 πᾶσιν
1253 1531 1340 1613 ὄφλειν
1356 1531 1483 1611 αἰσχύνην
1497 1537 1567 1608 ἡμᾶς
1588 1536 1623 1601 ὡς
1635 1533 1682 1613 ’μή

80 1625 168 1691 αὐτοῖς
177 1621 320 1705 πρεσῦείαν
329 1645 358 1682 τε
370 1619 482 1699 πέμπειν
494 1620 541 1681 καί
551 1626 693 1702 πειρᾶσθαι
703 1624 725 1680 εί
737 1623 856 1681 δύναιντο
910 1619 1068 1699 δυναμένους
1094 1621 1206 1699 φυλάξαι
1240 1621 1288 1692 τὴν
1313 1620 1444 1700 ἡμετέραν
1470 1621 1604 1681 θάλασσαν
1637 1623 1684 1682 καὶ

78 1714 171 1793 τρόπιρ
195 1710 276 1770 παντί
306 1712 346 1792 τῷ
372 1710 475 1789 δυνατῷ
499 1708 548 1785 τήν
572 1710 734 1791 ἐπιχείρησιν
759 1708 856 1780 ταύτην
910 1708 1007 1788 ἀρχήν.
1052 1709 1086 1787 (ο)
1102 1707 1137 1769 ‘0
1160 1708 1187 1767 δέ
1211 1712 1296 1788 χῶρος
1319 1699 1448 1776 οὐτος,ἐν
1469 1697 1491 1787 ᾧ
1511 1708 1541 1767 αθ
1563 1709 1683 1792 φρούριον

79 1797 206 1859 κωλύειν·
221 1797 267 1857 καί
290 1798 427 1875 πίμπουσι
450 1798 483 1869 δή
509 1795 666 1877 (πρέσθεις).
711 1796 747 1876 (ε)
771 1797 805 1858 Οἱ
829 1796 856 1856 δί
911 1796 1001 1873 μέλλω
1015 1797 1154 1876 τειχίζειν,
1170 1796 1297 1875 ἡμέτερός
1310 1795 1340 1853 τέ
1353 1798 1408 1854 ἐστι
1422 1796 1467 1853 καί
1481 1799 1533 1854 τῶν
1550 1798 1684 1878 ἡμετέρων

83 1883 237 1965 ἀφικόμενοι
249 1884 335 1962 λόγοις
346 1906 376 1943 τε
388 1883 519 1952 παντοίοις
534 1885 666 1965 ἐχρῶντο,
681 1888 732 1943 τῶν
746 1906 775 1943 τε
795 1884 857 1953 ξυν-
912 1883 1032 1952 διάδοσις
1047 1885 1158 1958 ἄνωθεν,
1172 1883 1226 1945 ἀπό
1247 1907 1276 1942 τι
1291 1882 1378 1950 Ἀσίας
1392 1885 1417 1951 ἐς
1430 1883 1478 1954 τήν
1493 1883 1627 1965 Εὐρώπην
1639 1885 1685 1945 καί

85 1974 173 2044 θηκῦν
186 1970 233 2030 καί
245 1974 297 2030 τῶν
312 1971 523 2051 ὡμολογηκένων
542 1972 796 2049 ἀναμιμνήσκοντες,
812 1972 858 2033 καί
912 1972 966 2031 άπθ
984 1970 1080 2042 ταύτης
1097 1974 1125 2052 ἐς
1144 1970 1192 2043 τήν
1207 1971 1311 2049 ἑτέραν,
1327 1970 1373 2030 καί
1395 1973 1423 2029 οὐ
1445 1973 1484 2030 δεῖ
1502 1970 1587 2042 δήπου
1604 1974 1686 2033 πολυ·

83 2060 120 2124 ὡς
131 2059 158 2115 ἐν
170 2058 269 2125 πάσαις
279 2066 335 2125 ταῖς
346 2060 579 2138 προγεγενημέναις
591 2082 620 2117 τε
635 2058 681 2119 καί
692 2061 859 2140 άναγεγραμ·
911 2069 1071 2139 πραγμονείν
1086 2058 1154 2129 όλως
1169 2063 1252 2134 ὑμᾶς,
1271 2057 1296 2117 εί
1314 2082 1344 2136 γε
1359 2061 1496 2139 βούλοισθε
1511 2058 1559 2133 τήν
1581 2060 1686 2141 είρήνην

86 2146 177 2224 μίναις
197 2150 283 2216 αὐτοῖς
300 2149 424 2215 σπονδαῖς
443 2146 485 2209 ἐπί
498 2170 527 2207 τε
546 2151 599 2207 τῶν
613 2147 732 2209 πάππων
747 2148 793 2207 καί
813 2157 859 2211 τοῦ
913 2147 1000 2224 άγειν,
1016 2150 1039 2207 εί
1058 2148 1095 2224 μή
1111 2171 1161 2207 που
1183 2147 1228 2207 καί
1250 2146 1324 2205 αὐτοί
1345 2151 1393 2218 τῆς
1417 2147 1565 2215 διαδόσεως
1589 2148 1687 2223 ταύτης

82 2233 198 2314 πατρὸς,
214 2233 282 2293 οίλλθ
299 2234 331 2306 δὴ
358 2234 403 2293 καί
421 2236 516 2312 αὐτοῦ,
537 2234 707 2298 παντάπασιν
731 2236 858 2317 ἀπείρητο
913 2234 1007 2315 είργειν
1016 2242 1086 2312 ἡμᾶς
1095 2235 1247 2314 βούλοισθε·
1259 2241 1335 2295 τοῦτο
1345 2234 1397 2314 γδρ
1410 2235 1488 2303 ἄλλος
1499 2234 1531 2295 δν
1545 2234 1586 2309 εἴη
1599 2235 1684 2317 λόγος.

82 2321 187 2401 μηδένα
200 2322 294 2392 κτίζειν
308 2325 334 2383 ἐν
348 2324 416 2404 τῷδε
430 2328 468 2405 τῷ
481 2322 562 2406 χώρῳ
578 2325 646 2403 μήτε
657 2325 778 2406 φρούριον
790 2326 859 2403 μήτε
914 2325 945 2403 ξε)
963 2323 1084 2393 Σπονδδις
1098 2323 1127 2382 δέ
1139 2322 1198 2382 ούτε
1216 2322 1273 2382 λύω
1287 2322 1345 2381 οὐτε
1362 2322 1541 2400 βουλήσομαι,
1557 2324 1687 2400 μενόντων

82 2411 150 2471 άλλο
161 2434 202 2484 τι,
216 2412 284 2470 οίλλδ
299 2412 347 2471 καλ
363 2410 406 2472 τθν
425 2412 583 2492 βουλόμενον
597 2412 614 2483 ἢ
634 2411 701 2482 ὅλως
722 2413 857 2492 ἐπιχειρή-
914 2410 960 2470 καλ
973 2414 1046 2487 ύμιῗιν
1060 2410 1131 2470 κατὰ
1142 2410 1233 2490 χώραν
1250 2408 1296 2468 καί
1316 2410 1441 2487 μηδαμοῦ
1457 2409 1490 2468 τδ
1505 2410 1623 2491 ἡμέτερα
1636 2437 1687 2474 πο-

82 2521 163 2558 σοντα
175 2498 221 2559 καί
239 2500 402 2581 ἀμφοτέρους
416 2499 526 2559 κωλύειν
537 2502 627 2581 τρόπῳ
642 2499 732 2573 παντί,
748 2501 792 2559 καί
807 2500 860 2559 διε·
913 2497 1166 2575 λυπραγμονούντων
1178 2494 1245 2573 μηδὲ
1254 2497 1469 2575 περιεργάζεσθαι
1482 2499 1659 2575 βουλομένων.
1674 2529 1687 2557 ν

82 2586 157 2660 σώθη
171 2586 201 2646 τθ
214 2586 241 2656 ἐξ
253 2587 350 2648 ἐκείνου
368 2587 512 2671 μίχριοιαί
525 2595 584 2649 νῦν·
601 2616 612 2643 α
627 2592 737 2669 θχιῦρυς
753 2587 861 2648 ίλεύθι-
892 2650 893 2653 ς
954 2584 1003 2645 IX.
1025 2586 1120 2645 Ταῦτα
1140 2583 1346 2664 ἀποκρινάμενος
1368 2585 1518 2662 ἆποπέμπεῑ
1541 2585 1600 2653 τοὺς
1618 2588 1687 2669 πρί-

85 2674 278 2753 ρος,διά6ασις
291 2675 318 2735 δέ
330 2676 406 2754 μόνον
418 2677 716 2757 δπλῶς,ἐφασαν,τῦν
727 2676 861 2755 ύμετίρων
915 2670 996 2737 esrae.
1039 2673 1075 2733 Οί
1095 2672 1123 2731 δέ
1138 2672 1310 2745 ἐπανήκοντες
1324 2670 1520 2751 ἀπαγγέλλουσι
1538 2675 1626 2735 πάντα
1648 2678 1687 2757 τῷ

82 2762 293 2842 στρατευμάτων
306 2766 360 2822 τῶν
376 2786 406 2822 τε
422 2762 509 2824 άλλων
532 2767 686 2824 ἀποσκευῶν
706 2764 732 2833 ἐζ
751 2764 861 2844 ἠπείρου
916 2762 1022 2839 βασιλεῖ
1041 2759 1234 2839 Κωνῦταντῖνῳ
1248 2758 1294 2818 καί
1318 2760 1371 2828 τοῖς
1394 2761 1421 2819 ἕν
1441 2760 1512 2820 τέλῑῑ
1525 2760 1687 2838 Ῥωμαίθῑςς
1734 2761 1736 2764 ¹

83 2851 113 2916 ἐς
134 2848 253 2928 ἤπειρον.
278 2876 291 2903 ε
316 2849 370 2911 Καί
394 2849 451 2927 ίίμα
476 2849 560 2922 ήίίουν
583 2853 706 2930 μηδαμοῦ
726 2850 797 2909 λύειν
816 2850 862 2917 εδις
915 2847 993 2907 τότε
1013 2848 1081 2907 ἄλλα
1096 2850 1141 2906 καί
1161 2847 1192 2917 δὴ
1209 2847 1255 2908 καί
1270 2850 1305 2915 ὡς
1318 2851 1365 2907 οὐκ
1383 2847 1481 2908 ἐνεστιν
1501 2850 1568 2917 όλως
1589 2851 1688 2911 διακω-

83 2936 202 3005 σπονδδις
224 2937 284 3017 χθές
313 2936 345 3010 δή
373 2938 419 2998 καί
444 2939 535 3019 πρώην
562 2938 739 3017 γεγενημένας
761 2942 860 3019 μικρῶν
914 2938 993 2996 λῦσαι
1008 2936 1056 3006 τήν
1069 2936 1231 3015 ἐπιχείρησιν
1244 2933 1342 3003 ταύτην
1352 2935 1410 2995 ούτε
1420 2936 1505 3017 λόγοις
1518 2937 1577 2999 οὐτε
1588 2947 1687 3015 πειθοῖ,

82 3024 183 3099 ἕνεκα,
197 3022 266 3102 μηδὲ
288 3025 385 3085 εἰδικεῖν
409 3028 505 3086 ἐθελειν
526 3026 609 3103 μηδὲν
634 3028 788 3094 ἀδικοῦντας
811 3026 861 3085 αὖ·
917 3022 962 3103 βίορ
980 3022 1100 3102 μέντοιγε
1116 3025 1198 3103 μόνη,
1212 3027 1235 3082 εί
1249 3022 1378 3084 δύναιντο.
1422 3024 1456 3104 (s)
1470 3028 1505 3086 Οί
1520 3024 1563 3103 δί,
1578 3026 1623 3086 καί
1637 3027 1688 3110 γάρ

81 3111 158 3177 τούς.
916 3111 1000 3172 ἐδόκει
1023 3114 1109 3179 αὐτοῖς
1125 3121 1237 3192 πρᾶγμα
1261 3112 1362 3193 σφόδρα
1383 3113 1482 3186 δεινὸν,
1503 3112 1591 3193 ὥσπερ
1618 3116 1686 3189 δῆτα

128 3196 208 3259 Vlll.
231 3196 359 3268 Βασιλεύς
379 3198 405 3260 δέ
430 3198 601 3280 είποκρίνεται
622 3200 735 3267 τούτοις·
758 3228 770 3253 α
791 3198 864 3262 Οὔτε
916 3200 962 3259 καί
975 3191 1021 3273 ήν,
1034 3198 1071 3275 με]
1093 3201 1195 3281 ἔχοντες
1213 3200 1331 3278 μέντοιγε
1345 3200 1362 3261 ό
1373 3225 1398 3259 τι
1419 3200 1464 3261 καί
1487 3200 1609 3280 δράσειεν
1616 3245 1626 3276 ,
1642 3204 1689 3264 καί

81 3286 187 3345 ἀδικεῖν
203 3288 286 3361 ύμίῗς,
301 3286 391 3367 ἄνδρες
404 3286 549 3366 Ῥωμαῖοι,
562 3292 694 3368 ἡγοῦμαι,
710 3278 770 3349 οὔτε
789 3288 862 3371 παρθι
917 3287 1023 3355 άκοντες
1036 3288 1150 3369 ἡσυχίαν
1164 3280 1239 3365 ήγον.

80 3372 122 3433 τί
136 3372 291 3453 ξυγκείμενα
305 3376 429 3455 πράττειν
444 3376 489 3434 καί
508 3374 555 3444 τδς
568 3374 680 3443 σπονδδις
694 3378 720 3436 έν
741 3378 807 3457 τῷδε
824 3378 862 3456 τῷ
958 3375 995 3437 Χ.
1018 3377 1171 3457 Μεχέμετις
1185 3376 1213 3435 δέ
1234 3381 1248 3435 δ
1269 3374 1405 3456 βασιλεὺς,
1422 3378 1458 3445 ὡς
1479 3376 1526 3456 ίαρ
1549 3376 1689 3458 ύπέφαινεν

83 3461 172 3540 ἔργῳ,
195 3461 383 3541 άσφαλίζεσθαι
408 3462 435 3523 δέ
460 3462 538 3540 μόνον
559 3462 593 3523 τδι
617 3466 726 3536 ἐαυτοῦ,
741 3464 777 3541 μή
795 3465 862 3541 μετδι
916 3463 986 3536 ήδη,
1009 3463 1054 3522 καί
1075 3463 1161 3525 πάντα
1176 3467 1199 3524 οί
1216 3456 1248 3536 ήν
1270 3466 1398 3545 εὐτρεπῆ,
1413 3464 1555 3543 πληρώσας
1577 3465 1689 3546 τριήρεις

86 3546 193 3627 βλάόης
206 3548 326 3628 μέντοιγε
338 3550 476 3629 ὑμετέρας·
487 3550 595 3610 έκαστον
609 3550 637 3610 δὲ
651 3550 683 3611 τδι
694 3550 748 3610 ίδια
761 3552 862 3633 φυλάτ-
917 3551 1057 3631 τριάκοντα
1072 3552 1118 3611 καί
1132 3555 1219 3619 καλῶς
1232 3552 1342 3619 θπλίσας
1355 3554 1391 3620 ὡς
1404 3553 1429 3618 ἐς
1443 3552 1606 3632 ναυμαχίαν,
1622 3553 1647 3613 εί
1658 3576 1688 3634 γε

84 3658 143 3693 τειν
165 3634 210 3693 καί
233 3634 355 3716 βεῦαιοῦν
377 3638 500 3713 μηδαμοῦ
528 3636 588 3705 τούς
607 3638 760 3705 ἐνσπόνδους
794 3638 863 3717 βλά-
916 3638 1008 3699 τούτου
1028 3639 1143 3710 δεήσειεν
1165 3643 1190 3699 εἴ
1210 3640 1274 3698 ποτέ
1297 3664 1335 3706 τις
1358 3640 1505 3706 ἐναντίωσις
1525 3640 1585 3713 είη,
1600 3664 1689 3721 παρα-

84 3744 189 3781 πτοντα
215 3722 313 3783 δίκαιόν
334 3724 364 3787 τέ
378 3728 433 3784 ἐστι
457 3724 502 3783 καλ
525 3726 700 3804 ἀνεμέσητον,
713 3725 759 3784 καί
780 3734 861 3784 πᾶσιν
917 3728 1048 3794 σκευάσας
1060 3730 1086 3787 δέ
1098 3728 1144 3787 καί
1156 3726 1232 3807 ἕτερα
1243 3729 1322 3785 πλοῖα
1334 3726 1487 3805 σκευαγωγὰ
1497 3730 1622 3802 πλείστα,
1635 3727 1689 3787 άπδ

87 3915 127 3964 οὐ.
143 3916 154 3977 li
165 3942 196 3953 —
210 3917 315 3980 λίγαῑον]
324 3918 402 3979 ἐγαῑον
410 3918 467 3967 cod.
480 3917 491 3981 1]
508 3945 533 3952 -
544 3920 583 3967 διὰ
591 3922 633 3967 τοῦ
645 3916 828 3981 Ἑλλησπόντου]
836 3920 896 3967 Ηευσ
906 3917 982 3967 verbo
991 3917 1065 3967 velim
1079 3917 1173 3967 abesse.
1187 3920 1224 3967 De
1233 3918 1340 3967 castellis
1352 3915 1383 3966 ed
1395 3918 1579 3981 Hellespontum
1588 3918 1688 3969 υίειιοίίε

87 3998 131 4035 an.
156 3990 214 4037 een
229 3986 340 4039 vidolio.
357 3992 381 4048 θ,
398 3994 433 4038 ii.

122 4054 137 4115 §
156 4058 180 4103 i.
194 4056 234 4105 Cf.
247 4058 328 4107 Duces
341 4070 366 4120 p.
387 4060 485 4117 237,1θ
508 4077 514 4106 :
533 4060 651 4120 λειμῶνος
673 4058 718 4122 γὰρ
738 4058 865 4121 ἀρξαμένου
881 4057 1052 4120 προστάγματα
1072 4059 1112 4106 καὶ
1132 4057 1273 4113 διαλαλ.ιὰς”
1291 4058 1315 4106 ἐν
1333 4074 1359 4106 τε
1371 4058 1435 4107 δύσει
1458 4059 1483 4106 ἐν
1502 4074 1528 4107 τε
1540 4059 1642 4122 ἀνατολῇ
1664 4059 1689 4109 ίν

85 4122 180 4186 {eim
198 4124 300 4189 ἐπαρχίᾳ
321 4132 363 4175 τοῦ
378 4128 500 4190 ἑτοιμάσαι
516 4127 654 4190 οἰκοδόμους
666 4128 771 4191 τεχνίτας
792 4128 881 4192 χιλίους
894 4130 934 4177 καί
949 4128 1047 4191 ἐργάτας
1065 4128 1128 4177 ιιατόι
1141 4128 1266 4185 ἀναλογίαν
1276 4132 1324 4176 τῶν
1343 4133 1454 4190 τεχνιτῶν
1476 4130 1516 4177 καί
1530 4128 1689 4179 άοάεστοειαύ·

86 4209 148 4248 στας
163 4194 204 4241 καί
221 4194 300 4250 ἁπλῶς
321 4197 393 4244 είπείν
417 4200 496 4246 πᾶσαν
515 4194 624 4259 ἐργασίαν
640 4198 680 4245 καί
704 4198 876 4261 παρακομιδὴν,
899 4197 1021 4246 τοῦεῖναι
1046 4198 1153 4260 ἐεοίμονς
1171 4199 1194 4246 ἐν
1211 4198 1261 4261 ίαρι
1279 4198 1311 4252 είς
1332 4200 1479 4255 κατασκευὴν
1495 4197 1597 4261 κάστρου
1615 4199 1690 4262 ἐντῷ

84 4262 184 4327 στομίῳ
196 4269 238 4313 τοῦ
250 4267 313 4327 ἱεροῦ
326 4272 366 4326 τῆς
385 4266 484 4323 πόλεως.
497 4268 618 4317 Puseulus
636 4272 660 4327 3,
683 4271 796 4318 152-172.
811 4268 820 4333 [l
835 4296 862 4305 --
874 4267 997 4331 ἁψαμένῳ]
1007 4270 1119 4333 ἁψαμένῳ
1132 4282 1206 4331 supra
1220 4280 1318 4317 versum
1330 4268 1468 4331 opponitur.

121 4334 178 4383 vll.
195 4336 217 4381 ί.
228 4332 267 4381 Cf.
278 4336 360 4385 Duces
376 4341 466 4401 12238.
479 4342 501 4387 3.
518 4335 528 4400 ΙΙ
540 4336 594 4400 -§
607 4344 629 4386 2.
646 4338 720 4393 ἔδοξεν
739 4336 809 4387 οὐν...
825 4337 912 4400 αὐτοῖς]
928 4338 990 4394 ίδοξε
1014 4336 1112 4387 δὐῦν...
1131 4338 1202 4395 αὐτῆς
1221 4337 1306 4386 codex.
1318 4336 1369 4400 ΙΙ-
1380 4338 1551 4401 πρέσύιιτοιίά.
1570 4352 1662 4401 margo.
1677 4336 1689 4401 ]]

83 4428 122 4441 -
134 4402 150 4467 §
164 4408 187 4455 3.
203 4403 282 4453 Aliam
301 4406 437 4469 legatorum
450 4408 583 4458 emtionem
595 4406 694 4459 exhibet
704 4411 787 4458 Duces
805 4422 829 4473 p.
843 4413 896 4469 23⁸,
913 4413 1011 4467 18-239,
1028 4414 1064 4458 ιο.
1076 4410 1113 4459 (is.
1132 4409 1253 4458 Pusoulus
1274 4414 1296 4467 s,
1313 4412 1426 4458 192-202.
1438 4411 1554 4458 ceterum
1571 4410 1643 4458 aliter
1658 4408 1694 4458 ds

81 4472 129 4524 his
139 4476 221 4522 παπαί
232 4473 376 4525 Seededdin.
388 4483 409 4535 2,
417 4490 441 4539 p.
454 4480 505 4538 1³1„
514 4478 557 4540 qui
567 4476 809 4528 Mechemetemdicit
818 4478 850 4528 ed
860 4478 1047 4530 Constantinum
1058 4478 1154 4536 misisse
1163 4478 1283 4541 legatum,
1293 4476 1337 4541 qui
1346 4491 1377 4527 ex
1386 4492 1416 4528 eo
1426 4481 1521 4542 peteret
1528 4478 1691 4527 uteesteilum

81 4542 116 4591 in
128 4542 178 4591 isio
194 4543 295 4607 Bospori
310 4544 364 4594 ioco
379 4544 549 4596 redificandum
561 4546 721 4610 permitteret,
735 4550 910 4611 Imperatorem
926 4546 1019 4597 dixisse
1034 4547 1116 4597 locum
1123 4547 1195 4598 ilium
1209 4562 1257 4597 non
1267 4560 1319 4597 sure
1330 4546 1429 4597 ditionis
1438 4561 1501 4609 esse,
1515 4546 1560 4596 sed
1570 4546 1690 4596 Italorum

81 4613 198 4731 ξοίχίεος
213 4614 331 4732 lgm
344 4620 425 4667 ouiem
438 4618 624 4681 permissionem
632 4618 808 4671 Meohemeiem
821 4621 933 4683 expetere
941 4617 1080 4682 σολοίκου]
1096 4647 1124 4656 -
1136 4617 1287 4685 ἀμφοτέρους]
1298 4618 1496 4683 ἀμφοτέρονςοοδ.
1513 4618 1567 4681 [1-
1575 4612 1691 4678 διάδοσις]

104 4699 130 4731 ια
162 4696 225 4731 σίνίλ
263 4719 268 4731 ι

121 4753 187 4802 vlu.
203 4751 226 4813 §.
240 4756 263 4802 3.
281 4754 343 4803 'iere
358 4755 382 4803 δὲ
402 4754 461 4821 σία]
476 4756 565 4807 Fusius
587 4756 619 4806 de
629 4756 670 4805 his
681 4756 845 4808 Meohemeies
856 4757 957 4822 exponit
968 4771 1008 4820 ep.
1023 4760 1119 4807 Dueam
1135 4771 1160 4820 p.
1173 4761 1225 4806 240.
1262 4785 1293 4795 -
1303 4757 1319 4820 §
1329 4762 1353 4807 5.
1372 4763 1443 4806 τοῦτο
1459 4757 1504 4819 γάρ
1519 4756 1588 4809 ἄλλος
1604 4755 1634 4803 δν
1652 4754 1690 4811 τίη

82 4820 170 4885 λόγος]
189 4822 271 4872 Minus
290 4824 411 4887 ambiguis
430 4826 513 4877 verbis
536 4828 651 4876 soltanus
666 4826 743 4875 utitur
760 4840 800 4891 ap.
817 4832 912 4879 Ducam
923 4842 949 4892 p.
965 4831 1020 4888 240,
1032 4835 1061 4878 22
1072 4847 1079 4877 ι
1090 4829 1128 4877 καί
1144 4830 1158 4876 δ
1169 4828 1241 4877 ἐλθὼν
1253 4828 1300 4878 ἀπὸ
1312 4833 1354 4878 τοῦ
1365 4834 1407 4878 νῦν
1420 4827 1488 4876 ίνικα
1497 4830 1539 4883 τῆς
1558 4824 1691 4881 θποθίσεως

81 4890 190 4949 ταύτης,
203 4892 381 4955 ἀφαιρεθήσεται
395 4894 436 4951 τὴν
446 4896 524 4959 δοράν.

122 4961 164 5009 lx.
181 4960 316 5024 Ῥωμαίοις]
329 4962 455 5025 Ῥωμαίων
469 4976 544 5027 supra
558 4962 678 5025 seriptum
694 4962 718 5012 in
733 4964 825 5016 codiee.

121 5030 151 5078 X.
168 5028 183 5093 §
197 5036 217 5081 1.
233 5030 373 5095 Μεχίμετις]
391 5030 427 5080 sie
440 5031 467 5081 h.
485 5032 503 5081 ί,
516 5034 542 5082 εί
554 5032 644 5095 passim
666 5044 710 5096 pro
729 5036 865 5097 Μεχεμέτης
878 5035 975 5100 legitur.
991 5034 1003 5099 ]]
1020 5060 1047 5069 -
1062 5035 1158 5099 τριήρεις
1172 5032 1306 5097 τριάκοντα]
1318 5036 1349 5083 io
1362 5044 1438 5082 naves
1451 5033 1562 5082 recenset
1578 5032 1693 5083 Nieoleus

79 5096 215 5149 Barbems
224 5113 248 5163 p.
265 5103 274 5148 l
290 5118 297 5149 ι
312 5100 419 5164 quando
431 5102 452 5152 il
466 5100 532 5151 ιίίίίο
549 5103 634 5152 Tereo
650 5115 715 5152 οσιιε
729 5116 747 5153 ο
760 5102 914 5168 fabricaret
934 5105 999 5156 dille
1012 5105 1136 5168 castello,
1147 5118 1212 5154 vene
1231 5103 1267 5155 είυ
1291 5101 1411 5166 Goripoli
1420 5101 1448 5165 (i.
1461 5114 1486 5164 q.
1502 5102 1628 5168 Galipeli)
1643 5115 1694 5155 eon
