3809 5859
160 578 362 655 σπουδαιότητι,
377 578 420 636 καὶ
444 582 471 635 ού
487 577 570 648 δήπου
588 582 709 635 τοσοῦτον
724 577 755 635 ἄν
769 601 807 643 τις
820 577 932 656 μανείη,

159 671 195 736 ὡς
216 666 254 744 μὴ
277 675 358 728 πᾶσιν
379 664 532 724 ἐπιύοίλλειν
553 666 673 743 ἡγεῖσθαι
696 665 844 732 σπουδαίοις
868 655 934 724 εἶναι

160 760 362 834 προθυμεῖσθαι.
407 752 500 813 Πολλθι
515 753 604 830 μέντοι
618 752 663 811 καί
676 751 768 813 ellat
781 753 859 830 νύμος
878 757 930 812 τῶν

159 843 207 922 μέν
221 844 336 923 χυδαίων
351 840 550 922 συνεχώρησεν,
564 842 614 920 οὐχ
627 839 667 898 ὅτι
681 839 709 898 δὲ
721 841 853 922 ριλοσύριρ
873 841 933 901 ἀλλ’

159 932 217 993 οὐδὲ
230 936 267 1011 τῷ
277 933 364 997 καλῶς
375 930 570 1011 πολιτευομένῳ
582 928 731 1011 ἐπέτρεψεν.
760 929 829 991 otti
839 928 891 1009 γίερ
904 933 933 990 ἐκ

159 1021 246 1092 παίοης
259 1021 355 1100 τέχνης
370 1016 541 1099 παρεδέξατ’
557 1016 589 1076 θν
603 1019 638 1086 είς
653 1017 684 1076 τὸ
696 1018 860 1094 πολίτευμα,
875 1017 934 1076 καί·

157 1132 199 1168 τοι
212 1107 383 1168 ούκέκιύλνσε
393 1105 440 1183 μὲν
452 1107 568 1185 μετιέναι
584 1105 630 1173 τδς
644 1105 748 1186 τέχνας,
758 1105 811 1164 οὐδ’
828 1107 933 1164 ἐκπαν-

159 1197 202 1264 τὸς
219 1195 443 1271 ἐπιτηδεύματος,
458 1193 504 1254 καλ
519 1191 590 1273 ὅμως
608 1194 668 1261 τοὺς
683 1198 712 1254 ἐκ
727 1198 778 1253 τῶν
796 1195 933 1274 βαναύσων

161 1285 252 1364 ἄρχειν
275 1282 413 1363 ἀπείργει,
431 1281 497 1350 δλως
511 1306 539 1342 τε
561 1286 588 1342 έν
607 1273 648 1350 αἶς
671 1283 837 1354 δικαιοσύνης
857 1283 934 1362 χρεία

159 1376 206 1432 καὶ
228 1377 274 1444 τῆς
302 1372 385 1443 ἄλλης
409 1376 520 1453 ἀρετῆς,
549 1377 595 1443 τῆς
626 1370 800 1450 προστατείας
825 1370 931 1430 κωλύει.

159 1461 239 1521 Ἐπεί
252 1461 273 1520 δ’
288 1462 342 1520 οὔδ’
355 1458 470 1540 ἑταίραις
484 1461 583 1537 ὁμιλεῖν
594 1458 752 1540 ἀπαγορεύει
766 1459 819 1526 τοῖς
828 1460 934 1526 πολλοῖς

161 1550 230 1609 ἀλλὰ
244 1549 290 1608 καί
304 1547 482 1629 πραττόμενος
494 1546 540 1614 τδις
556 1548 661 1626 ἑταίρας
672 1547 702 1606 τδ
718 1547 860 1625 μίσθωμα,
872 1549 933 1606 iero·

162 1638 288 1696 νείδιστον
309 1637 414 1714 ἡγεῖται
430 1635 545 1716 μετρίοις
556 1637 679 1716 sindonius
696 1635 742 1694 >cui
757 1634 869 1714 αἶσχρθιν
885 1633 933 1706 τὴν

161 1724 224 1805 πρθς
239 1723 339 1791 ταύτας
354 1724 477 1802 ὁμιλίαν·
495 1723 525 1782 τύ
541 1727 565 1781 τ’
580 1726 608 1782 έν
623 1722 776 1794 καπηλείοις
795 1724 886 1794 διαζῆν
904 1725 932 1781 οὗ

160 1813 309 1873 κεκώλυκεν
332 1812 454 1890 δνύμος,
472 1811 518 1872 καί
539 1809 611 1889 ὅμως
634 1810 809 1870 ἐπονείδιστον
824 1813 862 1892 τῷ
883 1833 933 1885 με·

161 1901 237 1983 τρίιρ.
281 1904 408 1962 Τοιοῦτον
428 1891 471 1959 σύν
489 1925 515 1960 τι
530 1898 577 1958 καί
590 1898 621 1957 τὸ
636 1902 679 1958 ἐπὶ
693 1903 740 1969 τῆς
754 1899 856 1970 διαίτης
870 1898 932 1978 ιραί-

160 2013 242 2048 νεται.
284 1988 340 2050 Καί
358 1992 408 2069 οὐχ
427 1987 486 2060 ἥτις
503 1995 556 2055 τοῖς
579 1988 686 2054 πολλοῖς
712 1986 914 2066 συγκεχώρηται
921 2033 931 2064 ,

160 2078 259 2148 ταύτην
286 2079 317 2136 ἄν
343 2101 383 2145 τις
406 2076 451 2135 καὶ
473 2079 527 2142 τοῖς
548 2075 693 2154 βελτίστοις
719 2074 932 2154 συγχωρήσειεν,

161 2167 308 2246 φιλοσοφῶν
330 2164 357 2222 δὲ
382 2163 449 2244 ἀνὴρ
467 2164 578 2239 μάλιστ’
594 2161 633 2222 Ιθν
659 2162 718 2230 τοὺς
743 2162 827 2242 ἱεροὺς
847 2166 932 2244 ἑαυτῷ

161 2253 323 2334 ύπογροίψειε
335 2253 446 2328 νόμους,
460 2251 503 2319 οθς
516 2251 569 2311 θεοί
581 2275 610 2310 τε
624 2251 669 2310 καί
686 2250 818 2330 ἄνθρωποι
833 2251 933 2332 ἀφώρι-

160 2365 209 2400 σαν
224 2344 290 2410 θεοῖς
301 2340 433 2416 ἑπύμενοι.
475 2344 511 2401 Ol
523 2341 546 2398 δ’
557 2339 622 2418 leoni
633 2339 767 2418 πεφήνασι
778 2338 852 2414 νόμοι
865 2337 933 2397 κατδι

162 2433 224 2502 έθνη
247 2429 293 2488 καί
315 2429 384 2488 κατὰ
403 2427 492 2494 πολεις
510 2427 616 2506 ἁγνείαν
643 2427 692 2503 μέν
712 2427 933 2506 προστάττοντες,

159 2515 284 2598 ίμψύχων
309 2517 337 2576 δὲ
356 2521 453 2596 βρῶσιν
477 2513 683 2599 ἀπαγορεύοντες
705 2519 759 2582 τοῖς
777 2517 855 2592 ἱεροῖς
881 2514 932 2586 ήδη

159 2606 205 2665 καί
231 2608 266 2673 εἷς
280 2607 377 2677 πλῆθος
398 2603 481 2662 πίνειν
505 2603 680 2684 κωλύοντεςῆ
707 2604 740 2661 δι’
760 2602 892 2662 εύσέύειαν
916 2605 932 2671 ἢ

160 2694 205 2754 διαί
217 2717 291 2760 τινας
311 2693 412 2772 pleds<
424 2697 454 2752 έκ
467 2697 514 2763 τῆς
529 2696 645 2772 τροφῆς·
664 2689 733 2751 ὥστε
745 2690 762 2762 ἢ
772 2695 831 2756 τοὺς
849 2693 933 2769 ἱερέας

159 2780 287 2858 μιμητέον
299 2781 317 2851 ἢ
328 2791 394 2839 πᾶσι
408 2780 528 2839 πειστέον
543 2780 596 2845 τοῖς
609 2777 772 2855 νομοθέταις.
817 2777 930 2838 Ἑκατέ-

161 2894 211 2950 ρως
227 2867 278 2950 γδρ
301 2869 409 2930 πάντων
433 2868 559 2950 ἀφεκτέον
581 2866 625 2926 τθν
647 2867 758 2943 νόμιμόν
778 2889 808 2925 τε
830 2864 933 2934 τελείως

162 2958 210 3017 καὶ
224 2957 353 3025 εὗσεθῶς·
368 2959 390 3015 εἷ
407 2955 458 3037 γὰρ
471 2956 540 3016 κατὰ
560 2955 638 3035 μέρος
657 2955 723 3022 τινὲς
738 2957 771 3014 δι’
798 2955 932 3015 εύσέθειαν

160 3049 239 3105 τινῶν
262 3046 420 3126 ἀπέχονται,
444 3053 458 3105 θ
486 3042 551 3124 πρθς
572 3045 660 3103 πάντα
694 3041 805 3116 εύσεύὴς
823 3042 932 3103 πάντων

161 3134 295 3214 ἀφίξεται.

47 409 52 416 .
158 362 198 420 Ἶθ
852 355 1092 420 Baabssann.

46 508 48 512 ’
158 491 231 551 ἔστιν
242 493 323 570 εθρεῑν
336 488 468 556 πολιτείας
480 487 592 557 διέξοδον
603 493 745 566 τηροῦντας
753 488 802 560 τὴν
814 488 888 558 ἀξίαν
899 495 933 570 τῆ

988 492 1077 542 modus
1092 493 1175 545 nullus
1193 496 1330 559 reperietur
1341 497 1368 547 in
1380 512 1431 561 quo
1450 512 1496 550 sua
1507 500 1623 564 probitati
1641 504 1761 554 servanda

988 579 1093 642 dignitas
1104 581 1145 631 sit.
1178 585 1210 632 at
1223 597 1296 633 nemo
1307 588 1389 634 tamen
1398 598 1456 636 sane
1466 585 1527 636 adeo
1536 586 1666 650 insaniret,
1675 594 1761 641 utnon

988 669 1103 719 omnibus
1123 671 1254 721 convenire
1273 672 1437 734 existimaret,
1451 675 1480 724 nt
1499 675 1569 738 probi
1583 676 1688 728 evadere
1705 680 1761 729 stu·
1852 733 1854 736 ,

988 757 1071 807 deant.
1102 759 1181 808 lllnlta
1192 759 1313 822 siquidem
1322 761 1396 812 etiam
1406 762 1453 812 alia
1463 762 1559 826 vulgari
1566 777 1596 814 ac
1605 765 1763 816 oontusaneoe

987 846 1068 896 turbu,
1083 847 1209 908 concedit,
1224 863 1282 912 qnae
1302 849 1394 900 nedum
1412 849 1569 915 philosopho,
1584 852 1629 902 sed
1650 867 1683 903 ne
1694 858 1762 905 recte

988 934 1089 999 quidem
1105 934 1230 986 civitatem
1243 937 1422 989 administranti
1434 939 1596 1002 permitteret.
1628 943 1690 991 Nam
1702 941 1763 994 licet

989 1036 1069 1086 neque
1081 1037 1113 1073 cx
1123 1025 1190 1073 omni
1200 1028 1253 1075 arte
1264 1025 1296 1075 ad
1306 1025 1544 1078 administrationem
1555 1029 1698 1094 reipublicae
1714 1031 1761 1081 ad-

989 1111 1086 1172 mittat,
1097 1126 1147 1162 non
1160 1115 1229 1164 rotat
1239 1115 1324 1164 umen
1340 1114 1400 1177 quin
1417 1115 1467 1165 illac
1478 1119 1647 1167 exerceantur.
1679 1117 1762 1168 Sordi-

989 1199 1077 1250 darum
1097 1203 1181 1252 tamen
1201 1202 1292 1252 artium
1312 1202 1412 1267 opifices
1431 1217 1448 1253 a
1467 1203 1666 1268 magistratibus,
1685 1210 1761 1270 atque

988 1290 1089 1340 omnino
1103 1289 1135 1340 ab
1155 1304 1242 1342 earum
1259 1304 1343 1342 rerum
1354 1291 1512 1356 praesidentia
1530 1296 1610 1354 arcet,
1629 1295 1762 1358 inquibus

985 1379 1083 1442 justitia
1101 1381 1145 1430 aut
1162 1380 1266 1443 reliquae
1286 1379 1394 1431 virtutes
1406 1381 1575 1444 requiruntur.
1607 1382 1656 1432 Sed
1679 1397 1762 1446 neque

989 1481 1045 1517 cum
1064 1468 1236 1518 meretricibus
1254 1468 1394 1520 mercedem
1410 1471 1525 1534 exigens,
1538 1470 1658 1521 infamem
1675 1473 1759 1523 minen

988 1569 1044 1606 esse
1056 1569 1087 1606 ac
1098 1559 1197 1620 turpem
1209 1570 1295 1608 earnm
1307 1572 1465 1622 congressum
1483 1559 1603 1611 modestis
1619 1559 1763 1612 bominibus

989 1646 1080 1695 censet.
1114 1647 1143 1696 ln
1160 1645 1277 1709 cauponis
1296 1645 1356 1696 item
1371 1647 1449 1696 vitam
1465 1645 1595 1697 traducere
1609 1661 1658 1697 nnn
1678 1648 1761 1711 probi-

987 1732 1031 1782 bet
1053 1733 1138 1783 :nibil
1161 1735 1243 1784 umen
1263 1738 1390 1798 propterea
1412 1735 1508 1795 obstat,
1525 1735 1586 1798 quin
1600 1735 1628 1784 id
1651 1736 1763 1786 maximo

989 1821 1122 1885 opprobrio
1131 1822 1244 1886 ingenuis
1256 1821 1398 1873 bominibus
1406 1821 1536 1874 habeatnr.
1569 1822 1639 1875 ldem
1651 1823 1675 1872 in
1688 1825 1762 1874 victu

988 1910 1133 1974 quoquefit.
1165 1909 1293 1960 ltonenim
1303 1910 1348 1973 qni
1365 1910 1438 1972 vulgo
1455 1908 1618 1973 permittitur,
1627 1909 1649 1958 is
1659 1909 1764 1971 optimis

989 1997 1130 2061 quibusque
1141 1997 1218 2048 etiam
1231 2011 1286 2047 esse
1301 1996 1474 2047 concedendus
1488 1997 1597 2065 videtur.
1629 1999 1692 2046 llam
1703 1996 1760 2060 pbi-

987 2085 1106 2151 losopbus
1119 2084 1158 2134 vir
1172 2098 1254 2134 sacras
1262 2085 1385 2148 praecipne
1398 2083 1446 2134 sibi
1458 2083 1525 2148 leges
1535 2083 1687 2148 prescribit,
1698 2097 1762 2148 quas

988 2174 1023 2224 dii
1040 2175 1066 2224 et
1079 2172 1192 2223 homines
1204 2172 1264 2223 deos
1280 2173 1379 2235 sequuti
1392 2158 1596 2221 constituerunt.'
1620 2174 1702 2222 Sacra
1715 2185 1762 2222 an·

988 2267 1039 2314 tem
1052 2262 1119 2324 leges
1131 2275 1177 2325 per
1196 2260 1304 2324 singulas
1324 2262 1410 2323 gentes
1425 2263 1453 2310 et
1469 2259 1582 2309 civitates
1595 2259 1645 2310 illue
1659 2259 1760 2310 exstite-

988 2353 1061 2412 rnnt,
1076 2364 1133 2414 once
1150 2349 1226 2399 sacris
1241 2347 1382 2399 bominibus
1395 2350 1422 2398 ct
1437 2346 1607 2397 castimoniam
1621 2347 1724 2410 iubent,
1734 2350 1762 2397 et

987 2423 1152 2489 animatorum
1160 2451 1231 2491 esum
1239 2436 1405 2497 interdicunt,
1421 2437 1448 2486 et
1458 2449 1517 2485 vero
1529 2435 1554 2485 in
1565 2435 1664 2485 circulis
1675 2435 1762 2485 bibere

988 2528 1087 2588 vetant,
1104 2505 1143 2577 vel
1162 2525 1262 2590 pietatis
1275 2537 1363 2584 causa,
1383 2523 1422 2573 vel
1442 2522 1564 2581 laesionis,
1588 2535 1645 2584 qnae
1664 2536 1696 2572 ex
1717 2521 1762 2571 ali·

988 2617 1072 2664 mento
1088 2613 1178 2664 evenit.
1211 2616 1291 2671 Quam
1308 2611 1406 2661 obrem
1418 2611 1458 2660 nel
1477 2611 1617 2661 sacerdotes
1631 2613 1690 2660 sunt
1706 2609 1762 2659 imi·

989 2702 1123 2764 tandi,ch
1142 2701 1257 2751 omnibus
1275 2698 1455 2764 legislatoribus
1472 2699 1693 2764 obtemperandum
1712 2701 1760 2747 est.

989 2791 1111 2840 Utmlibet
1122 2790 1189 2840 enim
1201 2788 1277 2838 modo
1289 2789 1333 2838 sset
1344 2826 1352 2848 ,
1365 2790 1396 2838 ut
1405 2787 1540 2851 qnijustns
1550 2801 1580 2836 ac
1590 2786 1647 2851 pins
1655 2786 1763 2849 perlecte

988 2882 1043 2941 nt,
1057 2877 1180 2928 ansonem
1193 2877 1226 2926 an
1245 2876 1361 2926 omnious
1374 2862 1471 2926 senet.
1504 2875 1530 2924 ss
1543 2874 1609 2924 enim
1627 2888 1643 2924 a
1660 2873 1763 2935 quone-

988 2967 1046 3020 dam
1054 2967 1166 3018 nonnulli
1178 2964 1211 3015 ob
1223 2965 1340 3030 nietam
1354 2963 1490 3023 abstinent,
1506 2963 1538 3012 ab
1550 2962 1666 3013 omnibus
1676 2962 1762 3025 procul

988 3055 1065 3106 dubio
1083 3054 1134 3106 sibi
1146 3051 1321 3104 abstinendum
1332 3051 1457 3112 censebit,
1474 3049 1586 3114 quintus
1605 3049 1631 3099 in
1649 3048 1765 3098 omnbus

989 3143 1073 3195 luerit.
