3809 5859
196 330 236 388 'll
622 318 821 381 GRl'l’OBULl
843 318 1108 382 HISTORIARUM
1128 318 1200 383 LlB.
1222 323 1246 395 l,
1270 324 1372 385 niso.

238 456 327 519 XXV.
343 454 392 516 Ἐν
407 455 435 512 δὲ
452 461 508 520 ταῖς
525 453 614 520 αὑταῖς
632 450 744 533 ἡμέραις
765 454 911 533 ἀφικνεῖται
925 452 973 512 καί

194 544 306 625 οιςάνὴρ
316 542 428 616 Ἰταλὸς,
441 541 581 609 Ἰουστῖνος
590 542 687 619 ὄνομα,
698 541 806 609 δυνατός
820 566 848 601 τε
862 540 907 601 καλ
918 544 970 601 τῶν

195 626 225 695 τό
237 632 393 711 γεγονότων,
405 630 474 690 ἀλλὰ
488 630 520 701 δὴ
530 633 575 689 καί
589 630 623 689 τέ
631 632 657 697 ἐς
666 629 782 707 πόλεμον
792 628 915 709 ἔμπειρος
924 630 972 688 καί

196 724 270 801 μάλα
282 726 413 801 γενναῖος,
427 718 494 799 ἔχων
503 724 560 796 μεθ’
568 723 660 779 ἑαυτοῦ
672 718 718 777 καλ
729 718 776 777 δύο
786 722 838 777 τῶν
847 718 971 798 μεγάλων

195 809 330 884 ὁλκαδων,
344 810 375 877 ἃς
391 807 490 867 οἴκοθεν
509 807 586 874 αὐτὸς
600 808 775 876 ἐπισκευάσας
795 808 840 868 καί
861 808 971 874 ὁπλίσας

195 902 282 967 καλῶς
306 898 415 979 ἀνδράσι
440 920 469 955 τι
488 897 535 956 καί
555 896 645 964 ὅπλοις
665 896 798 965 παντοίοις
823 887 896 976 (εἶχε
918 896 970 975 γὸρ

195 990 283 1049 ἐπάνω
302 992 354 1047 τῶν
369 984 601 1067 καταστρωμάτων
611 985 709 1045 τοότων
721 985 815 1062 ἄνδρας
832 985 970 1066 καταφρά-

195 1100 271 1143 κτους
283 1072 482 1153 τετρακοσίους)
496 1072 609 1153 διίτριόι
623 1072 684 1154 περί
697 1097 725 1132 τε
741 1072 807 1135 Χίον
821 1072 865 1131 καί
876 1071 969 1134 Ῥόδον

194 1166 239 1225 καί
253 1164 300 1235 τὴν
315 1163 399 1239 ταύτῃ
412 1162 555 1232 θάλασσαν,
569 1163 656 1242 λοχῶν
670 1184 742 1228 τινας
763 1164 815 1219 τῶν
830 1162 901 1241 αὐτῷ
913 1160 970 1219 δια·

194 1250 293 1333 φόρων·
307 1262 335 1317 ὃς
355 1247 498 1327 προμαθὼν
519 1248 563 1308 τόν
584 1272 612 1307 τε
626 1248 740 1325 πόλεμον
762 1246 904 1327 Ῥωμαίων
924 1248 971 1307 καί

193 1338 240 1413 rin
256 1338 315 1399 ὅσον
330 1342 358 1398 οὐ
371 1341 416 1409 τῆς
430 1336 530 1404 πόλεως
545 1335 670 1415 ἐσομίνην
684 1335 837 1417 πολιορκίαν
852 1336 898 1395 καί
918 1336 968 1407 τὴν

194 1427 313 1507 μεγάλην
335 1431 381 1485 τοῦ
405 1426 533 1505 βασιλέως
554 1425 692 1505 Μεχίμετι
717 1423 888 1504 παρασκευὴν
902 1428 968 1501 Ικατ’

194 1518 292 1589 αὐτῆς,
310 1506 373 1588 ἧκεν
398 1512 556 1585 αὐτόκλητος
576 1511 619 1581 ξὺν
639 1521 696 1580 ταῖς
716 1511 810 1571 ὁλκάσι
832 1511 969 1591 βοηθήσων

194 1602 339 1681 Ῥωμαίοις
359 1602 404 1662 καί
421 1604 524 1679 βασιλεῖ
548 1599 758 1681 Κωνσταντίνῳ·
771 1598 821 1659 είσί
835 1598 862 1657 δὲ
877 1597 903 1659 οἳ
921 1600 967 1657 καί

195 1692 357 1770 μετάκλητον
370 1690 448 1748 αὐτόν
459 1687 581 1767 γενέσθαι
594 1689 661 1769 φασί
673 1689 737 1766 παρ’
751 1689 831 1746 αὐτοῦ
853 1689 969 1765 ὁπισχη·

194 1779 272 1857 με’νου
285 1778 352 1857 μετὰ
363 1779 405 1838 τὸν
415 1777 529 1852 πόλεμον
541 1776 634 1853 μισθὸν
651 1780 697 1847 τῆς
710 1775 830 1855 βοηθείας
848 1774 895 1845 τὴν
913 1779 967 1844 ln·

194 1891 257 1944 μνον
272 1870 355 1947 αὐτῷ.
399 1864 439 1945 (o)
459 1856 543 1932 Οὗτος
558 1866 584 1923 ἐν
600 1862 680 1944 ὀλίγῳ
703 1864 795 1943 πεῖραν
818 1867 865 1935 τῆς
888 1866 968 1921 αὑτοῦ

192 1958 298 2033 γνώμης
310 1979 338 2014 τε
356 1954 401 2013 καὶ
425 1957 477 2013 τῶν
497 1954 601 2033 τρόπων
619 1951 715 2033 άκριόῆ
739 1953 905 2034 παρασχὼν,
923 1953 968 2011 καί

193 2043 293 2109 πίστεις
302 2040 358 2107 δοὺς
373 2042 419 2101 καί
430 2039 537 2115 λαθὼν,
551 2040 657 2119 δέχεται
672 2039 718 2099 καί
730 2049 841 2117 τιμᾶται
855 2041 927 2120 παρά
938 2066 967 2101 τι

192 2135 240 2190 τοῦ
254 2129 383 2209 βασιλέως
397 2130 505 2189 κελτῶν
517 2130 544 2189 ἐν
555 2128 624 2187 τίλει
639 2128 742 2200 καὶτῆς
754 2127 887 2195 πολιτείας
900 2131 967 2206 λαμ·

192 2224 283 2299 πρῶς,
302 2217 347 2277 καί
366 2217 522 2279 καθίσταται
543 2216 607 2299 παρ’
620 2220 706 2276 αὐτῶν
724 2216 869 2296 στρατηγίας
889 2218 966 2277 αὖτο-

193 2308 299 2387 κράτωρ
314 2307 359 2365 καί
380 2306 467 2388 κόριος
488 2310 532 2365 τοῦ
553 2305 669 2384 πολέμου
689 2306 785 2372 παντὸς
800 2303 846 2363 καί
872 2309 966 2378 βουλῆς

193 2395 238 2455 καί
256 2398 340 2475 ῥητῶν
357 2394 401 2453 καί
418 2394 575 2475 ἀπορρήτων
586 2394 631 2454 καί
642 2394 729 2453 ὅπλων
751 2394 796 2453 καί
808 2392 896 2463 πάσης
914 2398 962 2465 τῆς

192 2488 237 2543 τοῦ
257 2483 373 2562 πολίμου
391 2484 481 2563 χρείας
494 2504 523 2541 τε
539 2482 583 2542 καί
597 2486 775 2562 παρασκευῆς.
819 2482 854 2561 (ι)
869 2484 965 2543 Κατα-

193 2570 256 2637 στδις
264 2560 307 2628 οδν
319 2572 345 2629 ἐν
356 2574 394 2649 τῷ
401 2572 503 2651 τοιῷδε,
514 2569 643 2637 παντοίως
654 2568 809 2639 ἐπεσκεύαζε
821 2570 869 2641 τὴν
877 2568 966 2649 πόλιν,

1026 450 1086 519 τοός
1095 474 1124 511 τε
1135 451 1353 535 προμαχομένους
1366 477 1394 513 τε
1408 452 1454 513 καί
1463 456 1694 533 προπολεμοῦντας
1707 453 1831 512 τούτων

1027 541 1156 599 ἐκτόπων
1179 543 1267 609 καλῶς
1287 542 1332 600 καί
1354 535 1484 601 καθιστιῗιν
1504 542 1550 600 ἕνα
1570 543 1686 602 ἕκαστον
1708 533 1734 622 ᾗ
1756 544 1828 620 δεῖ,

1026 628 1071 687 καὶ
1102 630 1310 709 παραγγέλλων,
1336 628 1406 697 ὅπως
1420 626 1479 709 χρὴ
1499 628 1558 697 τοὺς
1585 632 1713 697 ἐπιόντας
1741 633 1827 708 ἀμύ-

1026 724 1115 777 νεσθαι
1136 718 1181 776 καὶ
1201 717 1340 798 φυλάττειν
1362 718 1391 776 τὸ
1411 726 1514 798 τεῖχος·
1537 718 1578 778 ἔτι
1599 718 1690 778 δὲτδν
1712 720 1827 795 λιμένα

1026 808 1113 873 καλῶς
1137 809 1314 888 ἠσφαλίσατο,
1344 796 1414 886 ᾗπερ
1440 806 1557 886 εἴρηται,
1578 808 1676 867 ὁλκάσι
1707 832 1744 867 τε
1772 813 1828 869 καί

1025 894 1143 975 τριήρεσι
1153 896 1199 955 καὶ
1212 899 1344 975 μηχαναῖς
1357 894 1502 967 παντοίαις,
1517 896 1603 956 καὶτὸ
1613 896 1687 955 κατὰ
1701 896 1825 957 θάλασ-

1027 1006 1076 1041 σαν
1091 980 1163 1041 ἅπαν
1177 992 1281 1062 τεῖχος,
1296 982 1388 1062 ὥσπερ
1401 980 1433 1054 δν]
1445 982 1490 1042 καί
1504 983 1534 1044 τδ
1548 987 1595 1056 τῆς
1610 983 1751 1063 ἠπείρου,
1766 988 1824 1063 ἄρ·

1025 1069 1139 1137 κοιίντως
1150 1070 1280 1130 ὥπλισεν·
1294 1062 1326 1142 ἦν
1339 1070 1389 1151 γὰρ
1407 1070 1504 1151 θάνὴρ
1521 1071 1646 1147 πολίμων
1664 1071 1826 1153 ἔμπειρος,

1025 1149 1095 1239 ᾗπερ
1117 1156 1202 1241 ἐφην,
1220 1159 1266 1217 καί
1281 1159 1315 1218 τὰ
1329 1160 1355 1225 ἐς
1369 1158 1546 1238 τειχομαχίαν
1566 1158 1686 1235 μάλιστα
1712 1162 1828 1227 ἱκανῶς

1025 1246 1138 1319 ἤσκητο.
1182 1248 1215 1328 (ι)
1231 1246 1424 1328 Ἐγχειρίζαται
1435 1247 1462 1307 δέ
1475 1248 1564 1308 καὶτὸ
1578 1249 1755 1329 καταντικρὺ
1767 1255 1821 1309 τοῦ

1026 1334 1156 1412 βασιλέως
1185 1335 1363 1415 στρατοπέδου
1385 1334 1464 1415 μίρος
1481 1341 1527 1394 τοῦ
1550 1336 1669 1416 τείχους,
1687 1341 1733 1406 ὣς
1753 1338 1825 1397 ε’πί-

1025 1422 1112 1501 μαχόν
1136 1423 1222 1497 τεόν,
1243 1421 1296 1494 ὁτι-η
1316 1424 1349 1496 δὴ
1372 1424 1417 1481 καί
1437 1422 1468 1483 πθ
1490 1424 1679 1503 καθαρώτατον
1702 1417 1744 1498 ἦν
1768 1431 1824 1484 τοῦ

1024 1515 1136 1590 στρατοῦ
1150 1511 1196 1570 καὶ
1212 1518 1229 1583 ἡ
1244 1512 1375 1590 βασιλεως
1388 1510 1433 1583 ἴλη
1445 1534 1474 1570 τε
1488 1511 1533 1571 καὶ
1547 1513 1627 1585 αὖλή,
1646 1513 1694 1573 καί
1713 1506 1751 1574 οῖ
1768 1516 1823 1581 τἀς

1026 1597 1147 1678 μηχανάς
1161 1598 1215 1658 ἔδει
1225 1598 1285 1669 τοὺς
1296 1599 1444 1678 πολεμίους’
1453 1609 1643 1680 προσαγαγεῖν,
1654 1601 1733 1662 ὥστε
1747 1627 1823 1682 προ-

1023 1688 1147 1763 πολεμεῖν
1157 1712 1186 1746 τε
1197 1688 1273 1755 αὐτὸς
1279 1688 1359 1747 αὐτοῦ
1363 1687 1409 1747 καί
1414 1689 1599 1769 προμάχεσθαι
1607 1689 1655 1749 καλ
1662 1692 1821 1768 φυλάττειν

1024 1776 1092 1853 μετά
1105 1799 1135 1853 γε
1148 1780 1199 1834 τῶν
1210 1776 1253 1844 ξὺν
1272 1778 1357 1856 αὐτῷ·
1372 1767 1428 1855 εἶχε
1438 1774 1489 1856 γάρ
1502 1780 1546 1857 ὑφ’
1561 1778 1657 1851 αὑτὸν,
1671 1782 1712 1845 ὡς
1728 1777 1818 1854 ἔφθην

1023 1862 1121 1936 εἰπών,
1150 1864 1350 1945 καταφράκτους
1369 1865 1468 1941 ἄνδρας
1486 1865 1673 1946 τετρακοσίους
1690 1866 1764 1925 ἄνευ
1781 1893 1817 1945 γε

1022 1952 1074 2009 τῶν
1091 1950 1178 2009 ἄλλων
1194 1952 1381 2029 πληρωμάτων
1403 1954 1454 2010 τῶν
1469 1956 1544 2011 νεῶν.
1588 1954 1624 2032 (ιι)
1643 1947 1815 2014 rivetus&

1022 2039 1081 2098 τότε
1095 2040 1142 2100 καί
1156 2064 1195 2107 τις
1206 2039 1321 2121 ἐκδρομὴ
1337 2045 1450 2121 βραχεῖα
1462 2044 1515 2099 τῶν
1526 2042 1556 2100 ἐκ
1568 2046 1617 2112 τῆς
1626 2043 1737 2111 πόλεως
1746 2050 1815 2122 πρός

1022 2148 1094 2195 τινας
1109 2131 1161 2186 τῶν
1178 2128 1230 2187 άπὸ
1244 2132 1292 2199 τῆς
1307 2137 1432 2207 στρατιᾶς
1447 2132 1726 2210 προκαταδραμόντας
1743 2133 1815 2190 α’τά-

1022 2239 1106 2291 κτως,
1130 2216 1176 2277 καί
1197 2216 1352 2277 ἀπέκτειναν
1371 2216 1452 2284 ἐνίοις
1476 2218 1692 2298 αὖτῶν,θλίγα.ις
1710 2220 1743 2279 δέ
1763 2232 1814 2279 καὶ

1021 2306 1149 2389 ἔτρωσαν.
1176 2306 1255 2367 Μετίι
1277 2308 1305 2368 δὲ
1321 2312 1406 2365 ταῦτα
1422 2305 1611 2375 ξυνελαδίντις,
1625 2308 1681 2368 ὑπὸ
1696 2312 1813 2369 πολλῶν

1022 2394 1252 2479 ἐπεκδραμόντων
1265 2396 1319 2455 άπὸ
1330 2398 1377 2467 τῆς
1391 2406 1528 2472 στρατιᾶς,
1543 2398 1692 2479 κατέφυγον
1708 2402 1739 2465 ἐς
1756 2400 1811 2471 τὴν

1022 2485 1116 2565 πόλιν,
1139 2484 1185 2545 καί
1202 2484 1356 2552 κλείσαντες
1379 2483 1425 2551 τδς
1442 2484 1526 2553 πόλις
1542 2485 1628 2545 οὗκίτι
1651 2488 1812 2561 ἐπεξέθεον,

1022 2574 1081 2632 ἀλλ’
1097 2572 1239 2654 ἔφιίλαττον
1255 2572 1332 2649 μόνον
1346 2572 1394 2643 τὴν
1412 2572 1497 2633 πολιν.

190 2658 222 2717 τό
240 2682 268 2717 τε
290 2658 357 2717 κατά
371 2663 421 2735 γῆν
441 2666 525 2737 τεῖχος
546 2656 617 2717 θπαν
631 2656 743 2726 ὁπλίζων
758 2656 802 2718 καί
816 2658 863 2725 τὸις
885 2658 968 2717 ἐπάλ-
1060 2660 1166 2723 xxvl.
1181 2659 1332 2739 Μεχίμιτις
1346 2661 1372 2720 δὲ
1387 2664 1401 2719 ὁ
1419 2658 1541 2741 βασιλεὺς
1562 2661 1747 2740 στρατόπεδον
1761 2664 1813 2722 θέ-

193 2746 244 2815 ἱεις
267 2746 434 2826 πετροθολοις
450 2770 478 2805 τε
496 2755 628 2826 μηχαναῖς
649 2746 693 2805 καί
711 2746 843 2814 παντοίοις
861 2747 967 2824 ὅπλοις,
1023 2771 1098 2825 μενος
1112 2750 1192 2817 αὐτοῦ
1202 2770 1253 2807 που
1265 2748 1325 2827 περί
1340 2748 1370 2807 τὸ
1383 2747 1544 2827 καλούμενον
1563 2750 1748 2830 Μεσοπίχιον
1763 2756 1812 2811 καὶ

223 2968 483 3040 111111.]1.Ἐνται;
500 2978 580 3033 αὐτοῖς
593 2976 700 3040 ἡμέραις]
711 2980 789 3027 lmmo
807 2978 873 3026 iusi.
894 2979 995 3027 uouerat
1007 2976 1119 3025 tunuurii
1133 2976 1223 3025 mensis
1242 2974 1283 3025 dio
1301 2975 1417 3026 uicesima
1435 2980 1518 3035 sexto,
1532 2980 1561 3025 ui
1581 2978 1712 3027 Berbenrs
1737 2993 1763 3042 p.
1780 2986 1809 3031 12

192 3047 239 3099 eit.
254 3048 315 3097 euru
330 3046 458 3096 critobulo
470 3046 501 3095 ol.
519 3047 640 3097 Pusoulus
652 3050 676 3107 4,
690 3052 732 3096 261
751 3068 757 3095 :
774 3047 887 3096 naribus
899 3046 962 3096 attis
975 3048 1277 3109 lltcpreaerotqeminir,
1290 3046 1345 3095 ittir
1359 3050 1405 3109 qui
1418 3046 1492 3110 sorte
1501 3045 1593 3096 diebus
1602 3051 1731 3100 venerat.
1753 3050 1809 3112 fl-

191 3114 331 3177 Ἶουοιῖιος]
341 3116 379 3164 Sin
391 3120 444 3165 tum
456 3116 504 3165 boc
515 3116 570 3165 loni
584 3119 638 3166 turn
656 3130 678 3165 c.
690 3120 720 3165 44
732 3121 757 3167 ei
769 3122 798 3167 56
818 3130 857 3180 up.
877 3116 1032 3167 critobulum
1042 3120 1147 3166 vocetur
1165 3120 1270 3165 ioannes
1282 3115 1435 3167 iustiniauus
1443 3120 1548 3178 Longus,
1560 3117 1707 3167 (leunensis.
1723 3122 1764 3169 De
1779 3135 1809 3169 τα

192 3188 226 3239 ct.
247 3188 380 3237 Plrrantzes
400 3199 423 3249 q.
447 3189 501 3246 241,
518 3190 555 3245 16,
564 3188 646 3236 Durus
661 3200 686 3250 p.
704 3187 933 3249 265,1811αι1κιιιιυ
947 3188 964 3237 l.
978 3188 1007 3247 l.‚
1021 3188 1150 3237 Pusculus.
1165 3186 1177 3250 ]
1190 3212 1222 3223 -
1232 3186 1412 3251 τετρακοσίους]
1424 3186 1735 3251 θσιιιιιιιεεερθαρειιιοε
1752 3204 1806 3241 ser.

191 3258 293 3307 lin-bur.
304 3268 328 3319 p.
346 3259 389 3316 lt,
403 3260 573 3316 annumerata,
590 3260 618 3306 ul
636 3256 742 3317 ridetur,
752 3258 822 3321 plebe
833 3257 941 3307 nautica.
951 3259 1014 3306 curn
1028 3258 1157 3307 critobulo
1164 3256 1224 3306 iecit
1232 3254 1375 3306 leonardus
1386 3270 1409 3320 p.
1420 3262 1466 3307 219
1481 3257 1601 3309 :dnobus
1615 3261 1808 3311 αααιιιαοιθιιτ

193 3330 297 3389 ιιιοριιιε
316 3328 340 3375 et
358 3330 472 3375 armatis
486 3329 592 3376 circiter
606 3326 806 3389 qnadrtnqentts
817 3342 893 3377 inore
911 3328 1075 3379 denuntians
1090 3328 1166 3390 sorte
1182 3330 1289 3378 vernem
1307 3328 1442 3392 stipendio
1457 3327 1608 3391 adscriptus
1628 3332 1808 3391 imperatoris

192 3398 320 3448 ducatum
339 3395 442 3447 nuilitin
461 3395 581 3447 obtinuit.
599 3396 690 3447 Milites
712 3398 877 3447 niustininno
898 3396 1000 3449 adducti
1021 3399 1138 3449 videntur
1157 3397 1309 3461 intelligendi
1332 3411 1387 3448 esse
1406 3410 1445 3462 up.
1463 3397 1579 3447 Plrrantz.
1593 3411 1618 3461 ρ.
1632 3402 1688 3458 241,
1702 3407 1747 3459 21,
1762 3401 1805 3450 utri

191 3470 323 3532 ilnpemtor
338 3482 395 3519 eum
415 3468 535 3530 δήμαρχον
553 3469 593 3517 καὶ
606 3468 737 3531 στρατηγὸν
752 3470 791 3518 ἐπὶ
808 3469 958 3532 τριακοσίους
971 3470 1055 3535 ἄνδρας
1069 3472 1208 3535 προσέταξεν
1224 3470 1292 3519 εἶναι.
1313 3466 1365 3533 ]-
1377 3470 1504 3533 διέτριὸτ...
1517 3468 1650 3533 διαφόρων]
1664 3472 1722 3519 lloc
1733 3472 1801 3521 alius

191 3552 263 3589 ιισιιιο
275 3540 362 3591 tradit.
377 3540 388 3605 1]
399 3566 430 3577 -
439 3538 597 3604 αὐτόκλητος]
609 3539 732 3590 Burburus
743 3540 760 3591 l.
770 3541 786 3591 l.
800 3560 807 3590 :
820 3554 914 3591 vene...
931 3542 1028 3604 percle
1041 3543 1183 3594 intendeno
1193 3540 1376 3591 lonezesitente
1385 3539 1433 3591 ebe
1444 3538 1531 3591 boveu
1542 3544 1777 3605 constantinopoli
1789 3560 1804 3593 ε

190 3623 240 3673 per
253 3607 370 3675 benefitio
388 3610 421 3660 de
436 3610 464 3660 tu
478 3608 683 3660 christianitate
701 3623 716 3659 e
728 3624 780 3674 per
791 3608 878 3661 bonor·
897 3612 1062 3664 boimundo.
1079 3614 1090 3677 Ι]
1100 3640 1132 3651 -
1148 3610 1304 3676 μετάκλητος]
1317 3612 1355 3662 01.
1368 3612 1490 3661 Pusculus
1500 3614 1524 3671 4,
1541 3616 1586 3660 265
1600 3631 1607 3661 =
1620 3623 1672 3661 rex
1680 3614 1809 3664 nerem

192 3682 280 3731 αιάιικι
291 3683 465 3733 conduxerat.
477 3682 487 3745 ]
503 3708 533 3718 -
544 3680 652 3744 Λῆμνον]
667 3683 750 3731 Ductus
761 3696 786 3746 p.
811 3688 864 3743 266,
884 3689 898 3732 5
916 3702 923 3733 :
937 3686 1073 3750 εὐεργέτησε
1089 3686 1115 3734 δὲ
1131 3686 1208 3749 τούτῳ
1226 3685 1269 3732 καὶ
1282 3684 1321 3733 διὰ
1335 3683 1510 3747 χρυσοθοὺλλου
1522 3683 1659 3745 γράμματος
1672 3685 1718 3741 τὴν
1730 3690 1806 3744 νῆσον

192 3758 294 3809 Λῆμνον.
306 3754 326 3801 εί
340 3753 559 3814 ἀποκρουσθήσεται
570 3753 585 3799 ὁ
595 3752 712 3814 θίεχεμὲτ.

220 3822 235 3882 §
247 3827 269 3870 2.
285 3822 414 3885 Στρατηγδς
433 3820 598 3885 αὐτοκράτωρ]
611 3822 815 3887 πρωτοστριίτωρ,
835 3824 862 3872 ut
880 3824 964 3873 Ducat
977 3835 1002 3886 p.
1015 3829 1068 3883 266,
1083 3830 1092 3871 1
1105 3822 1148 3872 ait.

221 3890 268 3951 §ll
284 3892 380 3947 Ἱκανῶς
396 3889 500 3954 ἤσκητο]
513 3889 548 3939 sie
560 3904 653 3953 margo,
665 3893 750 3946 ἱκανῶς
764 3892 825 3955 ἔχων
836 3894 928 3941 textus.

221 3957 236 4019 §
250 3961 274 4006 4.
294 3959 460 4023 Ἐγχειρίζεται
479 3964 527 4010 etc.
546 3958 556 4022 ]
575 3962 658 4009 Ducis
669 3972 693 4023 p.
710 3966 764 4021 266,
784 3966 792 4009 1
817 3980 824 4010 :
844 3964 884 4010 καὶ
902 3962 972 4018 αὐτὸς
983 3959 1161 4022 (sustiniuuus)
1178 3962 1219 4017 τήν
1237 3960 1330 4023 φύλαξιν
1347 3966 1395 4010 τῶν
1412 3960 1469 4022 πρὸς
1480 3962 1508 4008 τὸ
1518 3960 1631 4008 παλάτιον
1640 3960 1685 4023 (erl
1697 3961 1805 4011 Hebdo-

191 4040 250 4078 num
272 4028 401 4089 pulotiunr,
414 4028 487 4078 hoello
503 4028 600 4093 Teklnr
611 4028 702 4091 serui)
716 4032 829 4093 κειμένων
841 4033 938 4094 τιιχίων
950 4029 1088 4080 αἰνιλάθετο·
1100 4031 1140 4077 καὶ
1148 4030 1192 4092 γάρ
1198 4030 1261 4089 ἦσαν
1269 4032 1366 4092 ὁρωντες
1372 4030 1413 4078 τὸν
1426 4031 1537 4093 τύραννον
1546 4030 1597 4078 ἐκεῖ
1604 4030 1647 4086 τὰς
1657 4032 1747 4087 mari:
1759 4034 1804 4085 τὰς

193 4097 342 4153 πετροθὸλους
352 4098 486 4157 πηγνύοντα
498 4100 539 4147 καὶ
548 4100 590 4156 τὴν
603 4100 675 4157 ἄλλην
691 4104 771 4149 πᾶσαν
782 4096 969 4163 ἀντίμαχοντοῖς
985 4101 1010 4149 ἐν
1020 4104 1068 4156 τοῖς
1079 4099 1169 4163 τείχεσι
1179 4098 1317 4162 παράταξιν.
1332 4099 1378 4147 llic
1395 4101 1492 4148 imerus
1511 4110 1562 4161 pm
1576 4099 1668 4148 ceteris
1678 4100 1802 4163 ἐπίμαχος
1894 4159 1895 4162 γ

194 4178 253 4226 ενοι,
268 4179 346 4228 quum
364 4179 453 4216 murus
473 4166 507 4217 lbi
527 4168 631 4218 debilior
649 4184 730 4234 noque
748 4170 894 4221 antemurali
910 4170 1020 4221 munitus
1039 4172 1104 4220 esset
1119 4168 1258 4231 (Burburus
1278 4182 1302 4233 p.
1321 4174 1348 4218 11
1363 4189 1369 4218 ε
1388 4167 1436 4218 dal
1453 4168 1569 4231 palazzo
1580 4168 1604 4217 le
1620 4170 1736 4233 (mure)
1749 4184 1802 4219 εκπ
1894 4221 1895 4224 ,

193 4234 280 4287 duoole
288 4237 313 4283 et
321 4248 400 4285 senza
408 4234 553 4287 barbacani
561 4240 585 4286 ot
595 4252 672 4289 senza
680 4242 768 4303 fosse),
780 4251 860 4302 neque
869 4239 960 4289 fossam
972 4240 1073 4290 baberet
1082 4242 1213 4301 antequam
1223 4239 1286 4289 hune
1295 4239 1320 4288 in
1332 4244 1376 4288 166
1383 4237 1472 4302 qodurn
1482 4236 1657 4300 longitudinem
1667 4238 1800 4289 duxissent

198 4304 291 4363 (Martii
308 4317 385 4355 urens.
401 4304 490 4356 (liebus
500 4309 585 4367 14-31)
596 4312 680 4358 nauto
696 4310 834 4373 quinarum
842 4310 1025 4369 Venetioomur,
1040 4309 1129 4372 qulbus
1148 4309 1262 4373 llloysius
1272 4308 1350 4358 Diodo
1370 4307 1500 4371 proetectus
1520 4309 1581 4357 eret.
1597 4306 1637 4357 ct.
1654 4309 1803 4357 leonardus

193 4378 215 4427 lt
235 4378 277 4424 lit
298 4374 478 4425 :Horribitem
489 4376 598 4438 perinde
615 4377 788 4431 lombardum
804 4384 985 4444 (quamquam
1004 4379 1097 4440 major
1113 4380 1188 4440 otia,
1201 4392 1283 4443 quom
1303 4380 1350 4428 viu
1366 4378 1463 4427 bouum
1476 4378 1671 4440 quinquaqinta
1688 4382 1800 4427 εεειιιιαι

192 4459 255 4512 γυρα
268 4442 412 4505 vehebant)
422 4444 452 4493 ob
469 4448 577 4507 parturn
595 4446 673 4497 itiam
686 4462 825 4499 murorum
842 4450 1074 4514 simpliceniqqon
1087 4462 1136 4499 nec
1150 4446 1257 4512 fossatis
1270 4462 1321 4499 nec
1339 4448 1503 4498 antemurali
1518 4446 1667 4503 tutabatur.
1685 4448 1800 4509 coliqu-

191 4519 261 4567 rlnrn
273 4516 386 4577 dictum,
397 4518 521 4579 ματαίω,
534 4516 626 4580 lapide
638 4523 683 4583 qui
694 4520 796 4585 palmis
815 4521 938 4571 undecim
955 4535 989 4571 εκ
1004 4523 1069 4570 uren
1085 4520 1203 4573 ambibat
1218 4524 1247 4570 in
1261 4533 1341 4584 qqro,
1354 4533 1388 4569 ετ
1410 4532 1443 4569 eo
1463 4531 1573 4567 ικιιειιικ
1593 4518 1800 4570 materniani...

195 4585 344 4636 nonturno
356 4589 488 4650 prurierea
505 4586 555 4636 illa
572 4590 676 4651 inqenr,
702 4590 820 4656 eoquod
837 4592 1005 4655 Coiiqereum
1026 4594 1134 4643 strenuo
1150 4594 1308 4656 reparatum
1325 4589 1453 4640 odvmus
1467 4602 1521 4637 non
1533 4585 1686 4652 proficeret,
1710 4589 1797 4639 αέιιιιπ

195 4658 280 4706 lucum
295 4660 457 4707 liuolotineco
468 4659 550 4707 turns
564 4658 620 4721 (iric
634 4660 704 4710 locus
718 4674 745 4725 p.
761 4668 805 4711 ³³2
820 4667 923 4711 vocetur
938 4660 1126 4712 Bocbaturens
1137 4663 1247 4723 ιιιιιιιιι]
1262 4661 1342 4716 iuxta
1354 4662 1440 4710 sarneii
1461 4662 1573 4709 liornuni
1586 4660 1713 4721 portum,
1734 4659 1800 4709 inde

191 4726 309 4787 dimoto,
330 4727 420 4790 lapide
433 4730 461 4778 in
478 4740 511 4777 en
529 4730 702 4781 nsiirnoiione
724 4731 800 4781 mitte
824 4729 1000 4783 ducentorum
1016 4732 1149 4783 librarum
1170 4730 1289 4781 interdiu
1302 4729 1418 4792 obludit,
1438 4730 1559 4779 cottisnnr
1580 4731 1710 4788 concutit.
1733 4742 1800 4777 σσκ·

186 4810 294 4849 cussum
311 4800 481 4848 extenuinut.
500 4799 615 4849 ceterum
630 4814 680 4850 sec.
696 4801 848 4852 Critobulurn
873 4807 881 4850 1
894 4839 900 4861 ,
921 4805 949 4851 27
971 4815 1001 4851 ex
1020 4803 1125 4853 adverso
1138 4802 1224 4853 Palatii
1236 4804 1262 4852 et
1272 4800 1399 4864 coligaria
1412 4802 1490 4864 portu
1505 4799 1582 4861 coptu
1593 4798 1729 4858 camiziae,
1749 4814 1799 4849 nou

189 4881 250 4915 roro
268 4867 345 4930 lqsius
359 4868 531 4929 montemnis,
553 4869 680 4919 collocatur
694 4875 774 4921 erunt.
797 4872 917 4921 Fortassis
932 4872 1006 4935 igitur
1021 4886 1052 4923 ω
1062 4886 1141 4935 usquo
1156 4872 1274 4922 Caretziae
1290 4870 1413 4920 ererntus
1424 4874 1479 4919 turn
1495 4869 1595 4919 demum
1605 4868 1796 4929 ostendebatur,

184 4954 197 4979 α
206 4950 268 4987 unm
284 4940 409 5004 qraecipue
422 4953 548 4991 murorum
561 4943 709 5006 oppugnatio
720 4956 735 4992 a
750 4943 870 5006 caligaris
884 4947 954 5006 portu
965 4944 997 4993 ad
1014 4949 1111 5007 portnn
1124 4945 1225 4994 Romani
1236 4944 1355 4994 translate
1372 4944 1433 5001 erui(

223 5008 236 5069 §
253 5014 267 5056 5
289 5008 404 5073 Ἐκδρομή
427 5010 540 5075 βραχεῖα]
558 5014 638 5061 Ductus
656 5026 680 5075 p.
700 5018 759 5074 266,
770 5017 798 5062 10
812 5032 818 5061 ε
832 5014 942 5069 πολλάκις
954 5016 995 5061 καὶ
1011 5014 1079 5069 ἐκτὸς
1092 5018 1135 5062 τοῦ
1153 5013 1242 5076 τάνρου
1260 5014 1404 5071 irmionis
1426 5010 1595 5059 mnam
1613 5014 1661 5064 τοῖς
1683 5009 1798 5071 Τῡῦρῑοιξ

192 5078 320 5138 Ῥωμαῖοι.
344 5081 401 5129 usti
423 5083 463 5144 μίν
484 5082 590 5143 ιἰρὲντις,
609 5085 666 5132 ποτὶ
687 5084 713 5132 ui
735 5082 899 5145 λαμθάναντις.
920 5080 986 5133 ltillll
1007 5078 1151 5133 Critobulus
1173 5083 1246 5133 habet
1271 5082 1304 5132 ilo
1322 5078 1516 5140 excursionibus,
1534 5077 1673 5142 dequibus
1696 5083 1799 5129 nefrat

179 5186 181 5192 r
196 5150 275 5196 irruens
293 5161 317 5211 p.
335 5154 387 5211 269,
405 5156 432 5201 et
445 5152 568 5203 Pusoulus
582 5156 605 5215 3,
619 5156 664 5203 428
678 5166 732 5218 sqq.
