3809 5859
417 290 665 352 MECHEMETIS
685 290 816 354 ANNUS
835 296 886 360 lv.
909 299 989 360 6962
1011 300 1194 377 (ileu-rtur
1217 302 1251 363 Ρ.
1277 301 1327 369 (il.

57 429 121 490 τοῖς
136 445 165 482 τι
181 421 268 501 λόγοις
288 419 428 481 αὐτοῦκαὶ
448 430 506 491 ταῖς
524 422 618 489 όλλαις
634 422 783 504 ξυνπιχίαες
800 427 846 487 καί

60 511 239 591 ἀποκρίσεσι·
261 517 327 591 τιμᾷ
342 508 370 570 δὲ
388 512 433 569 καλ
452 510 544 589 δώροις
562 510 640 572 αιἰτδν
654 512 799 593 φιλοτίμοις
818 538 846 573 τε

59 598 113 657 καί
130 599 264 677 ἐντίμοις,
285 600 330 658 καί
350 600 425 665 τέλος
447 601 615 680 πατριάρχην
638 599 779 672 καθίστησι
799 602 846 661 καί

59 688 195 769 ἀρχιιρία
207 689 391 769 Χριστιανοῖς,
406 687 516 754 πολλαῖς
528 687 651 757 ἀξιῶσεσι
663 688 709 748 καί
721 690 846 768 ἀνάγκαις

58 776 246 855 χαρισάμενος
273 776 346 849 αύτῶ
379 775 422 843 ξῦν
443 776 551 844 πολλοῖς
576 775 666 843 ἀλλοις
681 775 727 836 καλ
750 778 780 837 τό
800 783 848 851 τής

61 862 214 936 ἐκκλησίας
226 862 320 943 κράτος
334 861 379 921 καί
390 860 438 933 τήν
453 862 537 935 ἀλλην
551 861 663 940 δύναμιν
682 862 728 922 καί
743 865 844 945 ἀρχὴν,

61 950 143 1009 οῦδὲν
162 944 241 1023 ἦττον
266 941 299 1021 ἧς
322 941 378 1031 εἶχε
401 949 512 1029 πρόσθεν
535 949 607 1032 παρά
627 953 678 1009 τῶν
706 952 845 1031 βασιλέων,

62 1036 99 1115 (ε)
122 1040 176 1101 Καί
190 1037 315 1106 διαλέξεις
333 1038 361 1096 di
373 1038 474 1105 πολλάις
487 1037 533 1097 καί
551 1037 634 1106 καλάς
646 1039 707 1118 περὶ
725 1044 770 1111 τῆς
793 1044 846 1100 τῶν

59 1124 233 1208 Χριστιανῶν
255 1123 367 1193 πίστεως
391 1127 437 1185 καί
456 1125 590 1205 θιολογίας
622 1127 756 1188 ἐνδίδωσιν
773 1132 845 1209 αύτῷ

63 1214 180 1276 ἀνῶπιον
197 1218 277 1275 αὑτοῦ
295 1216 377 1282 ἀδεῶς
392 1216 438 1274 καί
450 1214 591 1293 ίλιυθίρως
605 1220 751 1289 ποιεῖσθαι,
770 1217 847 1285 αὐτὸς

64 1308 169 1386 ιροιτῶν
186 1303 250 1385 παρ’
263 1303 340 1362 αὐτόν
353 1303 424 1382 άγιυν
439 1326 468 1363 τε
484 1307 542 1380 μεθ’
555 1306 634 1363 αθτοῦ
648 1304 695 1362 καί
708 1303 767 1372 τοῦς
781 1309 844 1386 παρ’

65 1394 147 1475 αὐτῷ
166 1394 284 1468 ἐντίμους
307 1416 336 1451 τε
360 1392 407 1451 καί
428 1391 523 1474 τυροῦς
530 1438 539 1471 ,
562 1395 646 1471 τιμῶν
670 1395 721 1451 κάν
745 1393 846 1463 τούτοις

66 1482 166 1540 αὐτόν·
190 1479 234 1540 καί
256 1481 362 1547 πολλοῖς
389 1479 417 1539 δέ
441 1480 529 1548 ἄλλοις
554 1480 663 1560 ἀγάλλει
684 1480 729 1539 τόν
748 1480 844 1561 ἀνδρα·

65 1568 152 1635 οὕτως
175 1558 242 1626 οἶδεν
266 1568 396 1627 αἰδεῖσθαι
417 1566 510 1647 ἀνδρὸς
534 1567 629 1647 ἀρετήν
656 1569 687 1627 ού
720 1568 845 1645 πολέμιος

64 1655 164 1732 μόνον,
184 1657 252 1715 ἀλλά
268 1658 314 1715 καί
337 1656 404 1725 τάξις
415 1666 506 1731 πᾶσα,
530 1656 670 1737 βασιλέως,
693 1655 779 1737 ρημί,
796 1658 842 1715 καί

68 1746 215 1806 δυναστῶν.
231 1746 286 1805 Καὶ
300 1743 369 1805 ούτω
382 1743 414 1817 δὴ
429 1750 475 1805 καί
488 1744 537 1817 τήν
552 1743 695 1818 ἐκκλησίαν
714 1746 843 1824 Χριστια-

66 1840 122 1899 νοίς
138 1837 197 1891 θεοῦ
212 1832 341 1909 θελήματι
354 1834 421 1910 μετὰ
439 1834 536 1891 πολλοῦ
550 1841 596 1893 τοῦ
615 1831 749 1914 περιόντος
765 1835 779 1890 θ
794 1836 845 1913 βα-

65 1920 155 1988 σιλεὺς
169 1919 325 1982 ἀποδίδωσι.

108 2010 165 2070 Ili.
183 2005 264 2067 Ούτω
284 2008 313 2068 δέ
326 2009 421 2077 διαθείς
434 2008 468 2069 τά
484 2010 552 2069 κατά
572 2009 619 2082 τήν
643 2009 720 2067 πόλιν
737 2013 751 2068 ό
767 2014 845 2089 βασι-

67 2096 130 2164 λεῦς
151 2098 176 2165 ἐς
198 2096 247 2167 τήν
269 2097 358 2156 Ἀσίαν
382 2097 526 2176 διαόαίνει,
546 2098 592 2158 καί
613 2097 773 2158 καταλαόῶν
796 2098 843 2170 τήν

67 2186 205 2265 Προυσίου
219 2187 322 2247 σπένδει
335 2210 364 2245 τε
381 2190 419 2267 τῷ
437 2187 518 2267 πατρὶ
531 2186 577 2246 καί
591 2186 725 2263 ἁγιστείας
740 2188 784 2246 ἐπέ
803 2192 841 2266 τῷ

64 2272 142 2333 τοῦδε
165 2275 242 2355 τάριρ
266 2274 311 2333 καί
338 2276 493 2353 μνημόσυνα
520 2279 591 2334 τελεῖ
619 2276 842 2354 μεγαλοπρεπῶς,

65 2371 162 2439 κοσμεῖ
175 2361 203 2422 δέ
217 2370 307 2422 τοῦτον
329 2363 482 2441 ἀναθήμασι
503 2364 657 2423 πολυτελέσι
682 2364 727 2423 καί
750 2363 842 2442 δώροις

1619 306 1676 366 lut

904 432 1057 508 βασιλικοῖς.
1103 433 1138 512 (a)
1152 432 1268 494 Ἔπειτα
1288 435 1322 493 τί
1343 436 1370 493 ἐν
1385 434 1459 515 Ἀσία
1481 435 1644 510 καθίστησιν,
1656 443 1679 497 τί

901 517 929 577 τί
941 542 991 578 που
1005 520 1154 600 νεωτερίζον
1171 512 1203 595 iio
1219 522 1237 593 ή
1256 528 1383 603 νεοχμοῦν
1404 523 1471 591 όλως
1489 524 1564 603 παρά
1578 548 1606 584 τε
1622 528 1675 585 τῶν

902 608 985 665 ἐκεῖσε
1000 607 1134 687 ἡγεμόνων
1149 632 1178 667 τε
1192 609 1238 669 καί
1248 612 1345 686 γενῶν,
1356 609 1374 682 ἢ
1386 609 1473 678 ἄλλως
1485 612 1516 689 γί
1529 634 1586 678 ποις
1599 610 1676 691 ἔχον,

902 692 1008 752 ἅπαντα
1032 695 1238 773 καθιστάμενος,
1257 698 1296 756 ίτι
1313 720 1343 757 τε
1364 698 1527 778 σατραπείας
1546 701 1677 775 ἀπυλεγό-

903 804 978 856 μενος
992 782 1037 841 καί
1049 784 1148 862 άρχάς,
1164 784 1209 843 καί
1224 784 1353 865 ἄρχοντας
1364 785 1409 844 καί
1422 786 1559 867 σατράπας
1571 786 1678 857 ταύταις

900 868 1055 947 ι’γκαθιστάς
1068 870 1102 928 τά
1120 894 1149 930 τε
1170 871 1238 929 ἄλλα
1258 876 1284 932 ἐν
1304 874 1371 953 αὐτῇ
1390 873 1478 933 πάντα
1496 876 1584 941 καλῶς
1606 876 1675 955 διορ-

902 958 1051 1035 θοισάμενός
1063 982 1092 1017 τε
1106 958 1152 1018 καὶ
1166 960 1230 1039 πρὸς
1243 960 1274 1020 τδ
1286 962 1376 1021 δοκοῦν
1391 962 1487 1028 διαθείς
1501 964 1527 1021 ἐν
1540 962 1617 1023 πέντε
1631 966 1675 1025 καί

901 1044 1042 1124 τριάκοντα
1055 1047 1114 1113 ταῖς
1127 1045 1224 1114 πάσαις
1237 1048 1363 1130 ήμέραις,
1375 1048 1494 1130 όπαρχόν
1506 1074 1535 1109 τε
1549 1056 1597 1123 τῆς
1614 1052 1677 1124 όλης

901 1129 990 1197 Ἄσίας
1002 1133 1141 1201 ἀποδείξας
1162 1133 1206 1194 τόν
1224 1138 1385 1213 Χαμουζάν,
1405 1138 1536 1197 ἐπάνεισιν
1561 1131 1633 1209 αόθις
1650 1144 1676 1211 ἐς

900 1221 930 1280 τὸ
954 1218 1107 1289 Βυζάντιον.
1151 1220 1184 1302 (a)
1209 1222 1312 1303 Μικρὸν
1331 1222 1359 1282 δέ
1379 1224 1515 1307 διατρίψας
1533 1228 1612 1287 αὐτοῦ
1632 1230 1677 1287 καί

900 1308 961 1366 ὅσον
973 1308 1117 1367 θεάσασθαι
1130 1308 1179 1376 τάς
1191 1310 1274 1392 ταύτῃ
1290 1311 1465 1389 γεγενημένας
1480 1315 1618 1390 οἰκοδομὰς
1631 1318 1676 1376 καί

901 1394 1026 1465 ἐπιτάξας
1049 1396 1066 1453 θ
1082 1398 1122 1456 δεῖ
1134 1406 1218 1457 ποιεῖν
1237 1400 1265 1456 ἐν
1284 1400 1375 1467 αθταῐς
1389 1422 1418 1459 τε
1439 1402 1485 1460 καί
1508 1409 1561 1469 τοῖς
1585 1404 1674 1475 ἄλλοις

900 1484 985 1544 ἀπασι
1005 1485 1051 1543 καί
1070 1484 1110 1544 ότι
1122 1484 1236 1566 τάχιστα
1250 1485 1353 1547 ἀνύτειν
1367 1487 1400 1547 τά
1415 1488 1493 1567 ἔργα,
1512 1490 1635 1570 ὥρμησεν
1650 1496 1676 1560 ἐς

900 1572 948 1644 τήν
974 1572 1107 1651 Ἀδριανοῦ
1138 1578 1279 1654 χειμῶνας.
1324 1576 1358 1653 (1)
1396 1576 1512 1635 Κάκεῖσε
1540 1574 1676 1653 γενόμενος

900 1660 973 1727 autb<
993 1661 1163 1738 μεταπέμπεε
1177 1661 1305 1735 Ἰυνυόζην
1325 1662 1368 1720 τὸν
1383 1663 1521 1745 σατράπην
1541 1667 1675 1725 Καλλιου·

900 1751 1002 1819 πόλεως
1017 1749 1062 1808 καί
1085 1750 1202 1828 ἡγεμόνα
1215 1756 1262 1809 τοῦ
1287 1750 1395 1823 στόλου,
1408 1751 1455 1811 καὶ
1478 1752 1578 1812 κελεύει
1597 1754 1672 1830 πάσῃ

899 1838 999 1919 σπουδῇ
1013 1837 1057 1897 τόν
1072 1840 1162 1897 στόλον
1173 1836 1352 1919 ίξαρτύσαντα
1366 1838 1485 1898 ἐπιπλεῖν
1501 1844 1533 1917 τῇ
1553 1860 1580 1899 τι
1594 1841 1674 1923 Νάξῳ

899 1925 944 1984 καί
955 1926 1011 1993 ταῖς
1025 1926 1085 2005 περὶ
1097 1924 1190 1988 Ῥόδον
1202 1927 1303 1999 νήσοις,
1317 1922 1400 2005 Πάρῳ
1412 1949 1440 1985 τε
1452 1925 1498 1985 καί
1509 1926 1617 2008 Ῥηνεία
1630 1928 1675 1987 καὶ

900 2018 948 2094 Κῷ
958 2013 1002 2072 καί
1014 2020 1072 2080 ταῖς
1082 2014 1173 2081 ullor:
1186 2016 1243 2080 ταῖς
1254 2013 1346 2093 ταύτῃ.
1390 2016 1423 2092 (1)
1438 2013 1537 2074 Ῥόδιοι
1548 2014 1610 2094 γάρ,
1621 2019 1674 2073 τῶν

899 2101 988 2161 σίλλων
1010 2101 1134 2161 ἁπάντων
1155 2106 1292 2174 νησιωτῶν
1308 2101 1455 2162 ἐνσπόνδων
1477 2101 1560 2161 ὄντοιν
1580 2124 1608 2161 τε
1629 2104 1676 2161 καί

897 2188 1042 2267 γενομένων
1052 2192 1089 2269 τῷ
1101 2192 1215 2267 βασιλεῖ,
1227 2190 1300 2267 μόνοι
1311 2188 1356 2256 τάς
1364 2190 1429 2268 πρδς
1441 2188 1520 2249 adalo
1530 2188 1674 2267 διαλλαγάς

897 2300 926 2333 τε
940 2276 985 2335 καί
999 2277 1113 2343 σπονδὰς
1128 2280 1174 2336 οὐκ
1187 2276 1322 2349 ἐδέξαντο,
1338 2276 1396 2336 ἀλλ’
1406 2276 1511 2353 ίμεεναν
1528 2276 1577 2344 ἔξω
1592 2300 1674 2336 σπον·

899 2365 966 2437 δῶν,
989 2364 1125 2444 δεχόμενοι
1146 2364 1173 2422 δέ
1196 2364 1243 2431 τδς
1263 2368 1315 2422 τῶν
1348 2365 1458 2424 δυτικῶν
1482 2363 1595 2443 Ἰῦήρων
1627 2366 1671 2423 καί

65 2530 144 2578 θανὼν
153 2531 167 2579 ἀ
176 2530 321 2593 πατριάρχης
330 2542 337 2555 ·
346 2531 389 2579 καί
407 2532 539 2589 ἐκλέξαντες
548 2534 570 2581 ol
581 2532 714 2595 ἐντυχόντες
725 2532 843 2595 ἀρχιερεῖς
858 2533 932 2580 καὶόί
943 2532 1019 2591 ὀλίγοι
1031 2532 1093 2581 πάνυ
1105 2532 1178 2595 ἐτεροι
1194 2532 1315 2593 ίερωμένσι
1332 2532 1373 2581 καί
1390 2532 1467 2581 λαίκοί
1480 2532 1520 2581 τόν
1536 2534 1674 2595 σοφώτατον

64 2599 109 2661 ιιὺρ
122 2601 236 2663 Γιώργευν
249 2600 290 2649 τάν
302 2602 428 2664 οχολάριον
439 2602 521 2651 λαῖιιθν
533 2602 567 2651 ἔτι
581 2601 639 2651 ἀντα
650 2603 685 2656 τίς
697 2601 843 2664 πατριάρχην
859 2600 1051 2664 ἐχειροτόνησαν,
1068 2601 1094 2651 όν
1103 2602 1145 2650 καί
1157 2602 1277 2651 Γεννάδιον
1287 2602 1454 2662 ἐπωνόμασαν.
1472 2599 1590 2663 Sequitur
1601 2598 1670 2649 dein·

66 2669 217 2733 cepsamplo
225 2670 334 2719 narratio
345 2670 552 2733 decuremonils,
566 2670 657 2735 quibus
669 2670 814 2735 patriarcba
829 2668 915 2719 electio
928 2670 1011 2719 locum
1023 2668 1126 2720 dederit.
1143 2670 1180 2721 Gt.
1195 2670 1322 2723 Zinlrelsen
1333 2672 1351 2722 l.
1363 2672 1380 2721 l.
1391 2671 1442 2719 tom
1455 2674 1478 2728 1,
1490 2682 1515 2731 p.
1531 2672 1608 2731 usqq.

97 2742 145 2790 lll.
155 2740 170 2803 §
181 2745 204 2789 2.
220 2739 389 2804 Ἐγιιαθιστάς]
408 2740 444 2791 sic
455 2753 551 2806 margo,
564 2744 703 2804 ἀποκληρῶν
719 2743 782 2791 text.
796 2739 807 2802 ΙΙ
825 2766 857 2776 -
868 2737 1067 2803 θεορθωσάμενός]
1088 2740 1124 2790 sic
1139 2754 1173 2790 m.
1190 2747 1214 2803 1,
1231 2743 1360 2803 διορθώσας
1379 2754 1413 2789 m.
1438 2738 1588 2788 1011111111
1607 2739 1671 2800 quod

65 2810 210 2863 Critobulus
218 2813 302 2860 narrat
310 2812 488 2862 blechemetem
502 2812 528 2861 in
541 2812 626 2863 Asiam
637 2815 817 2876 transgressum
826 2812 912 2860 Prusae
921 2809 1021 2861 inseriae
1034 2810 1146 2874 1311111111
1156 2824 1196 2861 res
1209 2811 1329 2863 Asiaticas
1342 2809 1509 2870 constituisse,
1527 2807 1591 2857 allus
1601 2822 1673 2859 nemo

62 2880 183 2945 prodidit.
194 2881 290 2941 (Pursae
305 2881 472 2933 blechemetes
487 2882 569 2932 luerat
582 2896 625 2932 au.
649 2885 704 2932 1151
718 2920 725 2943 ,
738 2878 837 2944 quando
849 2882 934 2930 contra
951 2880 1112 2931 carantanum
1127 2880 1153 2931 ln
1168 2880 1227 2931 Asia
1239 2895 1280 2931 res
1293 2882 1411 2946 gesserat.
1426 2882 1488 2929 Duc.
1504 2893 1528 2942 p.
1549 2883 1603 2939 111,
1621 2884 1667 2940 θ.)

64 2950 141 3009 Quod
153 2950 304 3001 Obamnram
316 2951 419 3013 attinet,
432 2966 447 3001 e
461 2953 531 3003 Duco
542 2954 640 3002 constat
649 2952 717 3001 bunc
728 2950 852 3014 Callipolis
870 2951 1016 3015 praelectum
1031 2954 1118 3003 aestate
1136 2952 1193 3001 anni
1205 2956 1267 3003 ouou
1287 2950 1379 3017 (1155)
1390 2949 1572 3014 expeditionem
1586 2952 1670 2999 eontra

64 3020 176 3071 libadios
188 3020 343 3083 suscepisse,
357 3034 433 3084 quarn
444 3024 527 3073 Duces
537 3035 562 3085 p.
575 3026 682 3073 32⁰·828
694 3021 820 3073 uberrima
835 3022 974 3072 narratione
986 3020 1152 3085 prosequitur,
1172 3021 1315 3073 Critobulus
1332 3024 1416 3072 autern
1436 3033 1466 3069 rre
1480 3019 1557 3069 uerbo
1570 3019 1670 3081 quidem

64 3090 156 3153 tetigit.
169 3093 222 3140 llac
236 3090 392 3153 expeditione
404 3106 482 3155 quum
499 3092 560 3142 ulbil
574 3092 719 3155 profecisset
734 3093 870 3143 cbamuras
883 3107 897 3142 a
908 3106 965 3156 rege
981 3092 1077 3142 obrem
1090 3091 1153 3141 male
1172 3095 1266 3155 gestam
1288 3091 1411 3141 irascente
1424 3088 1533 3146 ἐξεθλήθη
1546 3094 1586 3146 τῆς
1606 3089 1670 3139 Καλ-

64 3161 213 3216 λιυυπόλαως
227 3162 268 3209 καί
280 3162 380 3221 ίστοίλθη
393 3159 416 3211 ίν
428 3162 533 3227 ’λτταλία
545 3168 587 3220 τής
595 3164 734 3226 Παμφυλίας
749 3168 791 3212 τοῦ
800 3165 947 3226 ἡγεμονεύειν
959 3164 1023 3222 ἐκεῖ(
1037 3164 1099 3211 Duc.
1112 3176 1138 3225 p.
1157 3166 1211 3223 328,
1229 3162 1267 3223 θ).
1287 3162 1341 3211 Hoc
1357 3160 1438 3225 ipsum
1453 3172 1498 3209 nec
1512 3158 1579 3209 aliud
1597 3158 1671 3221 quip-

63 3231 133 3295 piam
142 3231 225 3281 subest
233 3230 316 3280 verbis
325 3231 462 3283 critobuli:
477 3235 626 3295 ίπαρχοντής
634 3234 688 3291 ἀλης
700 3233 776 3289 Ἀσίας
787 3233 914 3289 ἀποδείξας
925 3235 965 3281 τὸν
982 3235 1116 3294 Χαμυυζεῖν.
1130 3231 1225 3281 Accidit
1233 3232 1280 3281 lruu
1293 3244 1376 3282 mense
1395 3230 1501 3294 Augusti
1517 3242 1574 3280 tun.
1600 3234 1670 3290 1455,

62 3301 151 3365 paucis
164 3300 252 3351 diebus
261 3304 389 3365 postquam
401 3304 565 3354 Mecbemelas
578 3304 708 3354 asecanda
719 3303 743 3353 111
753 3303 851 3353 servios
859 3302 1014 3367 expeditione
1025 3304 1114 3367 (quam
1124 3302 1267 3355 critobulus
1282 3300 1671 3363 σ.ο-9ἀοιιι1111111111111)11111·111-

62 3370 172 3434 uopolim
182 3368 296 3421 redieret.
310 3371 415 3422 Rediens
425 3376 506 3423 aulem
517 3388 560 3425 rex
571 3373 596 3423 in
606 3375 722 3425 coosoru
729 3373 830 3437 planitie
845 3373 945 3424 insertas
958 3376 1042 3437 egerat
1056 3373 1147 3423 Murali
1161 3376 1172 3425 l
1185 3372 1276 3431 abavo,
1290 3377 1317 3422 ut
1334 3370 1478 3432 intelligitur
1489 3382 1503 3421 e
1519 3368 1671 3421 Seadeddioo

63 3448 93 3501 1,
108 3454 132 3505 p.
148 3443 212 3491 1731
228 3441 252 3490 1t
266 3442 297 3491 τὸ
313 3442 450 3493 11πύ11111
469 3444 527 3493 ulto
543 3456 694 3507 cumpopnu
708 3444 736 3495 dl
752 3446 876 3505 θοεοουο,
896 3442 1006 3494 obedit
1023 3444 1099 3508 luppo
1118 3444 1162 3494 del
1178 3444 1298 3494 martirio
1308 3441 1407 3493 deloco
1424 3440 1512 3504 ρικιιιιί
1525 3454 1593 3502 αυυ,
1605 3442 1671 3492 duce

64 3512 167 3574 pererro
180 3509 250 3575 fatte
263 3512 397 3563 cormunt
414 3512 538 3577 publicbe
558 3514 669 3564 eclbott
684 3517 746 3565 luttl
756 3516 954 3577 qenerotmenlo
966 3529 981 3565 σ
994 3513 1064 3579 suite
1076 3517 1163 3578 quotie
1178 3513 1205 3563 α’
1216 3512 1314 3565 εσέἀυίί
1325 3514 1432 3577 paveri.
1447 3510 1535 3561 Nescio
1551 3512 1627 3572 igitur
1639 3528 1671 3563 ar:

64 3581 126 3632 binc
138 3582 256 3644 originem
268 3581 449 3647 duxerintque
466 3584 498 3635 de
514 3583 607 3635 inferiis
625 3586 714 3634 Prusae
731 3586 822 3636 Mureti
835 3588 859 3637 ll
873 3586 935 3636 actis
951 3585 1095 3637 critobulus
1112 3585 1264 3634 commentus
1277 3597 1332 3634 esse
1345 3582 1406 3631 milri
1418 3580 1532 3630 ridetur.
1552 3581 1669 3633 ceterum

63 3666 145 3716 qunrn
159 3654 213 3703 brec
227 3654 365 3717 pertineant
377 3655 409 3704 ad
427 3668 467 3705 an.
482 3658 558 3716 119115,
577 3655 726 3705 mentionem
746 3654 821 3719 hujus
832 3654 889 3704 aonl
905 3658 961 3718 post
974 3657 1049 3718 caput
1061 3654 1085 3704 ll
1102 3651 1224 3703 excidisse
1235 3651 1360 3715 suspicor,
1371 3653 1400 3700 ut
1412 3662 1487 3711 supra
1505 3650 1600 3699 monui.
1615 3653 1625 3713 ΙΙ
1639 3678 1670 3689 -

63 3723 194 3788 χειμῶνος]
206 3727 241 3773 Er
259 3724 411 3789 expeditione
424 3726 450 3776 in
463 3726 574 3777 Serrium
585 3726 654 3776 initio
667 3726 758 3776 mensis
775 3726 877 3789 Augusti
888 3740 929 3775 an.
945 3727 1004 3775 1155
1021 3724 1061 3773 vel
1079 3722 1153 3773 ellam
1170 3722 1253 3785 paullo
1267 3722 1339 3771 antea
1354 3719 1469 3769 redierat.
1484 3719 1571 3769 Hieme
1589 3724 1670 3781 (1155-

63 3797 112 3855 511)
123 3793 330 3857 consununopoli
341 3799 403 3845 aral.
417 3796 427 3859 ΙΙ
438 3822 469 3833 -
480 3796 495 3860 §
505 3801 528 3847 1.
542 3797 645 3846 Κάκεῐσε
655 3796 793 3860 γενόμενος]
803 3800 858 3855 Quo
868 3799 978 3859 tempore
996 3793 1174 3858 expeditionem
1187 3792 1259 3842 istam
1277 3790 1367 3854 suscipi
1382 3789 1455 3850 jussit
1473 3790 1572 3853 (mense
1581 3793 1668 3855 Sept),

63 3866 92 3915 111
106 3864 203 3927 sophia
221 3864 317 3929 regione
328 3868 393 3926 erat,
408 3880 458 3930 quo
474 3880 501 3918 se
515 3867 652 3917 contulerat
668 3870 697 3917 ut
715 3871 809 3930 pestem
824 3867 849 3917 in
863 3864 1076 3929 Adriauopolitana
1089 3862 1185 3926 regione
1206 3864 1359 3924 grassantem
1378 3859 1508 3909 devitaret.
1531 3862 1561 3909 V.
1585 3863 1669 3912 Duces

62 3950 90 3999 p.
105 3938 159 3985 tul.
173 3934 525 4001 ll-§4.'lovultnv]'lor.b.
537 3938 553 3987 l.
566 3936 949 4001 1111111111111111111111,
961 3932 1363 3999 ulapudcbalcooomlyl.p.5la:
1377 3930 1490 3988 Ἰονούζης
1496 3932 1614 3987 καταστὰς
1623 3934 1670 3983 ὑπὸ

63 4004 150 4067 (tara)
164 4010 211 4054 τῶν
227 4006 311 4069 θυρῶν.
329 4008 411 4056 Duces
431 4022 455 4071 p.
475 4006 634 4066 331,11ἀίσίί
651 4008 762 4065 Γεντύζην
779 4008 870 4059 νεανίαν
888 4009 977 4065 εὐειδῆ,
991 4008 1018 4056 ὃν
1036 4003 1273 4067 καὶ,προιχειρίσατο
1287 4002 1389 4065 ἔπαρχον
1410 4002 1604 4059 Καλλιουπόλεως
1628 4006 1670 4053 καὶ

63 4076 139 4136 μέγαν
150 4080 320 4126 κοντοσταῦλον
333 4082 376 4126 τοῦ
383 4078 478 4127 στόλου.
491 4078 593 4128 Τεισίου
604 4078 749 4139 lunis-beu.
761 4079 810 4143 l—
819 4077 903 4141 Νάξῳ]
915 4076 977 4126 Naxi
984 4076 1098 4140 princeps
1113 4072 1219 4124 Jacobus
1231 4072 1316 4135 crispo
1328 4071 1412 4122 statim
1423 4074 1479 4135 post
1495 4076 1591 4135 captam
1604 4074 1667 4123 (lou-

64 4143 249 4208 atanllnopollm
267 4147 336 4210 pacis
349 4150 375 4197 et
393 4147 509 4198 amicitia
523 4152 594 4212 pacta
606 4162 663 4198 cum
679 4149 830 4200 blechemete
844 4149 940 4198 inierat.
959 4148 991 4197 V.
1014 4144 1140 4196 zlnlreisen
1154 4150 1177 4204 1,
1190 4157 1216 4208 p.
1228 4146 1272 4193 111
1290 4144 1316 4193 el
1334 4141 1368 4191 ibi
1382 4141 1495 4191 laudatos
1512 4144 1634 4193 auctores.
1656 4144 1666 4205 ΙΙ

63 4242 99 4253 -
110 4216 125 4279 §
137 4223 162 4266 5.
174 4217 261 4267 Ῥόδιοι
275 4219 320 4281 γὰρ
335 4218 400 4285 eta]
411 4222 492 4281 Longe
501 4220 573 4269 aliter
591 4219 625 4269 de
644 4219 684 4269 lris
696 4219 794 4283 exponit
808 4221 890 4269 Duces
899 4232 924 4281 p.
940 4220 985 4269 ³19
995 4228 1050 4280 sqq.
1066 4217 1135 4264 Auno
1146 4218 1220 4272 11963,
1233 4212 1329 4276 lnquit.
1351 4211 1532 4275 Adrlauopollm
1545 4216 1669 4265 venerunt

62 4288 107 4335 καί
116 4290 164 4337 ἀπὸ
175 4287 259 4337 Ῥόδου
271 4290 357 4353 ρρέριυι
373 4290 574 4352 προσκυνήσοντες
583 4296 617 4353 τῷ
632 4291 737 4353 τυράννῳ
756 4290 799 4339 σὺν
817 4289 900 4350 δώροις
910 4288 946 4337 ὅτι
958 4288 1089 4345 πλείστοις,
1106 4286 1148 4334 καί
1157 4284 1274 4343 συνθήκας
1288 4284 1396 4347 ἐνόρκους
1409 4283 1544 4341 αἰτήσοντες
1563 4290 1606 4333 τοῦ
1624 4286 1668 4345 ἐμ-

62 4356 203 4419 ποριάεσθαε
220 4360 253 4414 τίς
268 4359 299 4407 τὰ
313 4365 352 4417 τῆς
365 4359 453 4422 Καρίας
466 4360 506 4408 καί
516 4360 605 4415 Λυκίας
619 4360 676 4422 μίρη
687 4362 709 4408 ol
723 4359 854 4422 γείτονες...
865 4358 929 4408 Ὀδέ
939 4359 1047 4421 τύραννος
1062 4356 1145 4420 φόρους
1158 4356 1278 4420 ᾐτήσατο·
1292 4358 1315 4405 ot
1334 4356 1359 4404 δέ
1376 4355 1483 4417 πρὲσάεις
1499 4354 1668 4417 ἀπελογίσαντυ

63 4429 100 4482 ὡς
112 4429 164 4491 περὶ
179 4430 263 4477 τούτου
278 4429 322 4478 οὐκ
344 4430 407 4478 ἐστιν
426 4429 550 4493 ἀπόκρισιν
566 4430 655 4479 δοῦναι,
676 4428 769 4480 Deinde
786 4428 952 4478 Meebemetes
966 4427 997 4477 de
1012 4426 1060 4477 bac
1076 4439 1103 4477 re
1123 4426 1230 4487 legatum
1244 4424 1273 4475 ad
1289 4438 1404 4488 magnum
1426 4423 1579 4474 Rhodiorum
1595 4426 1669 4489 magi·

64 4496 147 4545 etrum
159 4496 241 4558 misit,
253 4498 297 4561 qui
308 4502 334 4549 et
345 4497 399 4562 ipse
409 4511 437 4548 re
448 4497 537 4549 inlecta
551 4511 666 4549 reversus
678 4502 726 4549 est.
739 4500 827 4561 ltaque
838 4493 912 4560 θυμοῦ
926 4498 1010 4559 μεάεάς
1026 4498 1129 4560 γεγονὼς
1145 4495 1253 4559 ἐκήρυξεν
1270 4494 1348 4559 μάχην
1365 4496 1493 4558 καρτερὰν,
1507 4496 1547 4543 καὶ
1565 4496 1599 4558 τῷ
1611 4496 1668 4557 βεν-

64 4567 159 4628 λομίνῳ
172 4568 298 4631 ἐχαρίσατο
316 4574 359 4618 τοῦ
371 4570 477 4620 ἀπελθεῖν
489 4573 528 4620 καί
545 4568 720 4633 αἰχμαλωτίσαι
738 4569 778 4617 καί
792 4570 881 4631 ρθιίραι
901 4568 958 4616 ὅσον
975 4568 1082 4617 δύναιτο·
1096 4567 1149 4616 τότε
1167 4568 1189 4615 σί
1202 4572 1243 4626 τῆς
1261 4565 1376 4629 ἐπαρχίας
1387 4570 1428 4623 τῆς
1444 4565 1532 4627 Καρίας
1552 4566 1668 4621 οἰκοῦντες

63 4636 167 4699 Τοῦριιυι
178 4638 288 4701 ίμθάντες
300 4640 324 4689 ἐν
338 4640 426 4703 διήρεσι
439 4642 480 4691 καὶ
491 4642 568 4698 ἀλλοις
583 4640 688 4695 ἀκατίοις
700 4640 744 4694 tur:
758 4640 882 4704 τριάκοντα
894 4639 936 4687 τάν
950 4636 1061 4701 ἀριθμὸν,
1074 4638 1115 4687 καὶ
1125 4638 1167 4697 τήν
1180 4635 1278 4700 περαίαν
1289 4634 1408 4691 διαδόντες
1422 4638 1461 4683 καὶ
1472 4637 1503 4691 εἰς
1514 4636 1537 4683 ἓν
1546 4636 1614 4698 μέρος
1628 4641 1669 4691 τῆς

64 4706 140 4762 νήσου
157 4709 288 4770 λῃστρικῶς
298 4706 418 4766 ἐπιάάυτες
428 4711 617 4775 ᾐχμαλώτευσεν
630 4710 707 4773 ψυχὰς
722 4713 754 4773 μ’,
767 4710 809 4758 καί
821 4711 845 4758 ἐν
858 4709 924 4772 νήσῳ
941 4713 971 4772 τῇ
984 4710 1026 4773 Κῷ
1042 4708 1137 4773 ὁμοίως.
1151 4708 1236 4771 'Erum
1252 4705 1276 4757 δέ
1293 4705 1428 4761 ἐπελθόντος
1445 4705 1529 4753 στόλου
1547 4704 1666 4765 ἀπαρτίζει

67 4776 155 4839 μέγαν,
169 4780 266 4841 τριήρεες
281 4780 318 4837 κε’,
329 4779 414 4843 διήρεις
425 4780 445 4828 ν’
458 4781 500 4830 καί
514 4781 619 4843 μονήρεις
638 4782 721 4829 ἑκατὸν
735 4780 777 4828 rii
797 4780 881 4837 πλίον,
897 4782 929 4835 ὡς
945 4780 1006 4828 εἶναι
1024 4778 1065 4835 τὰς
1077 4777 1154 4834 πάσας
1171 4778 1338 4839 ἀριθμουμένας
1354 4778 1420 4839 μέχρι
1437 4780 1485 4823 τῶν
1497 4782 1543 4835 prr.
1563 4774 1607 4821 1(αέ
1625 4776 1660 4838 τῷ

71 4841 164 4906 Ἰουνίιρ
174 4846 229 4908 μηνί
238 4844 366 4902 ἐξελθόντες
378 4846 426 4896 ἀπδ
434 4853 475 4907 τῆς
486 4847 678 4902 Καλλιουπὸλεως
686 4846 785 4904 ήλθασιν
795 4848 820 4897 ἐν
829 4848 950 4911 Μιτυλήνη
961 4848 1052 4912 ἔχοντες
1062 4848 1175 4910 ἀμιραλήν
1191 4848 1294 4909 Χαμζιῑν,
1307 4848 1431 4908 πιγιιέρνήν
1440 4848 1482 4893 τοῦ
1491 4842 1577 4904 πατρὸς
1587 4842 1667 4900 amon,

68 4913 96 4962 ἀν
108 4914 176 4971 αὐτὸς
190 4914 381 4979 ίπαρχονπάσης
394 4918 546 4980 Χερσονήσου
564 4917 697 4975 κατέστησε
714 4920 754 4967 καέ
768 4918 908 4967 καπιτάνεον
925 4919 1020 4968 στόλου.
1040 4916 1151 4968 uuerbe
1171 4916 1259 4977 irrsulu,
1281 4916 1325 4966 ubi
1341 4917 1424 4965 Dueas
1444 4912 1559 4977 prlncipis
1572 4912 1670 4962 nomine

70 4984 179 5034 llamzan
188 4985 339 5036 salutaverat
349 4990 375 5036 et
384 4986 471 5036 multis
479 4987 645 5037 honoraverat
661 4987 745 5048 donis,
756 4988 781 5039 in
793 4989 882 5039 chium
891 4988 977 5039 classis
989 4989 1098 5053 prolecta
1119 4988 1170 5037 est.
1189 4987 1226 5037 lbi
1236 4988 1328 5035 llamza
1343 4984 1407 5049 ragis
1415 4986 1487 5048 jussu
1498 4983 1632 5047 postularit
1642 4987 1670 5034 ut

73 5051 129 5102 culi
138 5056 228 5117 10,ωο
238 5053 343 5106 ducatos
352 5055 471 5119 Dmperio
483 5056 598 5107 Galatiuo·
613 5058 744 5109 mercatori
759 5058 855 5109 ‹lebitos
876 5058 1011 5118 solrereut3
1028 5055 1199 5107 recusantibus
1213 5055 1296 5114 chiis,
1317 5067 1388 5118 agros
1402 5052 1458 5102 urbi
1479 5052 1606 5117 proximos
1624 5066 1668 5102 ra-

74 5122 163 5183 slarit‚
177 5124 255 5188 ipsam
268 5138 326 5175 vero
337 5126 425 5176 urbem
436 5139 577 5191 oppugnare
592 5140 641 5177 non
653 5141 728 5179 ausus
739 5132 786 5179 est.
803 5128 866 5178 lliuc
876 5127 991 5177 ilbodum
1000 5126 1137 5191 navigavit,
1150 5124 1194 5175 sed
1206 5123 1292 5174 urbem
1306 5123 1398 5187 optime
1411 5122 1531 5173 munitam
1544 5125 1571 5173 et
1587 5127 1669 5174 eusto-
