3809 5859
808 354 1056 419 FRAGMENTA.
1682 370 1722 431 99

121 536 180 601 ari
195 549 221 592 a.
237 530 291 613 (Ea
305 531 474 591 narratione
485 531 522 591 de
535 532 614 593 bello
626 536 729 597 Italico
737 581 746 611 ,
759 557 805 598 an.
822 540 894 616 489·
921 536 929 631 Ι

471 620 551 701 493).

161 804 227 865 Ὅτι
242 803 407 883 Θεοδύριχος
418 806 464 865 καὶ
475 804 619 887 Ὀδόοικρος
632 808 761 882 συνθήκας
775 809 820 869 καί
833 834 898 885 συμ·

123 891 216 958 δόσεις
230 890 387 961 ἐποιήσαντο
402 891 467 971 πρὸς
485 894 614 965 ἀλλήλους
639 895 698 975 (an.
723 898 780 974 '¹93
802 917 893 957 mens.

125 981 234 1056 Mami)
251 976 332 1058 ἀμφω
348 983 469 1055 ἡγεῖσθαι
492 984 540 1052 τῆς
560 981 702 1058 Ῥωμαίων
726 986 824 1063 ἀρχῆς,
850 983 896 1043 καὶ

124 1067 215 1127 λοιπὸν
235 1058 302 1139 ἦσαν
317 1068 403 1133 αὐτοῖς
423 1067 546 1136 ἐντεύξεις
559 1069 622 1147 παρ’
637 1071 768 1143 ἀλλήλους
787 1075 895 1150 φοιτῶσι

123 1152 230 1233 συχναί.
272 1153 355 1213 Ούπω
380 1154 407 1215 δὲ
432 1154 526 1227 ἠνύετο
548 1155 636 1234 ἡμέρα
652 1158 749 1229 δεκέτη
771 1158 835 1231 καί,
850 1165 895 1219 τοῦ

121 1241 273 1319 Ὀδοοίκρου
289 1242 428 1319 γενομένου
442 1242 516 1320 παρὰ
529 1243 573 1303 τὸν
587 1242 771 1325 Θεοδώριχον,
784 1249 894 1325 προσελ-

124 1329 210 1395 θόντες
229 1330 283 1387 τῦν
304 1329 383 1387 αὐτοῦ
405 1329 495 1409 ἄνδρες
528 1330 575 1389 δύο
600 1328 647 1398 τὰς
669 1339 715 1393 τοῦ
733 1330 894 1413 Ὀδοοίκρου,

126 1418 175 1475 ἅτε
190 1416 276 1475 ἱκέται
292 1414 445 1495 γενόμενοι,
461 1417 606 1499 κατέχουσι
624 1419 729 1498 χεῖρας,
746 1421 803 1496 μεθ’
816 1418 830 1479 ὃ
843 1423 895 1478 τῶν

126 1503 353 1583 προλοχισθέντων
365 1505 391 1562 όν
407 1506 459 1571 τοῖς
475 1508 539 1584 παρ’
551 1504 664 1584 έκοίτερα
683 1504 805 1573 οἰκίσκοις
821 1509 897 1567 ἐπελ-

127 1592 223 1651 θόντων
233 1589 293 1667 ἅμα
302 1598 357 1657 τοῖς
366 1590 472 1671 ξίφεσιν,
480 1594 510 1651 έκ
517 1591 544 1651 δέ
554 1596 599 1663 τῆς
608 1592 667 1659 θέας
676 1593 896 1672 καταπλαγέντων

125 1679 171 1738 καλ
194 1680 240 1739 οῦκ
271 1679 454 1754 ἐπιτιθεμένων
486 1682 524 1760 τῷ
547 1679 701 1759 Ὀδοείκριμ,
731 1680 896 1759 Θεοδώριχος

125 1764 302 1846 προσδραμὼν
316 1765 389 1825 παίει
403 1770 441 1847 τῷ
459 1765 526 1849 ξίφει
540 1765 618 1827 αὐτὸν
632 1766 700 1827 κατθι
720 1767 768 1839 τὴν
785 1768 895 1847 κλεῖδα,

126 1855 233 1914 εἰπόντα
245 1855 274 1915 δέ
286 1881 299 1909 s
311 1857 367 1916 Ποῦ
385 1854 481 1929 θθεύς,
496 1882 509 1909 ν
527 1855 680 1933 ἀμείόεται·
697 1883 709 1907 s
727 1854 813 1915 Τοῦτό
826 1858 895 1915 ἐστιν

126 1942 140 2000 δ
152 1942 199 2001 καλ
212 1942 245 2001 σύ
257 1940 318 2009 τούς
329 1942 407 2017 έμοῦς
418 1942 540 2023 ἔδρασας.
551 1946 626 2016 ιΤῆς
639 1944 666 2002 δέ
677 1945 780 2021 πληγῆς
793 1945 896 2023 κουρέας

127 2030 172 2087 καί
186 2027 265 2109 μέχρι
278 2034 325 2101 τῆς
337 2030 431 2111 ὀσφύος
443 2030 593 2103 διελθούσης
604 2030 634 2089 τὸ
644 2029 790 2113 Ὀδοοίκρου
804 2034 894 2109 σῶμα,

128 2118 209 2175 εἰπεῖν
225 2140 289 2197 φασι
301 2116 480 2198 Θεοδώριχον,
493 2122 528 2187 ὥς
543 2118 614 2199 τάχα
630 2118 688 2179 aiii
702 2121 794 2178 ὀστοῦν
811 2110 844 2191 ἦν
857 2122 895 2198 τῷ

127 2208 203 2285 κακῷ
216 2204 310 2284 τούτῳ.
326 2205 381 2266 Καί
395 2207 439 2268 τὀν
454 2206 502 2284 μέν
515 2206 624 2288 πέμψας
638 2205 687 2275 ἔξω
698 2206 790 2267 θόπτει
802 2210 838 2275 είς
848 2206 895 2275 τίις

127 2295 248 2360 συνόδους
261 2296 311 2352 τῶν
327 2293 460 2372 Ἑόραίων
474 2298 502 2355 έν
516 2296 601 2374 λιθίνῃ
615 2293 725 2373 λάρνακι
740 2293 785 2367 έτη
802 2293 896 2373 βεόιω-

126 2379 190 2439 κότα
206 2378 237 2454 ξ’,
252 2380 366 2461 ἄρξαντα
383 2381 410 2440 δέ
427 2380 473 2459 ιδ’,
484 2381 528 2441 τὸν
543 2381 570 2441 δὲ
584 2382 695 2463 ἀδελφόν
708 2382 800 2443 τούτου
818 2385 844 2442 έν
858 2386 896 2463 τῷ

124 2465 227 2541 τεμένει
251 2467 365 2549 φυγόντα
395 2469 564 2544 κατετόξευε,
588 2468 704 2549 συνέχειν
728 2469 755 2529 δέ
778 2469 824 2529 καλ
846 2469 895 2543 τὴν

124 2552 273 2637 Ὀδοοίκρου
308 2557 427 2633 γαμετλν
464 2558 635 2635 Σουνιγίλδαν
660 2558 705 2616 καί
728 2556 828 2619 ’ostis
851 2559 895 2617 τόν

125 2644 225 2721 παῖδα,
241 2644 268 2703 θν
285 2643 429 2723 Ὀδόακρος
445 2645 569 2725 Καίσαρα
585 2644 835 2722 unianimitas
847 2646 894 2723 μέν

125 2728 256 2804 ἐκπέμπει
270 2734 305 2797 εἰς
316 2731 442 2811 Γαλλίαν,
451 2736 547 2793 έκεῑθεν
561 2731 589 2791 δέ
605 2731 754 2811 ἀποδρόντα
766 2732 835 2792 κατὰ
848 2731 896 2805 τὴν

1115 538 1385 617 [animatos
1409 545 1559 623 ips-518]

1279 692 1337 751 ord
1360 684 1387 748 θ.

993 815 1057 877 Ὅτι
1073 816 1239 886 Ἀναστοίσιος
1252 823 1266 877 ὁ
1280 817 1401 897 βασιλεὺς
1418 819 1475 879 λύει
1494 825 1546 881 τῶν
1567 823 1719 899 δημεύσεως

952 902 1058 984 φόύων,
1078 905 1236 985 ἀπαγορεύει
1257 907 1284 965 δέ
1302 915 1355 974 τοῖς
1375 908 1548 988 συκοφοίνταις
1567 910 1615 983 τὴν
1635 913 1722 972 ἀδειαν

952 991 998 1049 καί
1011 990 1041 1049 εδ
1055 996 1101 1060 τῆς
1123 991 1284 1067 καλουμένης
1297 993 1453 1064 δηλατορίας
1468 995 1550 1063 πόθος
1570 1007 1723 1077 τιμωρεῖται

952 1077 998 1135 καλ
1021 1076 1081 1143 τούς
1104 1080 1204 1137 ἐκτῶν
1224 1081 1349 1157 εἰσφορῶν
1370 1079 1503 1159 ὀφειλέτας
1526 1085 1656 1166 έλευθεροῖ
1670 1090 1723 1145 τῶν

952 1162 1098 1243 ἔμπροσθεν
1119 1164 1234 1244 χρόνων.
1268 1168 1302 1244 (α)
1314 1164 1362 1232 Ὧς
1381 1168 1408 1225 δέ
1427 1167 1496 1227 κατά
1515 1168 1563 1239 τάς
1582 1170 1642 1241 θέας
1657 1175 1722 1233 ἀτα-

951 1256 1070 1325 κτοῦσιν,
1087 1254 1101 1309 ὀ
1121 1258 1169 1324 τῆς
1193 1254 1295 1320 πόλεως
1318 1252 1432 1334 ἔπαρχος
1458 1257 1500 1315 tsi
1519 1260 1725 1339 προγράμματος

952 1335 999 1404 τάς
1014 1338 1086 1395 ἔνδον
1101 1336 1234 1416 διατριόθις
1248 1339 1444 1417 ἀπηγόρευσεν,
1456 1344 1564 1424 ύπονοίορ
1580 1342 1612 1402 τθ
1631 1346 1723 1404 λοιπὸν

953 1423 1070 1491 ἐκδόντες
1084 1423 1190 1492 ἑαυτούς
1206 1428 1231 1485 οἱ
1251 1434 1304 1492 τοῖς
1326 1428 1555 1505 πλημμελήμασιν
1574 1431 1723 1512 ὀνηγόμενοι

953 1511 1057 1571 ἅπαντα
1071 1511 1249 1593 δειτοίραττον.
1292 1512 1347 1574 Καί
1361 1513 1393 1586 δὴ
1411 1522 1457 1575 τοῦ
1473 1516 1603 1596 βασιλέως
1616 1520 1663 1591 τὴν
1676 1523 1721 1579 ἱπ-

953 1600 1100 1679 ποδρομίαν
1120 1599 1268 1678 θεωμένου,
1282 1601 1364 1668 πολύς
1382 1603 1497 1662 έντεῦθεν
1520 1603 1664 1686 διηγείρετο
1678 1606 1721 1665 θό-

952 1687 1047 1766 ρυόος,
1058 1691 1093 1754 ὡς
1106 1688 1151 1746 καί
1166 1689 1245 1747 αὐτοῦ
1265 1694 1310 1747 τοῦ
1323 1690 1370 1760 τῆς
1384 1692 1480 1767 βουλῆς
1502 1694 1648 1769 ἡγουμένου
1669 1718 1721 1753 κα-

951 1774 1061 1835 ταόοδν·
1068 1773 1211 1842 Ἰουλιανὸς
1218 1773 1247 1834 δέ
1256 1766 1310 1847 ἧνό
1320 1774 1497 1856 Ἀλεξανδρεύς
1506 1783 1557 1838 τῶν
1567 1782 1597 1839 έκ
1602 1781 1722 1848 παιδείας

950 1862 997 1922 καί
1013 1863 1097 1941 λόγων
1113 1863 1265 1943 εἰσηγητής.
1278 1862 1327 1926 Ἐν
1350 1865 1416 1943 ὀργῇ
1429 1864 1514 1933 τοίνυν
1534 1871 1579 1923 τοῦ
1595 1867 1722 1943 βασιλέως

951 1951 1129 2027 ποιησαμένου
1141 1952 1199 2018 τοῦς
1210 1951 1243 2010 τθι
1254 1958 1363 2013 τοιαῦτα
1377 1953 1527 2028 τολμῶντας
1541 1951 1586 2013 καί
1599 1953 1642 2014 δεδι
1654 1956 1723 2028 πλή-

952 2034 1010 2096 θους
1024 2036 1214 2110 στρατωντικοῦ
1238 2031 1364 2113 ἀνείργειν
1389 2030 1483 2099 αὐτούς
1509 2033 1723 2112 έπιχειρήσαντος

950 2115 1076 2190 εἰκότως,
1091 2120 1126 2185 είς
1148 2119 1353 2195 ἀπεγνωσμένην
1375 2118 1529 2197 ὀτριίπησαν
1543 2118 1654 2202 πρᾶξιν,
1669 2126 1721 2202 πῦρ

951 2204 1060 2273 ἀνιέντες
1072 2208 1111 2285 τῷ
1122 2204 1169 2275 τάς
1182 2204 1262 2287 θύρας
1277 2212 1323 2279 τῆς
1343 2209 1517 2288 ἱπποδρομίας
1530 2206 1618 2287 ἔχοντι
1631 2209 1721 2290 τόπῳ,

950 2291 976 2362 ἐξ
989 2283 1070 2371 ούπερ
1085 2292 1130 2351 καί
1143 2294 1171 2351 αί
1184 2293 1443 2372 προσπαρακείμεναι
1456 2296 1532 2354 στοαί
1548 2296 1722 2377 διαφθείραντα

952 2378 1064 2459 ῥαδίως,
1091 2380 1188 2440 ἐκεῖθέν
1211 2405 1241 2441 τε
1265 2381 1311 2448 τάς
1339 2383 1436 2454 στήλας
1460 2386 1512 2441 τῶν
1538 2382 1668 2463 βασιλέων
1692 2386 1722 2443 έκ

951 2468 1051 2545 χαλκοῦ
1071 2468 1251 2545 πεποιημένας
1265 2473 1316 2528 τῶν
1330 2470 1481 2550 ἱδρυμάτων
1501 2471 1652 2543 ἀεθήσαντες
1671 2482 1724 2530 πᾶν

952 2547 1018 2620 εἶδος
1045 2554 1144 2635 ύόρεως
1170 2557 1206 2624 είς
1235 2557 1316 2625 αύτάς
1340 2556 1491 2637 ἀπετέλουν,
1509 2562 1544 2627 ὡς
1564 2561 1611 2619 καλ
1633 2558 1725 2629 αύτούς

952 2642 1064 2710 ἐκείνους
1083 2644 1258 2720 αἰκιζόμενοι,
1271 2646 1357 2704 καίτοι
1376 2648 1481 2705 πολλῶν
1499 2646 1547 2723 μέν
1566 2646 1725 2725 ἀναιρουμέ-

951 2754 1019 2803 νων,
1034 2733 1139 2789 πολλῶν
1157 2730 1185 2791 δέ
1199 2733 1244 2791 καί
1257 2731 1407 2809 ἡμιθνήτων
1422 2735 1578 2811 γενομένων.
1620 2732 1656 2795 Ὁ
1672 2739 1724 2812 βεε-

952 2817 1039 2885 σιλεῦς
1062 2820 1147 2879 τοίνυν
1170 2822 1236 2898 θρῦιν
1260 2818 1308 2891 τὴν
1333 2819 1402 2879 κατὰ
1424 2824 1477 2879 τῶν
1500 2821 1623 2893 ύπηκόων
1643 2822 1723 2879 αὐτοῦ

126 2816 246 2876 Ἰταλίαν
263 2819 417 2901 διαφθείρει,
432 2818 480 2891 sis
493 2820 521 2879 tt
539 2821 589 2879 ύπδ
609 2822 687 2897 λιμοῦ
702 2819 895 2902 φρουρουμένην

952 2905 1027 2978 νίκην
1045 2908 1074 2965 ού
1087 2908 1240 2985 πρέπουσαν
1260 2898 1342 2981 εἶναι,
1356 2905 1486 2967 ἀναπαύει
1509 2906 1557 2985 μέν
1572 2910 1618 2979 τῆς
1641 2910 1723 2987 ἀρχῆς
1803 2913 1815 2927 ’

126 2903 236 2983 ἐξήγαγε
255 2910 299 2963 τοῦ
322 2905 387 2986 βίον.

129 3220 221 3281 μθικας.
231 3220 259 3267 ln
267 3217 415 3281 Theophane
425 3231 449 3281 p.
457 3222 514 3275 389,
528 3221 565 3277 ll,
577 3217 612 3268 in
621 3216 711 3281 legitur·
724 3234 730 3265 ε
741 3216 883 3268 ’λναστασία
896 3217 1028 3279 αὐγοῦατκ,
1037 3222 1079 3267 τοῦ
1093 3219 1168 3279 βὶκας.
1182 3217 1192 3280 ΙΙ
1201 3243 1233 3254 -
1245 3219 1285 3267 καὶ
1299 3218 1389 3283 λλλοῦν]
1400 3220 1453 3269 Hoc
1472 3232 1532 3267 num
1549 3222 1616 3269 rocio
1626 3216 1724 3277 moesi,

128 3286 258 3351 quaritur.
273 3287 389 3336 cetorum
406 3286 438 3337 de
453 3288 584 3351 postremis
598 3288 654 3337 latis
674 3286 712 3337 lili
731 3289 756 3336 el
767 3286 863 3338 Leontii
881 3299 907 3336 ν.
917 3300 981 3349 quas
999 3286 1082 3336 nudat
1094 3288 1223 3338 Tillemont
1235 3290 1295 3337 tom.
1306 3290 1350 3349 Vl,
1362 3302 1387 3351 p.
1397 3293 1444 3338 olo
1457 3302 1513 3351 sqq.

160 3359 175 3421 §
191 3363 228 3409 ti.
240 3358 339 3422 ἐπεξῄει]
349 3357 430 3414 tacitas
440 3358 494 3407 σού.
509 3357 520 3421 ΙΙ
530 3386 561 3393 -
569 3357 706 3423 ἁγροιύιεης]
716 3358 832 3421 θγρεὼτης
844 3356 901 3410 cod.
916 3356 1010 3407 Deinde
1021 3356 1096 3407 verba
1109 3361 1222 3420 Λογγῖνος
1234 3359 1299 3407 θεοῦ
1310 3371 1325 3408 e
1340 3357 1449 3422 mospius
1466 3358 1586 3407 assumto.
1603 3358 1640 3406 Da
1654 3360 1724 3407 Arte·

129 3429 223 3479 mldoro
237 3428 268 3478 ci.
284 3429 314 3479 lr.
325 3431 379 3489 ult,
391 3436 415 3479 5.
1435 3478 1440 3485 ‚

159 3502 198 3549 Fr.
213 3504 267 3559 tlt.
279 3514 301 3549 ι.
311 3499 446 3549 Marcellin.
461 3499 550 3550 chron.
563 3498 802 3568 sdan.ittl:1dem
815 3496 989 3549 Theudoricus
995 3510 1042 3547 res
1048 3496 1192 3549 Galliarum
1201 3498 1324 3560 aptatam
1330 3500 1470 3560 occupauit
1480 3497 1601 3547 ltaliam.
1610 3496 1726 3546 odoacer

127 3571 220 3621 itidem
235 3583 285 3621 reu
303 3569 445 3621 Gothorum
462 3573 536 3621 metu
552 3564 705 3621 Theoderici
720 3574 875 3621 Ravennam
889 3570 1018 3630 inpressius
1029 3568 1065 3615 cst
1078 3566 1159 3631 [dieii
1172 3565 1255 3615 uacui
1266 3578 1307 3614 au.
1317 3564 1388 3629 49313
1395 3578 1478 3628 porra
1491 3564 1627 3614 abeodem
1640 3562 1724 3613 Thea·

129 3643 215 3693 dorico
226 3642 352 3705 perjuriis
364 3640 726 3706 illectusisricrsaclusquecst.
740 3638 855 3690 Similiter
868 3640 974 3688 ioannes
988 3636 1035 3687 sub
1048 3650 1088 3686 an.
1106 3640 1153 3685 litii
1164 3638 1245 3687 totum
1263 3635 1324 3686 illud
1339 3636 1431 3686 bellurn
1446 3635 1513 3699 qnod
1525 3635 1550 3684 in
1561 3635 1634 3685 ltalia
1643 3634 1724 3683 Theo·

128 3714 226 3764 domans
243 3712 318 3777 gessit
329 3712 465 3780 (loo-sss),
475 3725 586 3761 narrasse
606 3711 711 3761 videtur.
727 3710 738 3774 ΙΙ
749 3736 781 3747 -
792 3710 861 3771 ἄμφω
874 3710 981 3768 ἡγεῖσθαι
992 3714 1032 3767 τῆς
1041 3709 1167 3770 Ῥωμαίων
1186 3707 1271 3771 ἀρχῆς]
1282 3709 1383 3771 Procop.
1393 3708 1421 3756 lt.
1437 3707 1511 3759 Goth.
1527 3710 1549 3766 t,
1563 3709 1586 3764 t,
1597 3718 1622 3767 p.
1639 3708 1663 3763 9,
1675 3709 1702 3753 91
1716 3724 1724 3753 :

129 3786 175 3834 ύπδ
187 3772 358 3845 διαλλακτῖτῷ
373 3782 496 3839 Ῥαδέννης
506 3784 562 3845 tapsi
574 3782 685 3843 (Jounoe)
703 3781 818 3841 διλόγους
829 3778 935 3837 ἀλληλοις
947 3778 1068 3841 συνίασιν,
1079 3780 1106 3837 ἐφ
1120 3778 1287 3841 ᾧθευδέριχός
1296 3792 1323 3825 τε
1336 3779 1377 3824 καὶ
1387 3776 1515 3839 Ὀδόαιρος
1528 3776 1552 3824 ts
1564 3774 1676 3858 Ῥαόέγνῃ
1686 3776 1724 3822 ἐπὶ

128 3859 158 3915 τῇ
171 3853 213 3914 tau
225 3854 265 3900 καὶ
281 3849 353 3911 ὁμοία
369 3850 446 3911 διαίτη
463 3852 547 3906 ἱξουσι.
558 3852 625 3900 Μετὰ
636 3853 661 3901 lt
672 3848 810 3914 θέυδίριχος
825 3849 954 3912 ’otiam
968 3849 1062 3911 λαθὼν,
1073 3851 1105 3903 ὡς
1125 3865 1204 3923 φαμεν,
1218 3848 1329 3910 laudauit
1339 3847 1361 3902 ἐς
1371 3847 1441 3896 αύτδν
1453 3846 1586 3909 χρώμενον,
1605 3860 1684 3907 τροπῳ
1700 3861 1725 3893 τι

130 3926 216 3987 δολερῷ
232 3924 270 3972 ἐπὶ
288 3921 364 3979 θοίνην
379 3922 480 3978 καλέσας
494 3922 595 3981 ἔκτεινε,
611 3924 652 3972 καί
665 3922 706 3971 ἀπ’
718 3924 790 3971 αύτοῡ
805 3921 928 3984 βαράοίρων
941 3926 990 3970 τῶν
1009 3921 1126 3981 πολεμίων
1143 3918 1361 3981 προσποιησάμνος
1376 3918 1447 3973 ὀσους
1466 3922 1573 3978 παρεῖναι
1588 3916 1724 3975 ξυνέπεσεν,

128 3993 197 4047 αύεύς
209 3990 265 4052 toxa
273 3990 300 4039 τὸ
309 3990 401 4049 Γότθων
409 4005 435 4038 τε
444 3991 484 4038 καὶ
494 3993 632 4041 Ἰταλιωτῶν
645 3990 734 4055 κρότος.
746 3993 774 4041 lu
785 3991 911 4041 his‘verba
923 3992 962 4041 orl
975 3995 1004 4053 τῇ
1022 3990 1064 4051 ίση
1076 3991 1116 4038 καὶ
1129 3990 1200 4051 θμοίφ
1216 3987 1293 4049 διαίτη
1304 3986 1371 4037 idom
1383 3985 1522 4050 significant
1536 3984 1605 4048 quod
1618 3986 1724 4035 Joooues

129 4062 192 4111 dixit
208 4059 291 4111 verbis
305 4060 374 4121 ἄμφω
388 4062 494 4120 ἡγεῖσθαι
503 4066 544 4120 τῆς
560 4062 685 4124 Ῥωμαίων
699 4064 781 4126 ἀρχῆς,
792 4074 870 4125 eoque
880 4074 954 4111 sensu
964 4059 1074 4123 Procopii
1084 4060 1165 4107 locum
1175 4055 1473 4121 racleaocepitSIgonius.
1486 4055 1558 4118 Apud
1571 4059 1725 4133 anonymum

132 4131 219 4181 valesii
238 4130 350 4179 Odoacro
367 4129 520 4193 promittitur
530 4136 641 4195 occepta
649 4132 719 4197 fide,
736 4144 858 4183 σεουουοε
869 4144 897 4181 ιε
908 4143 960 4179 essc
974 4128 1008 4179 de
1017 4130 1157 4187 sanquine.
1175 4128 1205 4175 ln
1218 4125 1326 4176 Historia
1336 4124 1471 4175 miscellan.
1484 4127 1608 4205 Anonym3
1617 4121 1702 4172 lircob.
1717 4143 1724 4170 ι

132 4201 248 4252 οόοοαει
259 4202 288 4250 ia
298 4196 379 4262 fidem
396 4203 513 4265 ιυοερευε
526 4205 571 4252 est.
588 4202 659 4267 Apud
672 4202 820 4253 domandam
833 4204 869 4251 De
881 4204 936 4251 Get.
947 4200 1000 4249 reb.
1012 4200 1074 4263 gest.
1087 4210 1109 4245 c.
1124 4201 1153 4247 57
1164 4214 1171 4245 ε
1182 4196 1299 4246 odoacer
1310 4198 1389 4245 sntssa
1405 4194 1535 4257 teaallooe
1547 4204 1653 4243 οσαιαειι
1664 4204 1724 4254 ευρ·

129 4271 219 4333 plicat.
241 4271 290 4321 cui
300 4272 326 4320 et
342 4272 462 4335 priosum
475 4271 617 4323 concedens
637 4272 816 4331 Theodericus,
825 4272 995 4335 postmodum
1008 4270 1058 4319 nac
1074 4269 1133 4318 luce
1144 4269 1276 4330 priuauit.
1293 4267 1349 4317 vid.
1362 4268 1405 4316 Fr.
1417 4268 1510 4315 llurtcr
1521 4262 1668 4315 Gexdtctstr
1680 4262 1726 4311 des

129 4340 237 4403 scipulis.
256 4343 358 4402 Κοειύρσ
372 4340 543 4401 Theoderici,
558 4346 580 4403 1,
592 4357 620 4407 p.
641 4347 683 4392 toi
702 4357 755 4407 sqq.
769 4340 956 4403 (Schatsssansen
970 4342 1048 4403 1807).
1063 4340 1117 4402 1]-
1128 4336 1217 4400 κλιῐδα]
1229 4340 1292 4386 κλεῖν
1314 4349 1407 4399 margo.
1431 4335 1441 4397 it
1459 4360 1492 4371 -
1511 4332 1605 4397 Ὸκλὰν]
1627 4332 1725 4383 Tisian

130 4414 234 4462 vocatur
253 4424 293 4474 ap.
307 4411 392 4461 isidor.
405 4411 473 4475 llisp.
485 4411 577 4463 chron.
590 4427 632 4463 an.
647 4418 701 4465 olo.
714 4417 763 4463 lint
775 4416 819 4463 Oli
829 4414 916 4463 natum
928 4424 958 4460 ex
973 4412 1026 4472 θΕ,
1037 4413 1080 4459 ant
1093 4411 1133 4457 ΘΕ
1142 4420 1174 4457 εκ
1186 4410 1237 4457 oli.
1250 4406 1441 4470 θ-θιαφθείρει]
1450 4405 1603 4469 διαφθείρεται
1613 4402 1668 4486 cod.

161 4483 202 4530 Fr.
211 4479 298 4543 ilt,b.
312 4481 327 4544 3
341 4481 505 4545 αδηλατορίας
514 4482 597 4547 πάθος]
606 4484 733 4534 Deiotarus
746 4484 807 4534 urbe
822 4482 905 4547 pulsos
917 4495 972 4531 csse
983 4482 1058 4531 reteri
1070 4479 1145 4529 etiam
1158 4478 1292 4539 cedrenus,
1311 4490 1335 4541 p.
1354 4480 1408 4536 977,
1423 4478 1451 4526 c.
1471 4478 1509 4525 lte
1522 4477 1649 4524 Αυοεεωιο
1662 4470 1724 4557 besso

131 4565 206 4615 ronsp.
225 4550 410 4602 administrante
431 4552 462 4601 cl.
479 4554 597 4611 Ζοιιοιοε,
613 4567 639 4618 p.
664 4558 703 4617 is,
720 4556 749 4615 c,
762 4557 863 4618 Procop.
882 4555 910 4602 B.
923 4554 994 4603 Pers.
1012 4557 1034 4613 l,
1055 4556 1083 4600 lo
1105 4550 1184 4612 :spos
1197 4550 1242 4612 γὰρ
1262 4548 1439 4603 ἀνεπισκέπτως
1452 4547 1520 4595 οὐδὲν
1534 4545 1650 4628 mosara
1671 4558 1725 4592 ουτι

130 4623 214 4671 εἰώθει.
230 4620 350 4671 Theodor.
374 4624 440 4671 Loct.
461 4635 484 4686 p.
505 4628 560 4681 ooo,
575 4625 597 4671 D
616 4637 622 4666 =
638 4625 787 4682 Ἆναστόσιος
811 4625 926 4675 ἀνέστειλε
938 4625 966 4673 τὸ
983 4624 1142 4686 χρυσᾶργνςιον
1159 4620 1200 4667 καὶ
1220 4621 1250 4668 τὰ
1267 4621 1366 4678 ovidii&
1381 4619 1496 4677 ἔωσιν,
1514 4618 1555 4665 ἰαὶ
1572 4631 1613 4670 ³⁶<
1634 4614 1723 4674 ῦθλᾶθν

130 4691 212 4747 ὠνίους
226 4691 314 4751 uiam,
326 4697 413 4753 προῖκα
433 4699 552 4755 παρεῖχεν.
571 4695 607 4742 De
628 4694 725 4743 sublato
740 4696 898 4759 chrysargyro
909 4696 958 4753 (an.
971 4690 1027 4756 iol)
1038 4690 1112 4741 etiam
1123 4690 1244 4749 Euagrius
1252 4694 1275 4750 9,
1286 4692 1325 4748 99,
1338 4686 1434 4745 Malata.
1447 4700 1472 4749 p.
1483 4690 1538 4745 ooo,
1548 4681 1723 4745 Theophanes,

130 4760 170 4809 alii
188 4760 272 4811 mulii.
285 4761 415 4819 Quomodo
425 4764 511 4825 postea
527 4776 608 4813 mores
621 4763 775 4827 imperatoris
787 4765 811 4815 in
822 4766 891 4830 pejus
910 4764 1027 4826 abierint,
1040 4763 1123 4812 narrat
1139 4759 1245 4812 loannes
1261 4762 1292 4810 tr.
1303 4766 1347 4811 uls
1369 4757 1596 4822 (excussionis.
1610 4757 1665 4803 ott.
1680 4751 1718 4802 Gt.

130 4831 260 4881 ‘irllemoot
268 4834 336 4882 Ilist.
348 4832 393 4882 des
407 4846 503 4897 emper.
515 4840 538 4895 o,
551 4846 575 4895 p.
586 4836 644 4883 599.

162 4903 177 4962 §
191 4908 218 4951 ε.
231 4902 364 4953 Marcellin.
378 4902 469 4953 chron.
481 4918 519 4953 nu.
532 4907 587 4967 lul,
597 4904 696 4967 Olybrio
708 4907 760 4957 solo
775 4906 874 4956 consulo
892 4927 898 4955 ι
911 4905 1065 4956 Anastasius
1079 4915 1113 4952 es·
1123 4900 1268 4953 silentiario
1280 4901 1427 4963 imperator
1440 4894 1544 4977 creatus
1561 4893 1608 4975 ast.
1618 4891 1724 4975 Bellum

131 4970 343 5032 plcoejumintcr
356 4975 514 5035 Byzantinos
524 4976 623 5035 ortum,
630 4988 746 5039 parsque
763 4975 832 5027 urbis
844 4976 964 5039 plurima
985 4976 1138 5039 atquccirct
1154 4975 1213 5035 tasse
1232 4968 1373 5020 combusta.
1390 4970 1427 5015 lie
1445 4966 1519 5028 Ιιυιιιο
1536 4976 1593 5013 anm
1606 4962 1686 5013 turbu
1699 4976 1724 5011 rn

131 5039 197 5089 circo
217 5040 281 5091 natis
294 5040 351 5090 alibi
362 5042 421 5091 nihil
435 5042 538 5093 invenio.
552 5042 643 5093 Similia
652 5056 711 5093 vero
720 5045 859 5095 acciderunt
868 5058 906 5095 an.
922 5044 1050 5096 4999919
1063 5043 1217 5095 Marcellinus
1227 5040 1388 5098 adnomen,
1403 5036 1492 5086 Chron.
1504 5034 1616 5085 Paschal.
1627 5048 1652 5097 p.
1663 5036 1723 5094 ool,

130 5109 225 5173 Μείαίε,
233 5124 258 5174 p.
270 5115 323 5173 θθί,
334 5112 382 5161 alii.
396 5113 406 5175 ll
418 5139 447 5149 -
457 5113 597 5178 ὠθήσαντες]
612 5113 738 5173 ἀθήταντες
752 5115 841 5166 codex.
858 5116 869 5180 ΙΙ
883 5142 914 5153 -
930 5116 1007 5165 καίτοι
1020 5114 1131 5179 πολλῶν].
1151 5112 1235 5163 Oratio
1249 5108 1378 5160 claudicat.
