3809 5859
423 328 669 399 uticentibus
688 332 819 394 ANNUS
839 334 891 395 lX.
913 335 992 397 6967
1015 333 1194 413 (idbbldbt)
1211 336 1244 397 P.
1268 336 1325 413 C.).
1616 342 1672 401 tut

66 460 284 541 δυνάμενον,,έτι
296 460 323 520 δὲ
336 460 382 519 καὶ
391 460 534 542 Ἀρμενίων
547 462 606 530 τοίς
621 465 667 521 ἀπ’
681 467 754 544 αὐτῷ
768 466 845 525 δυνα·
900 470 982 524 ταῦτα
997 464 1083 525 πάντα
1098 466 1168 528 κατδι
1179 468 1308 541 σπουδήν,
1323 468 1452 548 ἄρχοντας
1463 468 1608 541 ἀπιστήσας
1620 475 1673 539 τοῖς

63 551 201 617 τωτάτους
214 572 242 608 τε
261 549 307 609 καί
321 548 430 631 εύπορίορ
445 550 490 609 καί
504 554 609 630 πλούτῳ
624 551 670 611 καῖ
684 551 790 631 τέχναις
800 552 845 611 καί
899 550 983 630 ἔργοις
1003 552 1061 621 τούς
1087 554 1290 633 ἰμπειροτάτους
1316 578 1345 614 τε
1372 556 1417 615 καὶ
1442 558 1671 625 σπουδαιοτάτους,

63 638 122 703 τοῖς
145 637 235 705 ἄλλοις
259 638 451 714 ἰπιτηδεύμασι
477 639 645 721 διαφέροντας
673 641 719 699 καί
743 639 776 712 δή
800 640 845 701 καί
901 640 935 721 (t)
950 637 1092 720 Ἔγνωστσ
1105 643 1156 724 γάρ
1177 645 1251 724 αὐτῷ
1266 640 1308 701 διά
1329 643 1435 703 πάντων
1459 646 1671 725 αὐταρκεστάτην
1731 667 1734 676 ·

63 724 117 799 τήν
131 724 204 795 τάξιν
224 724 384 808 ἐμπορικοὺς
403 726 505 794 πάντας
523 727 673 799 ἀναστήσας
693 733 740 798 τῆς
760 732 845 789 αὐτῶν
899 752 928 788 τε
947 730 993 791 καί
1011 732 1202 804 δυνατωτάτην,
1217 734 1351 813 ἀποφῆναι
1368 730 1415 803 τήν
1434 734 1510 793 πεθιιν
1523 734 1569 794 καί
1586 726 1629 795 οἷα
1642 737 1672 795 τὸ

63 813 210 890 μετοικίζει
225 815 337 873 tinette
350 856 358 887 ,
373 815 403 873 ού
423 812 501 891 μόνον
522 815 566 889 δέ,
589 814 658 877 ἀλλά
679 816 725 877 καί
737 819 789 874 τῶν
801 817 846 877 ἀπ’
899 818 1013 879 παλαιὸν
1025 810 1057 891 ἦν
1071 818 1099 879 έν
1117 844 1146 879 τε
1165 819 1274 897 δυνάμει
1287 820 1335 879 καὶ
1350 820 1456 901 πλούτῳ
1476 823 1522 881 καί
1547 822 1607 901 δόξη
1628 825 1673 882 καί

62 905 141 982 αὐτῷ
155 902 243 961 ἀλλων
263 906 344 981 γενῶν
370 901 429 970 τοὺς
451 903 590 973 τοιούτους.
632 905 666 984 (ε)
680 901 795 967 Ἔπειτα
818 903 845 965 δί
900 907 1058 985 ἐπιστήμαις
1075 910 1121 969 καί
1136 907 1241 990 τέχναις
1262 910 1307 968 καὶ
1330 919 1411 969 πᾶσιν
1432 910 1522 977 ἀλλοις
1536 910 1672 983 ἐπιτηδεύ-

63 988 229 1070 ξυγκαλέσας
245 989 347 1059 πάντας
359 991 419 1057 τοῖς
432 994 459 1053 ἰν
471 992 540 1053 τέλει
553 993 599 1053 καί
613 992 681 1073 μέγα
698 991 845 1073 παράύτῷ
899 996 966 1072 μασί
982 1021 1009 1056 τε
1024 997 1070 1056 καί
1090 997 1288 1078 παραδείγμασι
1303 1001 1354 1056 τῶν
1371 1001 1459 1059 καλῶν
1479 999 1524 1058 καί
1538 1000 1672 1075 δημοσίοις

62 1078 225 1157 δυναμένους
236 1078 282 1137 καί
293 1077 400 1160 πλούτῳ
413 1080 505 1161 πολλῷ
519 1081 564 1142 καί
578 1081 687 1163 εύπορίφ
697 1084 844 1161 κομῶντας,
899 1082 1051 1151 καὶκοενοῖς
1064 1084 1260 1163 οἰκοδομήμασί
1273 1109 1301 1146 τι
1314 1085 1360 1145 καὶ
1376 1086 1538 1160 ἀναθήμασι.
1564 1136 1567 1143 .

61 1167 167 1227 κελεύει
182 1166 307 1246 λαμπράς
320 1190 348 1227 τε
366 1166 451 1237 οἰκίας
463 1170 609 1247 οἰκοδομεῖν
630 1172 657 1229 ἰν
674 1174 707 1248 τῇ
722 1161 844 1250 πέλτηή
937 1170 1003 1235 ΧΗ.
1026 1170 1082 1232 Ξὺν
1097 1173 1181 1255 τούτῳ
1201 1172 1229 1234 δέ
1249 1172 1295 1233 καὶ
1317 1173 1514 1252 Μαχουμούτης
1528 1176 1542 1233 θ
1557 1179 1605 1245 τῆς
1621 1176 1672 1235 Εὖ·

62 1258 176 1325 έκαστυς
202 1255 337 1336 βούλοιτο,
351 1256 398 1315 καῖ
422 1258 550 1338 βαλανεῖα
573 1259 776 1328 κατασκευάζειν
797 1258 845 1317 καί
899 1256 988 1337 ρύπης
1011 1258 1135 1338 ήγεμδον,
1151 1258 1257 1338 πρῶτός
1273 1283 1302 1319 τε
1324 1258 1361 1319 ιδν
1383 1264 1435 1319 τῶν
1458 1262 1521 1341 παρ’
1535 1263 1606 1342 αὐτῷ
1627 1262 1672 1321 καλ

62 1347 213 1425 πανδοχεῖα
232 1345 280 1403 καί
298 1343 394 1425 ἀγοράς
414 1343 460 1405 καί
480 1346 641 1427 ἐργαστήρια
662 1348 774 1406 πλεῖστα
797 1346 842 1405 καλ
898 1349 968 1424 μέγα
981 1348 1120 1423 δυνάμενος
1131 1346 1347 1423 μετάύτθν,καί
1360 1352 1411 1409 τῶν
1426 1349 1492 1409 ύλιεν
1506 1350 1671 1429 πραγμάτοιν

63 1435 196 1494 κάλλιστα
202 1474 212 1505 ,
227 1430 291 1499 νειίις
307 1454 336 1497 τε
356 1432 499 1513 ἀνεγείρειν
518 1434 563 1493 καῖ
585 1434 659 1514 ίερά,
672 1433 719 1493 καί
737 1434 844 1500 πολλοῖς
897 1435 944 1504 τῆς
965 1434 1049 1515 ἀρχῆς
1069 1433 1247 1511 ἐπιμελητὴς,
1264 1434 1328 1493 νεών
1344 1458 1376 1494 ,τε
1402 1435 1529 1516 ἀνεγείρει
1543 1436 1671 1513 ,μέγιστον

64 1527 156 1590 ἀλλοις
169 1521 292 1595 τοιούτοις
306 1521 431 1598 ἀγάλλειν
443 1521 527 1595 αὐτὴν
543 1522 590 1583 καί
598 1531 720 1599 κοσμεῖν,
734 1524 843 1602 μηδενὸς
897 1520 943 1579 καὶ
956 1520 1195 1601 περικαλλέστατον
1207 1524 1234 1580 ἐν
1246 1521 1359 1603 ἀπόπτῳ
1371 1526 1416 1595 τῆς
1427 1524 1542 1596 πόλεως,
1552 1524 1631 1590 λίθοις
1644 1548 1672 1584 τι

63 1610 250 1695 φειδομένους,
263 1612 299 1678 ὡς
322 1608 434 1679 ἕκαστος
457 1610 580 1690 εὐπορίας
593 1610 648 1690 ἔχει
661 1632 690 1668 τε
704 1610 750 1670 καί
765 1610 842 1669 δυνά·
897 1608 1035 1691 διαφανέσι
1046 1608 1091 1667 καί
1103 1609 1252 1691 μαρμάροις
1262 1612 1446 1691 ἀστράπτοντα
1457 1612 1502 1671 καί
1512 1612 1604 1672 κιόνων
1616 1613 1672 1693 ὥρας

63 1724 146 1778 μεως.
189 1700 223 1778 (ε)
236 1695 292 1759 Καὶ
307 1696 383 1763 αάτδς
397 1697 426 1757 δὲ
440 1696 484 1757 τὸν
496 1698 637 1758 κάλλιστον
650 1695 843 1774 ἀπολεξάμενος
896 1721 926 1757 τε
939 1698 986 1757 καί
1001 1696 1103 1776 μεγέθει
1114 1698 1353 1777 διαπρεπέστατον,
1365 1699 1403 1759 ἔτι
1414 1698 1442 1757 δέ
1455 1704 1570 1779 γραφικῇ
1584 1724 1613 1759 τε
1627 1703 1672 1761 καί

60 1792 150 1869 χῶρον
169 1789 195 1846 ἰν
219 1786 287 1865 μίση
302 1786 424 1866 τῇπολει
439 1784 485 1844 καλ
499 1786 601 1859 μᾶλλον
611 1789 664 1845 τῶν
678 1784 766 1843 ἀλλων
781 1783 841 1843 ἀνί·
897 1788 1011 1866 γλυφικῇ
1025 1785 1107 1866 τέχνῃ
1122 1787 1209 1853 καλῶς
1222 1786 1392 1863 ἠσκημένον,
1408 1788 1452 1845 καί
1474 1791 1565 1868 χρυσῷ
1582 1790 1672 1870 πολλῷ

60 1900 162 1957 χσντα,
177 1875 243 1935 νεόιν
264 1896 293 1933 τε
317 1872 459 1953 ἀνεγείρειν
479 1874 506 1931 ἰν
528 1872 613 1954 τούτῳ
631 1870 731 1933 κελεύει
744 1880 797 1939 τοῖς
815 1874 841 1932 ἰν
899 1874 944 1933 καῖ
959 1872 1064 1954 ἀργύρῳ
1075 1874 1388 1950 καταλαμπόμενον,καί
1403 1877 1510 1942 πολλοῖς
1524 1875 1568 1935 καλ
1583 1877 1672 1943 καλοῖς

61 1967 132 2045 αὐτῇ
151 1961 351 2044 προϋπάρχουσι
366 1960 497 2039 μεγίστοις
513 1985 543 2021 τε
561 1962 607 2020 καὶ
623 1960 772 2025 καλλίστοις
789 1963 842 2019 τῶν
897 1961 985 2028 ἀλλοις
996 1960 1173 2039 κοσμούμενον
1184 1960 1277 2042 δώροις
1285 1986 1314 2021 τε
1326 1962 1371 2022 καί
1382 1963 1534 2042 ἀναθήμασι
1544 1965 1588 2023 καί
1598 1967 1672 2045 φιλο·

62 2056 132 2113 νεῶν
141 2054 327 2131 ἁμιλλώμενον
338 2052 363 2117 i<
373 2048 436 2130 ύψος
444 2049 490 2108 καλ
499 2051 595 2118 κάλλος
607 2050 652 2110 καλ
662 2048 841 2126 μέγεθος,καί
895 2049 1043 2127 τιμήμασι.
1099 2049 1133 2131 (α)
1157 2052 1223 2130 Περὶ
1247 2050 1324 2111 αιἰτθν
1339 2050 1374 2110 δί
1401 2054 1601 2133 πτωχοτρσφάῖα
1627 2054 1672 2111 καί

62 2141 129 2207 ὕλας
142 2140 272 2217 ξυλλέγειν
287 2160 316 2198 τε
329 2138 374 2198 καί
388 2138 532 2216 ἑτοιμάζειν
547 2137 612 2217 πρὸς
627 2142 704 2196 τούτο
717 2136 843 2203 παντοίας
896 2140 1042 2219 πανδοχεῖα
1060 2140 1251 2209 κατασκευάζει
1266 2139 1312 2199 καὶ
1328 2139 1425 2218 λουτρά
1443 2139 1584 2220 φιλοτίμως
1603 2140 1671 2219 ἀγαν

61 2252 93 2289 τε
116 2232 163 2289 καὶ
188 2227 346 2302 καλλίστας,
370 2226 519 2307 μαρμάρινον
542 2250 571 2285 τε
595 2228 642 2287 καὶ
661 2225 741 2285 λίθων
754 2226 840 2285 ἄλλων
896 2225 921 2293 ές
934 2250 964 2285 τε
979 2224 1070 2306 χρείαν
1085 2227 1131 2285 καί
1142 2226 1238 2293 κάλλος
1252 2225 1309 2302 άμα
1328 2228 1375 2286 καὶ
1394 2228 1502 2305 μέγεθος
1519 2228 1668 2304 ἠσκημένα.

62 2318 200 2398 διαφανῶν
214 2317 261 2377 καὶ
275 2315 386 2394 τιμίων,
399 2314 437 2373 ίτι
459 2312 487 2373 δέ
508 2315 602 2374 κιόνων
625 2317 723 2387 πλῆθος
737 2312 841 2391 μεγέθει
896 2314 968 2393 Πρός
982 2315 1009 2374 δέ
1028 2315 1128 2389 τούτοις
1148 2315 1230 2382 οἰκίας
1244 2338 1271 2374 τε
1288 2314 1416 2396 λαμπράς
1436 2318 1574 2394 οἰκοδομεῖ
1587 2320 1671 2397 ἑαυτῷ

62 2404 111 2463 καὶ
126 2406 218 2465 κάλλει
233 2403 423 2485 διαφερόντων,
439 2401 486 2461 καί
499 2402 606 2484 σίδηρον
624 2402 670 2462 καί
687 2400 787 2481 χαλκόν
800 2401 841 2459 δτι
894 2401 940 2462 καί
955 2403 1177 2473 πολυτελεῖς,καί
1199 2403 1373 2483 παραδείσους
1384 2396 1488 2484 φυτεύει
1502 2404 1563 2484 περὶ
1577 2404 1672 2477 αιἰτάς,

61 2494 187 2551 πλεῖστον
204 2491 250 2551 καί
265 2492 394 2568 μόλυύθον
409 2489 455 2550 καί
468 2489 556 2563 πάσην
572 2490 656 2562 ἀλλην
670 2487 736 2562 ἀλην
749 2488 841 2561 ἐπιτή·
894 2490 1028 2558 παντοίοις
1042 2495 1178 2565 κομῶντας
1195 2498 1283 2570 φυτοῖς
1297 2489 1325 2556 ές
1336 2514 1364 2549 τε
1375 2488 1453 2570 χάριν
1465 2489 1510 2552 καί
1523 2492 1614 2572 τέρψιν
1626 2494 1671 2550 καὶ

64 2580 146 2643 θειον.
191 2581 226 2663 (ε)
239 2576 304 2641 'Ero
320 2579 347 2640 δὲ
360 2578 407 2638 καί
421 2578 545 2658 βασίλεια
558 2579 704 2656 οἰκοδομεῖν
716 2572 840 2645 ἀπέταξεν
896 2576 1041 2637 ἀπόλαυσιν
1056 2576 1176 2648 ἱκανούς,
1204 2576 1249 2636 καί
1263 2577 1366 2638 ὑδάτων
1380 2578 1509 2659 ἀφθονίαν
1524 2574 1612 2653 ἰαάγει
1625 2578 1671 2638 καλ

60 2667 108 2725 ἰπλ
120 2672 168 2740 τῆς
181 2668 246 2750 πρὸς
258 2666 394 2728 θάλασσαν
408 2664 555 2745 ἀνεχούσης
573 2666 655 2746 ἀκρας
668 2671 715 2725 τοῦ
727 2667 841 2726 παλαιοῦ
895 2663 983 2725 πολλά
997 2671 1104 2725 τοιαῦτα
1117 2673 1203 2743 ποιεῖ,
1216 2664 1342 2743 ἑπόμενός
1359 2688 1388 2724 τε
1402 2672 1436 2747 τῇ
1450 2672 1496 2725 τοῦ
1517 2672 1672 2745 κρατοῖιντος

62 2755 228 2830 Βυζαντίου,
243 2755 355 2833 κρείττω
365 2763 419 2822 τοῖς
429 2752 499 2821 θλοις
510 2755 556 2813 καί
567 2754 770 2832 θαυμαστότερα
787 2756 839 2811 τῶν
894 2752 989 2835 γνώμη
1013 2754 1147 2833 κατάκρας
1170 2754 1216 2819 καὶ
1247 2753 1304 2830 ἅμα
1319 2758 1437 2831 ἶαοσμῶν
1461 2754 1506 2814 καὶ
1528 2752 1604 2821 αύτθς
1623 2754 1671 2825 τήν

58 2844 196 2924 προτέρων
216 2842 272 2923 nipe
295 2866 324 2901 τε
346 2841 393 2903 καί
416 2841 519 2922 μεγέθει
546 2842 592 2903 καλ
618 2841 775 2921 πολυτελείας
793 2839 839 2902 καί
894 2844 971 2902 πολιν
988 2846 1024 2911 ὡς
1038 2841 1148 2901 δυνατὸν
1165 2841 1241 2908 ἰδίαις
1260 2864 1289 2901 τε
1303 2842 1433 2908 δαπάναις
1447 2842 1492 2902 καὶ
1515 2841 1672 2917 ἀναλώμασι

59 2933 170 3013 χάριτι,
183 2933 247 3013 πρδς
262 2931 289 2990 δέ
298 2931 398 2998 τούτοις
406 2929 502 3011 νεώρια
512 2929 717 3000 κατασκευάζειν
726 2931 839 2989 πλεῖστα
894 2932 940 2992 καί
963 2932 1148 3013 κοινωφελίσιν
1167 2930 1361 3008 οἰκοδομήμασί
1382 2952 1412 2991 τι
1434 2931 1479 2990 κοιλ
1506 2930 1668 3007 ἀναθήμασι.

59 3020 109 3079 καί
125 3020 256 3080 κάλλιστα
278 3020 304 3086 ἰς
321 3017 455 3098 ύποδοχήν
474 3042 503 3080 τε
521 3020 585 3078 νεῖον
606 3017 652 3078 καί
666 3020 719 3076 τέἰν
741 3017 840 3079 τούτων
933 3020 1015 3079 Xlll.
1038 3018 1116 3079 Μιτά
1125 3024 1209 3078 ταῦτα
1222 3016 1249 3077 δί
1260 3019 1306 3079 καλ
1318 3018 1430 3099 τριήρεις
1443 3022 1458 3078 θ
1470 3016 1591 3099 βασιλεὺς
1605 3038 1671 3075 παν-

60 3109 236 3179 ἀποσκιυῶν,
249 3108 336 3173 οἴκους
349 3129 379 3165 τε
391 3107 537 3183 οἰκοδομεῖν
551 3105 732 3187 ἰχυρωτάτους
748 3129 776 3164 τε
793 3106 839 3165 καί
893 3116 978 3189 ταχοῦ
994 3111 1042 3179 τῆς
1065 3108 1144 3167 niret
1158 3106 1348 3186 ναυπηγεῖσθαι
1369 3106 1488 3179 κελεύει,
1502 3106 1532 3165 τθ
1554 3108 1601 3175 τῆς
1622 3108 1670 3162 θα-

61 3194 202 3274 μεγίστους
216 3197 242 3263 ές
256 3194 376 3276 φυλακήν
386 3194 475 3254 ἀπλων
490 3218 519 3253 τε
531 3195 578 3253 καί
593 3197 719 3276 μηχανῶν
731 3193 777 3253 καί
786 3198 838 3255 τῶν
892 3198 994 3270 λάσσης
1016 3195 1110 3277 κράτος
1133 3193 1206 3261 εἰδὼς
1226 3197 1368 3274 ἀναγκαῖόν
1386 3218 1415 3255 τε
1428 3194 1457 3255 δν
1471 3195 1544 3273 αύτῷ
1562 3192 1608 3253 καί
1617 3193 1670 3265 ,τὴν

60 3286 151 3343 ἄλλων
168 3284 302 3345 τοιούτοιν.
350 3284 385 3365 (e)
407 3284 462 3345 Καὶ
483 3284 552 3343 άλλα
572 3282 604 3355 δὴ
624 3283 719 3343 πολλθι.
730 3289 839 3345 τοιαῦτα
895 3287 994 3358 ταύτης
1008 3284 1094 3365 ἀρχὴν
1108 3284 1154 3343 καλ
1169 3283 1286 3362 μάλιστα
1302 3283 1333 3357 δὴ
1349 3284 1375 3343 έν
1399 3307 1429 3363 γε
1449 3292 1507 3351 ταῖς
1527 3282 1671 3363 ύπιρορίοις

61 3371 173 3441 ἰπέταξε
195 3371 314 3453 γίνεσθαι
332 3374 431 3450 κόσμον
451 3397 481 3432 τε
503 3376 538 3453 τῇ
561 3374 637 3434 πόλει
660 3370 772 3453 φέροντα
794 3371 840 3433 καί
895 3372 1145 3455 ἰκστρατείαις·καί
1165 3372 1217 3451 γάρ
1239 3371 1299 3453 ήδεε
1313 3376 1363 3433 κάν
1390 3382 1443 3439 τοῖς
1463 3370 1574 3451 πρόσθεν
1587 3369 1671 3450 έργοις

61 3460 155 3531 καινήό
166 3461 312 3538 ἀφέλειαν,
326 3460 435 3542 προσέτι
447 3463 475 3521 δί
489 3464 535 3522 καὶ
546 3462 638 3542 χρείαν
652 3462 801 3541 ἀναγκαίαν
813 3462 840 3531 ἀς
895 3464 968 3542 αύτῷ
988 3460 1022 3521 τά
1039 3460 1151 3538 μέγιστα
1176 3458 1360 3539 ξυνενεγκόντα
1381 3458 1426 3519 τδν
1446 3460 1514 3519 κατά
1531 3461 1669 3519 θάλασσαν

61 3570 93 3608 τε
112 3548 171 3616 τοὺς
190 3548 322 3628 πολέμους
340 3549 386 3609 καί
406 3548 453 3616 τάς
474 3550 562 3629 μάχας
576 3552 664 3631 αὐτῷ,
681 3551 796 3629 γίνεσθαι
811 3550 839 3611 δέ
895 3549 1001 3611 στόλον·
1014 3547 1083 3608 ἀλλὰ
1097 3549 1129 3620 δὴ
1143 3549 1188 3607 καί
1201 3552 1253 3607 τῶν
1264 3548 1350 3615 πάλαι
1366 3548 1495 3627 βασιλέοιν
1507 3546 1613 3613 τούς-τά
1625 3544 1671 3622 μέ·

61 3760 134 3801 νησον
143 3744 326 3808 στρατεύεσθαι,
342 3746 402 3809 μετὰ
415 3746 442 3794 θλ
455 3745 598 3808 ἀφικόμενος
610 3746 633 3803 ἰς
646 3748 769 3803 Βυζάντιον
784 3747 824 3794 καὶ
835 3746 859 3801 ἀς
868 3747 912 3804 τήν
925 3744 1006 3796 Ἀσίαν
1016 3745 1099 3799 διαθάς
1109 3746 1207 3799 ἤλαυνεν
1222 3744 1260 3792 ἰπὶ
1275 3744 1401 3805 Ἄμαστριν
1416 3742 1458 3798 τῆν’
1470 3740 1577 3789 ’tmotm
1591 3738 1668 3788 πόλιν.

61 3816 92 3865 tu
105 3813 145 3863 bis
157 3815 249 3865 erravit
260 3817 347 3865 unctor
357 3814 513 3866 semenderm
520 3814 669 3867 deditionem
681 3818 713 3867 nrt
727 3830 819 3867 annum
833 3819 892 3867 1459
908 3816 1032 3875 reterens,
1047 3818 1073 3864 ot
1082 3816 1149 3865 reete
1161 3813 1220 3864 buio
1234 3824 1297 3863 enno
1317 3811 1464 3872 Amastridis
1477 3810 1667 3875 Ιιιοριιμείἰοιισιιι

61 3884 183 3937 vindicari
193 3898 209 3935 e
220 3883 345 3937 Critobulo
356 3885 490 3949 collegeris.
503 3887 651 3937 ttemmerus
666 3887 767 3950 qrridem
780 3893 804 3946 2,
816 3899 841 3950 p.
854 3892 885 3936 stt
897 3900 957 3936 eum
971 3899 1049 3949 eoque
1062 3886 1218 3936 zintteisenus
1236 3890 1259 3943 2,
1277 3898 1301 3947 p.
1316 3886 1360 3933 337
1375 3882 1400 3931 in
1413 3881 1500 3933 endem
1514 3879 1670 3945 expeditione

63 3956 121 4005 anni
135 3959 191 4005 1461
203 3959 259 4007 tum
277 3955 401 4007 Amastrin
413 3961 467 4005 turn
480 3956 586 4020 sinopen
597 3960 623 4007 et
639 3958 816 4023 Trepeeuntem
834 3956 949 4007 snbeetm
962 3969 1016 4006 esse
1038 3957 1178 4021 opinantur,
1188 3954 1290 4019 ejusque
1310 3952 1439 4003 sententie
1452 3950 1624 4016 argumentum
1638 3964 1669 4001 ex

63 4038 95 4075 eo
107 4025 254 4076 Hammerue
266 4027 369 4091 repetit,
381 4024 448 4089 qnod
460 4038 546 4075 omues
559 4030 673 4077 mounes
686 4028 784 4078 Tureiei
796 4028 847 4076 ue
865 4026 919 4078 tiles
937 4026 1012 4077 nrbes
1028 4026 1114 4077 eodem
1132 4038 1195 4075 enno
1210 4026 1346 4088 oooupntus
1364 4036 1418 4074 esse
1436 4020 1574 4097 perhibent.
1586 4024 1621 4072 dt
1633 4022 1670 4071 vis

62 4092 138 4157 hujus
148 4097 286 4156 argumenti
294 4108 325 4145 eo
334 4095 483 4160 infringitur,
492 4096 560 4158 qnod
571 4110 662 4148 annum
674 4098 746 4148 ilium
758 4099 833 4149 tuisse
847 4100 891 4148 664
905 4098 1003 4162 Hegirm
1015 4098 1068 4147 sive
1080 4102 1139 4147 1459
1150 4110 1175 4161 p.
1192 4096 1250 4145 cbr.
1265 4092 1387 4159 μισθυοτες
1401 4092 1427 4143 td
1436 4092 1501 4143 enim
1511 4094 1539 4141 ut
1550 4090 1582 4141 de
1593 4093 1667 4141 Amu-

62 4165 148 4217 ntridis
160 4166 284 4218 dedItioue
298 4171 366 4217 reete
378 4166 526 4227 traderetur,
538 4167 575 4218 sie
588 4167 689 4219 minime
699 4170 805 4232 quadret
816 4169 841 4220 iu
851 4170 957 4233 Sinopen
968 4171 994 4218 et
1003 4170 1194 4233 Trapezuntem,
1205 4180 1267 4230 ques
1275 4176 1340 4216 anno
1351 4168 1407 4215 1461
1419 4147 1555 4218 domuum
1566 4162 1669 4227 imperio

64 4236 193 4297 rdjunetns
204 4250 260 4287 eme
269 4237 364 4301 liquido
375 4240 480 4287 constet.
491 4237 585 4288 Deinde
596 4252 656 4289 vem
666 4252 715 4289 non
726 4240 748 4289 is
758 4242 797 4289 εει
810 4239 958 4303 scriptorum
967 4238 1127 4289 Turoieorurn
1138 4250 1272 4287 consensus
1285 4248 1358 4299 quem
1370 4234 1430 4285 dieii
1441 4235 1597 4284 ttnmmerus.
1607 4232 1669 4282 tium

64 4306 245 4367 Seededdinus,
257 4320 332 4370 quen
344 4320 422 4356 unum
433 4320 478 4369 mo
490 4306 516 4357 in
527 4308 644 4358 itmtuttii
656 4308 769 4358 versione
778 4306 860 4372 legere
871 4308 956 4373 potui,
966 4306 1146 4372 expeditionem
1159 4310 1243 4357 eontra
1257 4300 1403 4364 mistum,
1420 4302 1491 4367 errius
1510 4305 1608 4367 tempus
1620 4315 1668 4351 non

63 4376 169 4437 indicet,
182 4376 312 4442 distinguit
325 4378 358 4429 eb
372 4376 527 4441 expeditione
538 4382 625 4429 eontra
635 4380 749 4444 sinopem
761 4382 787 4429 et
797 4382 974 4444 Tropauntuu
984 4376 1057 4444 (enno
1066 4382 1112 4430 664
1124 4380 1186 4443 tieg.
1197 4378 1259 4428 tuso
1270 4375 1421 4437 attributum>
1429 4392 1437 4437 ;
1446 4388 1502 4425 num
1518 4374 1550 4428 nb
1562 4373 1670 4423 Amastri

64 4446 228 4501 tieebemetee
239 4447 341 4497 domum
361 4447 448 4507 rediit,
459 4448 525 4497 sieut
546 4447 758 4512 tibntoomndytos
771 4462 869 4513 qnoque
887 4451 979 4499 narret.
999 4450 1080 4501 verbe
1104 4447 1252 4501 sendeddini
1273 4446 1328 4497 hmo
1343 4448 1402 4495 sunt
1420 4460 1445 4509 p,
1459 4448 1501 4497 194
1515 4462 1522 4493 ε
1536 4445 1574 4493 ιο
1585 4441 1667 4507 prate

64 4518 148 4581 (eittd)
167 4531 249 4583 prere
261 4522 287 4569 et
297 4518 465 4583 preridr'ote,
477 4518 499 4568 it
511 4532 541 4569 re
552 4520 657 4569 ritorno
677 4521 734 4571 utta
748 4534 798 4571 ευα
814 4520 874 4571 reni
892 4519 1039 4574 resideam.
1054 4519 1291 4582 numerorum
1308 4513 1345 4567 bo
1361 4517 1468 4576 scritto,
1480 4512 1529 4565 ebe
1544 4512 1667 4563 tenendo

64 4588 86 4639 tt
98 4601 128 4637 re
139 4602 217 4652 prere
227 4588 485 4649 Amuubemrundd
498 4590 559 4651 quel
569 4590 695 4653 principe
711 4602 761 4640 con
774 4590 804 4640 te
814 4603 865 4641 ευσ
877 4590 987 4654 monite,
997 4586 1122 4655 fipttuoti,
1135 4588 1228 4641 baroni
1240 4590 1265 4637 et
1276 4585 1353 4637 robbe
1368 4600 1386 4636 α
1403 4584 1641 4646 θοοιιίατιίίποροιί,
1655 4595 1670 4631 ε

64 4660 122 4724 [ece
131 4663 281 4725 πατρωίαν
290 4660 324 4726 οἱ·
333 4661 466 4714 habitanti
479 4661 521 4711 oet
532 4674 610 4725 paese
623 4660 787 4723 d'Aebloeon
798 4660 846 4711 σίζ’
856 4662 1000 4712 amonstro.
1011 4660 1134 4724 Deinceps
1146 4660 1231 4711 narret
1246 4656 1338 4709 betium
1354 4660 1440 4707 eontra
1458 4654 1558 4719 sinopes
1569 4656 1596 4704 et
1605 4654 1667 4703 'rra-

65 4730 176 4794 pauus
186 4730 317 4795 principe.
331 4734 367 4780 ιιι
384 4731 546 4782 inermen
561 4732 705 4795 munuum
718 4730 831 4783 atonem
845 4731 878 4783 ιι.
897 4731 1012 4783 cuum.
1028 4746 1053 4797 p.
1069 4735 1116 4781 ιιο
1129 4744 1136 4775 =
1151 4730 1293 4795 εῳοεωι
1307 4729 1333 4779 ιι
1350 4729 1482 4789 πνουν,
1494 4729 1522 4777 τὸ
1536 4724 1579 4789 μὲν
1592 4724 1668 4788 τοίαν

67 4802 133 4864 μέρος
144 4802 217 4851 αὐτοῦ
230 4803 368 4852 καταλιπὼν
381 4803 406 4852 ἐν
418 4808 449 4866 τῇ
463 4801 545 4864 πόλει,
558 4804 600 4859 τὰς
615 4803 641 4853 δί
659 4803 702 4853 δύο
715 4802 799 4865 μοίρας
817 4802 913 4865 ἀγαγὼν
927 4808 969 4862 τῆς
981 4803 1071 4857 πόλεως
1081 4802 1105 4857 ῖς
1114 4801 1239 4859 Βυζάντιον
1250 4801 1383 4862 κατῴκισε,
1394 4798 1434 4847 καί
1445 4814 1508 4861 τινας
1521 4801 1569 4847 τῶν
1578 4794 1674 4846 παίδων·

67 4872 137 4921 amori
148 4877 189 4930 τῆς
202 4872 293 4928 πόλεως
308 4872 440 4933 ἐξεῖὸμανας
452 4873 531 4934 ἰαυιῷ
545 4872 667 4934 ἐκομίζετο
682 4874 720 4923 ἀπ’
730 4872 807 4922 οίιιου.
824 4873 930 4923 Geusom
947 4873 1021 4936 buius
1041 4872 1204 4936 expeditionis
1216 4868 1289 4919 etiem
1303 4866 1470 4919 Seededditius
1490 4864 1579 4925 tradit,
1595 4862 1668 4917 urm

67 4940 280 5005 (ibeieoeondylns.
298 4942 310 5005 i
323 4970 354 4979 —
365 4943 380 5006 §
392 4948 416 4993 4.
427 4942 500 5007 νεών]
511 4945 549 4995 De
563 4943 657 5006 tempto
669 4943 829 4995 bteebemetis
840 4944 932 4995 ευΙεεοῖ
942 4958 967 4994 r.
979 4946 1095 4993 ttommer
1105 4943 1123 4992 t.
1138 4942 1155 4991 t.
1165 4955 1191 5005 p.
1202 4944 1231 4991 7³
1248 4944 1273 4991 et
1285 4938 1422 4989 Constant.
1435 4950 1462 4988 ιε.
1478 4934 1526 4987 der
1536 4938 1668 4999 bosporus

69 5016 91 5072 1,
103 5025 129 5076 p.
141 5016 186 5063 667
198 5025 253 5077 sqq.
266 5013 422 5063 ttrebiteetue
432 5014 486 5077 eius
497 5011 668 5065 cbristodutos
678 5016 781 5065 creone
791 5013 845 5066 tuit.

97 5082 150 5131 xii.
163 5080 178 5144 §
191 5087 212 5132 1.
224 5084 263 5132 De
273 5083 379 5146 tempto,
390 5083 457 5145 quod
472 5082 642 5136 umbonutes
650 5083 877 5135 veziruemeximue
888 5084 1033 5145 editionnit,
1043 5082 1094 5134 rit.
1105 5084 1228 5132 Hammer.
1241 5076 1448 5133 contareno.
1459 5072 1601 5144 nuptm.
1612 5077 1666 5127 466.

70 5149 83 5214 Ι
97 5176 123 5187 -
138 5152 162 5201 ἐν
173 5152 275 5217 ἀπόπτῳ
284 5159 325 5213 τῆς
338 5153 438 5217 πόλεως]
450 5153 507 5204 edd.
521 5166 614 5219 mergo.
