3809 5859
211 286 270 346 m

211 417 238 485 ἐς
252 416 383 487 initian<
393 416 443 475 καί
453 416 500 475 τόν
512 414 615 494 iuopia
629 416 769 478 ἐπεδίδουν
786 419 833 477 καί
848 419 983 499 νεωτέρων
1041 420 1162 500 &We
1180 426 1230 502 βοῇ
1243 446 1272 480 τε
1286 421 1412 501 ξυμμιγεῒ
1423 423 1469 483 καί
1483 426 1639 505 ἀλαλαγμῷ
1660 425 1714 483 καί
1742 425 1851 505 εἰρεσίαΙ

210 505 375 583 πραγμάτων
393 504 445 583 οὐχ
463 502 594 575 ἥπτοντο,
616 502 760 582 ἐτύγχανον
777 504 824 563 καί
840 506 915 565 αίιτοί
939 510 986 567 τοῦ
1039 511 1085 570 καί
1097 510 1324 593 τἰντιριλοτιμήσει
1338 514 1363 577 ἐς
1376 512 1506 584 ἀλλήλους
1519 515 1679 593 χρωμένων
1698 516 1765 571 τῶν
1792 518 1850 572 ἔτι·

210 593 339 673 βασιλέως
357 594 499 670 εἰρηνικοῦ·
515 590 572 651 ἐπεί
585 592 614 650 δὲ
628 591 704 651 αῦτοί
715 614 745 649 τε
757 594 784 649 ἐν
797 594 921 664 ἀλλήλοις
931 594 985 652 διε-
1008 612 1009 615 ’
1043 596 1204 673 ῦατῶν,καί
1218 598 1297 679 ρόῦον
1317 598 1398 659 πολῦν
1413 600 1460 660 καί
1482 602 1600 679 άγωνίαν
1614 601 1764 681 παρέχων
1791 604 1849 661 ui'

209 679 358 740 στασίασαν
371 680 416 739 καὶ
431 681 475 738 τὸν
490 678 591 755 δασμὸν
604 683 636 738 οὐ
649 680 719 738 πάνυ
732 680 826 761 ῥαδίως
842 691 985 761 παρεῖχον,
1041 684 1085 752 οῦς
1100 685 1131 745 ἂν
1149 686 1264 763 γένοιτο,
1279 687 1325 747 καί
1336 689 1438 756 πάντας
1452 690 1610 764 ἐκπλήττων
1625 694 1673 771 τῷ
1687 675 1846 770 παραλόγῳ

642 284 847 347 curruum
867 286 1136 349 titsromauuni
1155 288 1228 349 uu
1249 288 1302 363 ii',
1323 292 1387 351 ¹4.

210 766 275 846 πρός
295 788 324 824 τε
338 765 398 834 τοὺς
419 766 618 845 πλησιοχώρους
641 770 726 832 αὐτοῖς
742 769 857 844 βασιλεῖς
879 772 931 827 τῶν
955 792 984 827 τε

207 853 424 933 Τιγρανοκέρτων
442 853 488 912 καί
505 852 647 931 Ἀρμενίων
665 853 711 911 καί
733 854 834 924 Μήδων
855 854 983 915 Χασάνεα

207 941 251 1001 τὸν
266 944 292 1001 Τ
293 941 400 1019 ομήριος
412 940 458 998 καί
469 939 501 1011 δὴ
516 940 563 999 καί
577 939 688 1019 Ἱόήρων
703 944 847 1019 ἐπιγαμίαν
860 943 981 1023 ἔχοντες,

206 1030 311 1087 ἐδόκουν
323 1028 460 1106 καινότερά
475 1051 534 1087 τινα
548 1030 672 1107 πράττειν
691 1028 736 1087 καί
751 1035 879 1109 νεοχμοῦν
894 1034 921 1099 ἐς
934 1031 982 1097 τὰς

207 1116 276 1195 μετὰ
289 1122 336 1175 τοῦ
351 1116 480 1196 βασιλέως
497 1116 612 1183 σπονδάς
626 1117 665 1197 (οὗ
680 1116 732 1196 γάρ
746 1118 886 1178 ἐλάνθανον
898 1124 983 1177 ταῦτα

206 1208 366 1278 ποιοῦντες),
380 1210 525 1277 τηνικαῦτα
536 1204 569 1276 δν]
579 1206 648 1262 καὶὸ
660 1204 783 1283 βασιλεὺς
797 1207 862 1287 ὀργῇ
876 1206 983 1285 ληφθείς

205 1291 254 1365 τήν
269 1292 440 1371 ἐκστρατείαν
454 1295 514 1350 κατ’
530 1293 615 1350 αὐτῶν
629 1292 983 1373 ἐποιεῖτο,προκαταλαὸεῑν

203 1403 234 1439 τε
248 1381 294 1439 καί
308 1389 506 1462 προκατασχεῖν
525 1380 631 1448 τούτους
646 1382 803 1461 βουλόμενος
814 1382 876 1464 πρίν
890 1408 916 1443 τι
935 1383 982 1443 καὶ

204 1469 329 1551 νεώτερον
343 1468 450 1550 πρᾶξαι.

245 1558 286 1620 li.
305 1556 582 1636 Παρασκευασάμενος
591 1547 636 1617 οῦν
645 1563 774 1637 χειμῶνος
783 1562 881 1632 καλῶς,
889 1560 980 1634 ἐπειδή

190 1646 251 1727 ,ἐαρ
266 1648 406 1726 ὑπέφαινεν
427 1645 494 1719 ἤδη,
508 1650 602 1728 πρῶτα
616 1645 663 1723 μέν
684 1646 730 1706 τὸν
754 1646 822 1705 κατὰ
842 1650 981 1709 θάλασσαν

206 1736 299 1795 στόλον
324 1734 446 1813 ἐξήρτυον
468 1737 494 1801 ἐς
517 1734 674 1813 ἀναγωγήν·
696 1726 763 1806 ἦσαν
786 1736 813 1794 δὲ
836 1736 984 1816 τριακόσιαι

204 1822 320 1899 μάλιστά
345 1844 395 1881 που
417 1826 470 1881 τῶν
501 1824 565 1880 νεῶν
589 1823 774 1903 στρατιώτιδες
801 1824 847 1882 καί
869 1824 984 1903 μάχιμοι

202 1910 316 1990 τριήρεις
342 1932 371 1967 τε
388 1909 489 1990 μακραί
502 1910 548 1969 καί
563 1910 764 1990 πεντηκόντοροι
777 1910 824 1969 καὶ
837 1912 917 1970 πλοῖα
930 1934 983 1971 κα-

204 2000 345 2078 τάρροκτα
358 1997 445 2078 παρέκ
459 2001 510 2056 τῶν
533 2001 708 2079 σκευαγιογῶν
723 2000 768 2057 καί
786 2001 838 2056 τῶν
854 1997 984 2079 φερόντων

204 2086 251 2153 τίς
265 2086 388 2165 μηχανὰς
418 2088 470 2143 τῶν
486 2109 515 2143 τε
533 2086 590 2145 κατ’
602 2084 744 2165 ἐμπορείαν
760 2083 777 2155 ἢ
791 2083 882 2165 χρείαν
897 2086 981 2158 ἄλλην

195 2174 410 2257 ’άρικνουμένωκ
454 2174 486 2253 (ο)
501 2174 627 2247 Ἐνέθηκε
640 2174 664 2232 δ’
676 2176 768 2240 αῦταῖς
779 2175 849 2232 ὅπλα
867 2181 979 2232 παντοῖα

203 2262 249 2323 καί
262 2264 389 2333 πλεῖστα,
410 2260 523 2327 ἀσπίδας
538 2284 566 2319 τε
587 2260 633 2320 καὶ
646 2260 751 2341 θυρεοὺς
764 2260 810 2321 καί
831 2262 915 2339 κράνη
935 2261 982 2319 καὶ

203 2352 316 2431 δόρατα,
329 2351 368 2409 ἐτι
392 2351 419 2409 δὲ
439 2350 559 2431 θώρακάς
580 2372 610 2409 τε
632 2350 678 2409 καί
701 2349 809 2409 ἀκόντια
830 2348 876 2408 καί
897 2353 980 2429 βελῶν

204 2439 334 2521 διαρόρων
346 2436 413 2496 πολιί
423 2461 449 2496 τι
458 2442 554 2519 χρῆμα
567 2441 620 2496 τῶν
633 2461 661 2497 τε
675 2439 729 2497 άπὸ
740 2438 821 2506 τόξων
833 2438 981 2519 ἀφιεμένων

202 2527 311 2587 καὶτῶν
323 2527 410 2585 ἄλλων
421 2529 548 2605 μηχανῶν
563 2524 610 2585 καί
619 2524 652 2597 δὴ
668 2528 714 2586 κοί
729 2526 857 2607 ἀφετήρια
868 2528 981 2585 πλεῖστα

204 2614 250 2674 καί
273 2614 360 2673 πολλὰ
384 2616 454 2674 άλλοι
482 2618 534 2674 τῶν
559 2616 585 2682 ἐς
608 2616 784 2695 τειχομαχίαν
813 2615 978 2687 ἐπιτηδείων.

203 2700 360 2772 Ἐνεὸίῦαζε
374 2702 402 2763 ii
416 2705 463 2763 καί
483 2703 579 2784 ἄνδρας
599 2703 640 2763 ὅτι
659 2704 797 2771 πλείστους
817 2702 980 2783 εὐρωστοτά-

200 2815 259 2859 τους
269 2816 298 2850 τε
311 2792 357 2851 καλ
366 2792 563 2859 εὐοπλοτάτους
575 2792 621 2851 καὶ
634 2791 668 2851 τίι
678 2792 742 2871 πρὸς
753 2793 868 2869 πόλεμον
881 2794 978 2859 ἱκανῶς

200 2882 462 2959 παρεσκευασμένους
476 2881 522 2939 καί
535 2878 755 2959 ἐμπειροτάτους,
772 2879 917 2950 ἐπιστήσας
930 2882 978 2939 αῦ-

106 3037 115 3056 !
201 2978 254 3035 τοῖς
267 2970 313 3027 καί
327 2970 459 3047 ἡγεμόνας
473 2976 520 3029 τοῦ
534 2968 628 3029 στολου
641 2967 738 3034 παντὸς
753 2967 799 3027 καί
813 2964 976 3046 στρατηγοὺς

201 3058 393 3136 αὐτοκράτορας
412 3056 536 3135 Κασίμην
550 3078 580 3115 τε
594 3056 638 3116 τόν
654 3056 794 3136 σατράπην
807 3054 977 3117 Καλλιοοπό-

199 3146 265 3211 λεως
288 3146 333 3203 καί
347 3146 507 3222 Ἰαγοόπην,
527 3145 609 3223 ἄνδρα
630 3145 665 3202 τά
681 3167 708 3203 τε
727 3145 838 3205 ναυτικὰ
853 3141 977 3221 ἐμπειρό-

198 3255 277 3292 τατον
304 3232 424 3291 καὶτῶν
446 3232 516 3291 κατὰ
537 3232 674 3291 θάλασσαν
697 3233 843 3311 στρατηγὸν
861 3232 975 3310 άριστον.

199 3322 233 3397 (a)
249 3318 412 3399 Ἐξαρτιίσας
435 3310 479 3379 οὖν
504 3319 550 3378 καί
571 3318 681 3385 ὁπλίσας
703 3319 790 3378 πάντα
814 3319 857 3378 τόν
881 3320 973 3377 στολον

198 3409 301 3478 καλῶς,
315 3407 468 3484 ἐξέπεμπεν·
479 3412 492 3467 ό
505 3408 528 3467 δ’
539 3407 651 3485 άνήγετο
665 3404 708 3464 διίι
721 3413 768 3466 τοῦ
781 3407 918 3486 Βοσπόρου
930 3406 974 3465 ἐπὶ

196 3494 243 3554 τίν
261 3495 398 3573 Εὔξεινον,
410 3495 487 3575 τάχει
499 3519 528 3555 τε
542 3498 633 3576 πολλῷ
647 3494 693 3553 καὶ
709 3496 755 3574 βίοι
775 3495 821 3553 καί
837 3494 908 3573 ῥύμῃ
927 3516 972 3567 οε·

1037 778 1084 846 τῆς
1100 773 1168 841 θέας.
1186 777 1239 835 Καί
1255 779 1328 854 ὁμέν
1343 778 1410 839 κατὰ
1425 778 1560 838 θάλασσαν
1577 780 1685 845 στόλος
1700 777 1808 843 οὕτως.

1077 859 1131 925 lii.
1155 863 1285 930 Βασιλεὺς
1299 864 1327 921 δέ
1343 862 1390 931 τὰς
1414 865 1574 943 Εὐρωπαίας
1591 866 1744 940 ,δυνάμεις
1769 864 1843 932 bm-

1042 950 1128 1027 κρότει
1140 973 1168 1007 τε
1181 951 1225 1009 καὶ
1239 950 1386 1020 διεῦίῦαζεν
1400 954 1425 1019 ἐς
1440 951 1488 1023 τὴν
1503 953 1593 1014 Ἀσίαν
1604 954 1738 1019 ίππαάς
1755 978 1788 1012 τε
1804 980 1844 1014 νεα

1040 1036 1163 1107 πεζικὰς,
1179 1036 1218 1095 ἐτι
1231 1036 1258 1095 δέ
1272 1036 1361 1095 ἵππων
1376 1037 1463 1097 τεκαὶ
1486 1040 1636 1118 ὑποζυγίων
1651 1040 1706 1100 καί
1720 1042 1842 1113 ἡμιόνων

1041 1123 1193 1204 ἀχθοφόρων
1207 1123 1253 1183 καί
1276 1127 1404 1202 καμήλων
1424 1127 1491 1185 πολό
1511 1151 1537 1186 τι
1556 1134 1660 1208 χρῆμα
1680 1130 1734 1186 καί
1752 1138 1843 1188 πᾶσαν

1041 1213 1124 1284 άλλην
1140 1218 1185 1271 τοῦ
1198 1211 1314 1290 πολέμου
1329 1213 1420 1293 χρείαν
1436 1238 1465 1273 τε
1483 1216 1530 1273 καί
1547 1216 1728 1286 ἀποσκευήν.
1745 1215 1799 1282 Ὡς
1819 1219 1841 1275 ἐτ’
1888 1238 1889 1241 ’

1041 1299 1099 1366 ἅλις
1109 1289 1166 1380 εἶχε
1182 1305 1229 1371 τῆς
1241 1300 1341 1361 τοότων
1363 1302 1524 1376 διαῦιίσεως,
1535 1305 1592 1363 τότ’
1606 1304 1667 1377 ἤδη
1688 1304 1744 1361 καί
1765 1306 1839 1371 οὗτος

1038 1387 1181 1462 ὃιαόαίνει,
1199 1388 1245 1448 καὶ
1269 1390 1435 1470 προελαόνων
1466 1390 1509 1450 διὰ
1535 1396 1582 1463 τῆς
1604 1392 1750 1458 Βιθυνίας
1781 1397 1839 1473 ἆμι-

1040 1478 1138 1535 κνεῖται
1152 1479 1178 1544 ἐς
1198 1476 1245 1547 τήν
1267 1470 1458 1555 Προυσίου,οῦ
1472 1479 1504 1551 δι]
1528 1479 1574 1538 καί
1594 1480 1647 1546 τὰς
1675 1484 1732 1549 τῆς
1748 1482 1838 1549 Ἄσίας

1037 1564 1159 1639 δυνάμεις
1181 1556 1238 1646 εῦρε
1261 1566 1347 1634 πάσας
1368 1566 1594 1645 ξυνηθροισμὲνας.
1616 1570 1661 1647 (α)
1681 1568 1835 1647 Διαγαγαλν

1039 1651 1066 1709 δέ
1083 1653 1112 1710 οὖ
1128 1653 1227 1720 πολλός
1241 1654 1340 1729 ἡμέρας
1354 1658 1449 1731 αὐτοῦ,
1469 1656 1515 1713 καί
1534 1679 1595 1713 τινα
1621 1660 1682 1714 τῶν
1704 1659 1735 1715 ἐν
1760 1659 1834 1738 χρεία

1039 1740 1273 1816 καταστησάμενος
1285 1740 1330 1799 καί
1344 1740 1387 1801 τὸν
1402 1742 1512 1821 στρατὸν
1531 1742 1688 1823 ἐξαρτύσας
1703 1744 1831 1815 ἅπαντα,

1039 1826 1148 1893 σπείσας
1161 1832 1240 1906 τιτῷ
1258 1828 1335 1908 τάφιρ
1346 1834 1391 1889 τοῦ
1407 1829 1505 1908 πατρὸς
1518 1829 1564 1887 καὶ
1589 1831 1624 1889 τὰ
1647 1834 1831 1907 νενομισμένα

1037 1913 1145 1979 τελέσας
1160 1916 1231 1995 αὐτῷ
1243 1918 1464 1996 μεγαλοπρεπῶς,
1478 1919 1523 1976 καὶ
1536 1916 1633 1996 δώροις
1649 1916 1696 1975 ὅτι
1710 1943 1745 1995 γε
1760 1921 1830 1977 πλεί-

1037 2024 1107 2066 στοις
1117 2000 1163 2060 καὶ
1175 2002 1327 2077 ἀναθήμασι
1336 2002 1474 2076 κοσμήσας
1482 2003 1529 2063 καί
1541 2004 1726 2083 στεφανώσας
1739 2006 1826 2083 αὖτὀν,

1037 2088 1103 2169 άροις
1112 2090 1208 2148 ἐκεῖθεν
1220 2090 1262 2169 ᾔει
1273 2091 1317 2149 tit
1325 2094 1372 2161 τῆς
1384 2092 1512 2151 Γαλατῶν
1522 2113 1551 2150 τε
1561 2093 1613 2150 καί
1624 2094 1827 2173 Παφλαγόνων.

1037 2176 1069 2255 (ο)
1084 2166 1140 2235 Ἠν
1155 2176 1182 2235 δέ
1195 2179 1249 2249 etr.
1265 2178 1390 2257 στρατιὰ,
1402 2181 1439 2244 ῶς
1457 2177 1576 2257 ἐλέγετο,
1590 2177 1679 2244 ίιτπος
1700 2181 1752 2255 μίν
1767 2180 1825 2248 ἑξο-

1035 2264 1177 2343 κισμυρίοι,
1190 2263 1265 2331 πεζὸς
1280 2265 1306 2322 δὲ
1324 2265 1371 2321 οὐκ
1392 2264 1510 2322 ἐλάσσων
1525 2266 1744 2347 όκτακεσμυρίυν
1760 2268 1824 2325 τίνειν

1037 2350 1125 2427 μέντοι
1145 2372 1175 2428 γε
1195 2354 1247 2409 τῶν
1269 2352 1433 2432 σκευοφόρων
1448 2352 1560 2411 καὶτῶν
1576 2353 1665 2419 ἄλλοις
1677 2357 1820 2429 ἑπομένων

1035 2442 1067 2517 τῇ
1083 2448 1203 2520 στρατιᾷ.
1218 2440 1348 2507 Διελάσας
1362 2441 1389 2499 δὲ
1403 2440 1500 2507 ταύτας
1512 2464 1543 2499 τε
1558 2442 1608 2500 καί
1626 2444 1669 2515 τήν
1689 2446 1815 2503 Kum-

1036 2528 1120 2585 δοκῶν
1134 2525 1180 2585 καί
1202 2526 1294 2593 ῦιαῦας
1308 2527 1351 2588 τόν
1362 2525 1442 2586 Ἅλον
1461 2526 1563 2605 γίνεται
1585 2528 1656 2587 κατέ
1671 2531 1815 2605 Σινώπην,

1034 2616 1110 2675 πολιν
1126 2614 1254 2692 παράλιον
1273 2616 1416 2688 καλλίστην
1435 2639 1464 2675 τι
1482 2617 1528 2675 καί
1542 2620 1748 2691 πλουσιωτάτην
1764 2624 1819 2678 τῶν

1035 2705 1061 2761 ἐν
1075 2706 1113 2780 τῷ
1128 2702 1243 2783 Εὐξείνῳ
1263 2703 1367 2783 πόντῳ,
1386 2703 1433 2762 καί
1447 2704 1575 2777 πλείστης
1590 2706 1624 2777 δή
1648 2706 1699 2765 καί
1713 2708 1821 2785 ἀρίστης

1034 2788 1123 2869 χώρας
1140 2791 1321 2870 ἐπάρχουσαν,
1338 2792 1355 2864 ἢ
1373 2793 1405 2861 δὴ
1426 2793 1512 2851 κοινὸν
1532 2793 1665 2873 ε’μπόριαν
1687 2787 1758 2854 οὖσα
1776 2802 1819 2867 τῆς

1033 2877 1188 2956 περιοικίδος
1202 2878 1308 2950 ἁπάσης
1324 2880 1369 2936 καί
1382 2878 1414 2949 δή
1429 2880 1474 2938 καὶ
1490 2880 1584 2960 μέρους
1602 2884 1654 2940 οῦκ
1670 2884 1764 2959 ὀλίγου
1777 2888 1817 2953 εἰς

1033 2965 1107 3023 κάτω
1130 2964 1232 3039 Ἀσίας,
1255 2966 1300 3026 καί
1325 2970 1431 3036 πολλοῖς
1463 2967 1643 3046 εῦθηνοομίνη
1673 2979 1730 3039 τοὶς
1755 2974 1816 3051 ἆγο-

1032 3057 1099 3127 θοῖς,
1115 3050 1164 3111 ὅσα
1176 3054 1296 3134 γέρουσιν
1312 3045 1380 3135 ὧραι
1395 3055 1441 3115 καί
1457 3060 1492 3133 γῆ
1507 3056 1552 3115 καί
1566 3057 1699 3117 θάλασσα
1714 3059 1758 3138 (τό
1771 3058 1816 3135 με’·

1032 3162 1122 3219 γιστον
1142 3144 1156 3199 ό
1178 3140 1278 3223 χαλκός
1299 3143 1385 3221 ἐστιν,
1413 3142 1440 3210 ὃς
1468 3142 1576 3219 άρθονος
1609 3147 1816 3225 άνορυττόμενα

1034 3230 1115 3287 αὐτοῦ
1138 3236 1307 3306 γεωργεῖται,
1328 3232 1373 3289 καὶ
1400 3232 1578 3307 διαδιδόμενος
1601 3242 1750 3313 πανταχοῦ
1774 3241 1814 3305 τῆς

1033 3316 1159 3384 Ἄσίαςτε
1172 3317 1218 3376 καί
1233 3317 1362 3397 Εὐρώπης
1379 3318 1425 3377 καί
1446 3317 1650 3399 etaerupem),
1675 3324 1812 3401 προσόδους

1034 3406 1150 3484 μεγάλας
1170 3411 1269 3485 χρυσοῦ
1290 3407 1336 3465 καί
1359 3406 1472 3487 άργέιρου
1491 3408 1605 3489 παρέχει
1619 3418 1676 3476 τοῖς
1694 3415 1722 3471 ἐν
1737 3415 1811 3489 αὐτῇ.

1033 3491 1064 3569 (1]
1081 3483 1148 3574 Είχε
1170 3494 1196 3553 δὲ
1221 3495 1301 3565 αὐτῆς
1324 3498 1372 3565 τήν
1395 3494 1481 3575 ἀρχὴν
1504 3496 1555 3576 πρὸ
1576 3496 1685 3578 χρόνων
1712 3501 1811 3557 πολλῶν

197 3665 260 3713 3000
276 3676 365 3713 aurens
381 3661 546 3727 pependerat,
558 3674 611 3712 aee.
630 3662 715 3712 chalo.
726 3676 752 3725 p.
765 3665 820 3721 001,
840 3667 865 3711 5.
885 3659 925 3709 ct.
944 3662 1027 3709 Ducat
1038 3674 1063 3723 p.
1077 3663 1131 3720 310,
1156 3662 1192 3708 17.
1207 3659 1360 3710 ΖίιιΙιείεοιιο
1377 3676 1402 3724 p.
1425 3666 1479 3712 008.
1493 3662 1547 3724 11-
1569 3664 1628 3727 προς
1638 3682 1668 3715 τι
1681 3671 1737 3723 τοὺς
1756 3668 1811 3723 tin.-

197 3732 337 3797 σιοχώροος]
351 3736 388 3782 De
406 3732 446 3782 his
459 3730 596 3783 sudoribus
609 3746 637 3781 r.
651 3730 765 3781 Chalooo.
776 3745 803 3795 p.
812 3736 868 3791 101,
884 3728 1073 3791 Fallmeraperi.
1085 3730 1101 3777 Ι.
1111 3742 1136 3792 p.
1157 3733 1212 3779 259.
1224 3735 1277 3781 200.
1291 3733 1407 3780 Hammon
1420 3739 1442 3790 1,
1454 3745 1480 3795 p.
1491 3736 1530 3792 57,
1549 3734 1683 3785 zinkeiseu
1696 3742 1720 3797 2,
1731 3750 1758 3800 p.
1768 3741 1811 3787 ³2⁸

197 3817 251 3866 sqq.
268 3805 279 3868 ΙΙ
296 3833 322 3844 -
337 3802 458 3867 Χασάνεα]
474 3800 702 3863 pernumerant.
714 3816 738 3852 ο.
751 3802 843 3865 tonpru
860 3806 979 3861 Ηειεεσιι,
991 3802 1202 3849 Tornomanorurn
1218 3801 1329 3851 alborum
1343 3802 1472 3866 princepe,
1493 3806 1604 3861 Χσσάνης
1621 3808 1636 3854 ὁ
1654 3811 1749 3869 μωρὰς
1768 3822 1805 3871 ap

196 3872 292 3931 chain..
308 3878 397 3930 Οὐζοῦν
411 3876 493 3924 Χασᾱν
506 3877 520 3923 ὁ
532 3874 651 3931 δεσπόζων
662 3875 692 3922 τὰ
704 3874 761 3935 μέρη
772 3880 813 3930 τῆς
825 3872 942 3935 Ἀρμενίας
954 3871 994 3919 καὶ
1012 3871 1146 3933 γειτνιάῑων
1157 3876 1206 3927 τοῖς
1227 3875 1325 3936 Κολχοῖς
1345 3886 1383 3935 ap.
1398 3876 1492 3923 Ducam
1513 3888 1538 3938 p.
1553 3879 1607 3925 339.
1621 3877 1691 3927 Huic
1705 3880 1808 3927 iiassaui

196 3942 398 4007 Davidee,Trap.
409 3944 660 4008 imp.,catt1arinam‚
672 3945 773 3995 ioannis
786 3943 870 3993 fratria
883 3942 972 4002 iiiam,
984 3941 1009 3990 iu
1017 3939 1201 3991 matrimonium
1217 3939 1327 3992 dederat.
1344 3942 1426 3991 Vertra
1441 3944 1481 3992 τον
1492 3946 1608 4007 Τομὴριος
1623 3944 1651 4007 (1.
1664 3958 1681 3995 e
1695 3947 1805 4004 Timur'm

196 4013 254 4075 add.
267 4027 359 4078 margo.
368 4018 449 4079 caput
459 4016 581 4067 Armeniae
590 4021 644 4066 erat
657 4018 758 4079 Arsioga
769 4015 823 4065 sive
835 4019 994 4074 tir-neroum,
1004 4026 1079 4077 quam
1087 4012 1175 4062 urbem
1183 4012 1334 4075 Critobulus,
1344 4014 1595 4079 retorisgeograptriro
1606 4017 1710 4067 nomina
1719 4022 1808 4069 term

196 4098 337 4149 aucupans,
349 4087 524 4149 Tigranocerta
536 4091 618 4137 vocat.
631 4088 641 4150 ΙΙ
656 4114 689 4123 -
699 4084 823 4151 νεοχμοῦν]
835 4102 907 4149 νεωχ.
918 4083 975 4136 ood.

230 4158 263 4206 ll.
280 4156 295 4219 §
312 4162 333 4205 1.
348 4157 487 4221 τριακόσιοι]
499 4157 583 4208 Chalc.
600 4172 625 4221 p·
638 4162 694 4212 485.
707 4164 737 4207 22
751 4178 757 4206 :
770 4157 897 4218 πληρώσας
906 4160 962 4211 ναῦς
971 4156 1042 4204 πλοῖά
1053 4171 1079 4203 τε
1100 4155 1140 4203 καὶ
1156 4154 1253 4217 τριήρεις
1268 4152 1325 4215 ἐμοὶ
1344 4152 1374 4201 τὰ
1385 4154 1530 4213 πεντήκοντα
1547 4157 1589 4205 καί
1608 4159 1707 4208 ἑκατόν.
1725 4161 1805 4208 Duras

196 4242 222 4291 p.
233 4231 279 4277 310
293 4247 299 4276 :
313 4228 411 4285 ἐποίησε
422 4229 505 4277 στόλον
517 4229 627 4291 τρεήρεων
637 4230 676 4276 καί
688 4229 785 4290 διήρεων
795 4228 862 4289 μέχρι
873 4243 920 4275 που
930 4226 960 4275 τὰ
970 4226 993 4275 σ’
1001 4228 1046 4275 καὶ
1060 4232 1116 4284 νῆας
1127 4226 1150 4274 ι’.
1162 4220 1308 4273 sudatum.
1322 4229 1345 4285 1,
1357 4237 1382 4286 p.
1396 4228 1438 4274 196
1449 4242 1455 4272 ε
1467 4226 1601 4275 mellendo
1613 4232 1642 4276 iu
1655 4230 1753 4278 ordine
1765 4231 1805 4279 κοτ’

195 4301 304 4349 armatu
317 4296 345 4347 dr'
358 4299 436 4347 cento
448 4298 546 4360 peiore.
561 4296 572 4361 Ι]
583 4323 615 4335 -
625 4297 641 4360 §
652 4305 676 4347 1.
689 4298 725 4345 ὅτι
738 4296 872 4361 πλείστους]
885 4299 944 4347 Post
957 4296 1011 4347 huc
1021 4297 1097 4348 verba
1105 4293 1202 4346 dimidii
1213 4308 1299 4344 versus
1308 4294 1415 4357 spatium
1427 4308 1533 4345 vacuum
1543 4300 1592 4355 οεες
1603 4312 1660 4360 qoae
1672 4299 1709 4349 ibi
1718 4300 1805 4365 ειοὴοιο

196 4372 280 4428 eraut,
292 4367 409 4431 deinceps
431 4380 501 4417 erasa
513 4370 581 4416 suut.
593 4366 605 4430 ΙΙ
617 4365 999 4430 -1ιιανῶςιεσρεσκενασμένουςῙ
1013 4366 1049 4416 sio
1058 4378 1158 4429 margo,
1169 4363 1195 4413 εῦ
1207 4366 1303 4427 ἔχοντας
1314 4366 1375 4413 text.
1392 4363 1446 4427 ]-
1459 4366 1570 4427 Κασίμην
1619 4370 1659 4416 καὶ
1670 4367 1802 4433 Ἰησοπην]

196 4440 249 4488 Ηοιι
260 4438 324 4487 aliua
336 4450 409 4487 nemo
421 4439 550 4486 memorat.
565 4435 577 4501 i
590 4461 623 4473 -
637 4438 677 4485 καὶ
694 4436 819 4496 Ἰαγοοπην
869 4440 999 4501 στρατηγὸν
1014 4436 1120 4501 ἄριστον]
1135 4434 1192 4485 add.
1204 4448 1296 4499 margo.

228 4512 274 4560 111.
289 4507 304 4570 §
319 4513 340 4557 1.
356 4510 489 4571 συνεκρότει
500 4524 526 4557 τε
538 4506 590 4569 καὶ]
598 4506 656 4555 add.
666 4520 732 4570 mgo.
743 4507 754 4572 ΙΙ
764 4534 797 4545 -
806 4509 969 4573 παρασκευὴν]
982 4522 1052 4572 mgo3
1062 4509 1196 4571 ἀποσκευήν
1206 4508 1266 4554 texi.
1280 4503 1290 4567 ΙΙ
1301 4530 1334 4540 -·
1342 4506 1373 4561 είς
1385 4506 1427 4563 τὴν
1438 4502 1568 4569 Προυσίου]
1578 4508 1663 4557 Ducis
1670 4522 1698 4571 p.
1707 4515 1763 4571 311,
1774 4518 1783 4561 1

196 4581 265 4634 αὐτὸς
280 4581 305 4629 u
318 4584 353 4641 τῷ
363 4580 415 4643 ἔαρι
430 4580 470 4628 τὸν
482 4578 586 4639 πορθμόν
600 4578 681 4632 trotio
699 4577 755 4637 ἡκεν
770 4581 801 4635 είς
815 4581 925 4640 Προῦοαν
936 4586 977 4639 τῆς
990 4579 1107 4639 Βιθυνίας,
1122 4580 1153 4639 μὴ
1170 4576 1324 4636 ἐπισταμένου
1337 4576 1399 4631 τινὸς
1421 4578 1479 4637 μηδὲ
1500 4580 1629 4634 νοήσαντος
1648 4582 1691 4635 τὴν
1710 4584 1800 4643 βουλή-ι,

196 4649 342 4701 Soadeddin.
359 4656 382 4708 2,
395 4662 420 4713 p.
435 4652 479 4699 100
494 4649 538 4699 :it
554 4648 584 4697 τὸ
603 4646 657 4697 aen'
675 4648 747 4698 ando
768 4662 816 4713 per
831 4652 878 4699 οιό
889 4649 917 4699 dt
929 4650 1061 4700 Mardonia
1076 4663 1094 4699 o
1112 4650 1226 4706 Brome,
1238 4644 1303 4694 done
1315 4648 1338 4694 rt
1351 4648 1471 4695 trotenne
1485 4660 1534 4696 τοιι
1550 4647 1569 4696 tt
1585 4651 1644 4697 root
1658 4652 1776 4702 πείσοιτο
1789 4666 1802 4702 ε

196 4720 326 4770 comitari
336 4715 376 4781 fin
386 4716 528 4770 ntt’nrrtoo
539 4718 566 4769 dr
579 4717 712 4771 Manmud
724 4722 808 4771 Βοεεσ
818 4732 867 4767 arro
880 4721 958 4779 vestr,
972 4719 992 4768 u
1003 4717 1084 4782 quote
1095 4714 1227 4781 passando
1238 4715 1258 4765 tl
1269 4727 1343 4764 τοσον-
1354 4730 1371 4763 o
1386 4714 1514 4777 Gotltpoti
1525 4729 1574 4765 con
1583 4730 1621 4767 ιινι
1629 4719 1800 4779 praedirum

199 4793 305 4840 eserctto
317 4790 464 4853 εἰιοσοοκρὸ
476 4790 550 4841 netto
563 4800 713 4852 rompapna
729 4788 757 4838 dr·
772 4792 882 4839 Bruma.
896 4791 925 4839 st
937 4793 1081 4851 εοιιριυκεε
1090 4801 1157 4838 oneo
1168 4786 1293 4837 t’erorer'to
1307 4786 1335 4834 οἱ
1349 4786 1468 4837 lt'ototto.
1483 4786 1494 4849 1]
1509 4814 1541 4823 -
1551 4786 1614 4851 εὗρε]
1626 4788 1663 4837 sic
1673 4804 1745 4854 rugo,
1754 4794 1800 4853 εἷχε

197 4864 259 4911 text.
273 4861 284 4923 tt
297 4859 354 4923 -ς
369 4866 392 4910 3.
407 4861 489 4915 δισσὰς
504 4861 544 4909 τὸν
555 4858 633 4922 Ἅλυν]
644 4859 705 4909 Ἆλιν
716 4858 771 4908 eod.
787 4865 805 4908 Α
817 4862 896 4908 Prusa
912 4873 958 4908 rex
968 4859 1095 4922 proiectus
1106 4861 1145 4907 ost
1158 4860 1292 4919 Ancyram,
1306 4860 1369 4906 teste
1382 4858 1454 4907 Duce
1471 4859 1498 4907 et
1516 4858 1670 4909 Seadedriiuo
1686 4861 1705 4910 u
1727 4864 1752 4912 11.
1766 4865 1799 4912 un

196 4930 222 4979 in
241 4935 321 4981 castra
341 4932 408 4981 veuit
421 4930 531 4981 ismaelis
550 4928 720 4993 Sinopensium
733 4930 798 4993 regis
810 4928 890 4988 tilius,
904 4942 978 4991 quem
996 4926 1178 4987 necaonem,
1193 4941 1243 4977 seo.
1261 4926 1455 4988 Seaderlriinum,
1466 4927 1491 4977 in
1505 4927 1604 4979 rinoula
1616 4933 1736 4993 coniecit.
1750 4947 1797 4983 εοε.

195 5007 288 5054 Ducam
304 5016 362 5051 roro
376 5001 408 5051 od
419 5006 514 5065 patrem
527 5000 620 5050 remisit
633 4998 784 5050 deditionem
796 5000 899 5063 Sinopes
910 4999 1044 5061 poatulans.
1059 4998 1097 5048 Ab
1108 5003 1202 5061 Ancyra
1221 5011 1292 5060 porro
1305 4996 1500 5049 cristi-nonunt
1517 5000 1623 5050 emissus
1640 5006 1695 5065 esi,
1710 5010 1739 5055 ut
1750 5008 1796 5055 Ca·
1889 5050 1890 5061 ,

195 5071 325 5130 simonia,
336 5071 456 5134 sinopiem
467 5070 567 5121 ditionii
579 5069 653 5129 urbe,
661 5069 857 5134 potiretur.¹1pse
868 5071 1032 5121 Mechemetes
1044 5070 1150 5133 Sinopen
1165 5072 1250 5134 petens
1260 5068 1281 5118 si
1292 5068 1380 5132 iiatpm
1392 5069 1501 5132 trajecit.
1516 5075 1545 5122 ut
1555 5072 1701 5124 Critobulus
1712 5077 1796 5137 εοεαε,

197 5158 240 5209 per
254 5142 349 5192 riarum
368 5141 484 5206 ambages
503 5156 534 5193 eo
555 5156 582 5193 se
603 5140 716 5193 eontulit.
731 5141 742 5206 ]]
766 5168 799 5180 -
820 5140 985 5206 εὐθηνοομίνη]
1003 5142 1157 5205 εὐθννουμένη
1169 5140 1256 5191 codex.
1280 5140 1291 5205 ΙΙ
1302 5162 1334 5177 -·
1353 5138 1367 5203 §
1383 5144 1404 5192 4.
1431 5138 1459 5191 e‘r.
1478 5144 1628 5209 ξυνθήματος]
1653 5147 1713 5195 Huc
1732 5147 1794 5198 addit
