3809 5859
208 345 283 409 ,εει
628 340 844 410 lemnum
864 338 1124 411 ιιιειυιιυιιιυιι
1146 350 1216 409 un.
1241 350 1277 424 v,
1300 352 1388 413 ι-ιιι.
1480 320 1487 327 ’

209 521 215 533 .
246 477 330 542 λλίίί.
346 478 449 541 Ἐνιτολ
463 477 493 537 δέ
504 483 552 540 τού
566 479 646 539 αθτοῦ
663 479 752 563 θέρους
763 480 940 561 ἐστράτευσαν
957 482 1001 541 ἐπὶ
1058 480 1154 549 λεύσας
1171 484 1246 541 πλεῖν
1260 481 1308 555 τήν
1322 481 1452 562 ταχίστην
1478 482 1525 541 καὶ
1543 481 1698 559 ξυμόαλεῖν
1720 484 1784 544 ταῖς
1798 484 1843 538 τῖον

211 566 331 632 ιώίσόον
356 567 403 629 καί
426 568 582 641 Μιτυλήνην
604 568 724 651 τριήρεσι
744 568 929 646 έόδομήκοντα
951 571 998 631 καλ
1040 568 1190 648 ’πολεμίοιν
1203 570 1309 641 ναυσίν,
1325 568 1391 630 όπου
1404 573 1435 629 ἂν
1447 573 1563 651 τύχωσιν
1577 562 1674 630 σώσαι.
1725 566 1764 646 (ε)
1779 568 1846 629 ’θέε

223 655 318 715 ὁλκάσι
334 655 463 735 μεγάλαις
476 656 524 716 καλ
543 656 699 737 τρισχιλίοις
711 657 841 731 ὁπλίταις,
856 658 901 727 οθς
919 649 991 739 ε’ίχον
1057 657 1181 738 ἀναχθείς
1197 658 1249 717 όπδ
1260 662 1305 717 τοῦ
1327 659 1467 729 Βυζαντίου
1484 660 1562 719 ἔπλεε
1574 660 1620 717 τὸν
1635 656 1843 727 Ἑλλήσποντον

222 744 269 803 ἐντί
281 748 334 803 τῶν
348 743 600 825 καταστρωμάτων,
613 743 706 825 έρερον
721 744 749 805 δέ
762 744 809 805 καί
828 746 900 807 δπλα
916 748 1002 807 πολλὰ
1057 744 1103 804 καί
1115 744 1236 826 καταίριι
1244 747 1389 826 δευτεραῖος
1397 748 1425 813 ἐς
1435 747 1646 820 Ιίαλλιούπολιν,
1657 746 1747 804 κάκεῖ
1760 744 1843 819 μαθών

223 833 250 891 έν
263 834 322 899 ταῖς
333 830 428 893 ὁλκάσι
437 831 485 891 καί
495 832 618 913 μηχανὸς
631 832 809 915 πιτροόόλους
816 834 863 893 καί
872 836 1002 916 ἐριτήρια
1055 830 1186 913 τέσσαρας
1206 833 1320 914 τριήρεις
1339 837 1391 893 τῶν
1411 834 1545 910 πολεμίων
1565 834 1752 912 προσκόπους
1773 834 1844 911 ἐρορ-

206 922 269 981 ·καλ
289 921 422 998 κλίμακας
436 923 484 981 καί
504 930 594 983 πᾶσαν
609 922 693 996 άλλην
710 923 878 995 κατασκευήν
898 926 950 983 τών
974 926 1000 994 ἐς
1054 920 1154 997 μούσας
1169 925 1207 1000 τῷ
1220 921 1306 997 λιμένι
1322 922 1492 994 Τενέδου,αέ
1507 922 1538 992 δὴ
1553 920 1708 1002 καὶμέχρι
1722 926 1773 978 τοῦ
1790 927 1839 981 ετο-

205 1008 397 1090 ·τιιχομαχίαν
415 1008 578 1084 ἐπιτηδείαν.
621 1011 656 1091 (ε)
670 1010 896 1089 Καί-ἐφικόμενσι
907 1012 936 1079 ἐς
951 1012 1001 1072 Λέ·
1056 1030 1138 1087 ματος
1152 1014 1197 1069 τοῦ
1210 1014 1329 1090 πορθμού
1341 1010 1549 1081 διαπλέουσαιές
1562 1011 1758 1079 κατασκοπὴν
1772 1012 1842 1069 τάλα

210 1096 287 1156 -σόον
303 1101 422 1177 κατῆραν
448 1101 475 1165 ἐς
488 1096 532 1157 τὸν
555 1097 652 1174 λιμένα
670 1098 844 1171 Μιτυλήνης,
866 1100 913 1158 καλ
928 1102 998 1159 ἐπο-
1041 1096 1234 1178 ’ὁπέστρερον,
1256 1096 1339 1175 μηδέν
1357 1099 1493 1177 μελλήσας
1510 1100 1585 1168 εύθθς
1598 1102 1708 1167 νυκτὸς
1725 1098 1843 1177 «³qu²,-

221 1184 318 1254 όόνττς
342 1185 520 1265 στρατόπεδον
541 1184 643 1247 τιθέασι
669 1186 720 1267 πρδ
742 1189 791 1257 τῆς
811 1188 927 1258 πόλεως,
952 1188 998 1246 καὶ
1053 1186 1106 1244 ἀπὸ
1119 1186 1338 1255 Καλλιουπολιανς
1347 1188 1428 1248 παντί
1439 1192 1477 1269 τῷ
1488 1190 1587 1269 στολῳ,
1596 1188 1644 1249 ίνα
1662 1191 1705 1266 μὴ
1720 1188 1844 1255 ἔκπυστος

222 1273 398 1358 προσρίρουσι
422 1274 515 1353 λόγους
536 1281 590 1341 τοῖς
606 1275 634 1333 ἐν
651 1279 684 1355 τῇ
699 1274 775 1333 πόλει
791 1275 853 1354 περὶ
875 1276 999 1342 ἐνδόσεως
1054 1274 1162 1352 γένηται
1182 1274 1296 1352 θεαθεὶς,
1312 1275 1358 1335 καί
1371 1275 1517 1355 πνεύμασιν
1537 1278 1637 1345 αἰσίοις
1652 1276 1843 1357 χρησάμενος,

220 1359 323 1423 ἑαυτῶν
336 1384 368 1421 τε
381 1360 428 1423 καλ
444 1366 491 1433 τῆς
503 1360 612 1428 πόλεως.
628 1363 666 1421 Οί
680 1359 707 1421 δέ
722 1367 771 1421 ούκ
784 1354 999 1435 ἐδέξαντοήσεν
1029 1412 1030 1415 ,
1054 1360 1114 1438 ἅμα
1129 1362 1218 1444 ἡμέρα
1231 1363 1354 1443 κατήχθη
1366 1366 1391 1431 ἐς
1404 1364 1526 1427 Τένεδον.
1573 1366 1608 1444 (ο)
1623 1366 1688 1426 Καί
1704 1367 1844 1439 καταλαμ-

223 1452 280 1532 γλρ
294 1453 322 1513 ἐν
335 1453 404 1532 αύτῇ
415 1448 523 1532 ρρουροί
534 1448 626 1529 άνδρες
638 1448 749 1527 λογάδες
761 1448 945 1531 κατάφρακτοι
958 1474 999 1511 τε·
1054 1448 1130 1509 όάνιι
1146 1450 1178 1523 δή
1202 1450 1249 1519 τὰς
1262 1452 1377 1531 τριήρεις
1395 1454 1423 1511 ἐν
1443 1454 1480 1533 τῷ
1497 1452 1587 1531 λιμένι
1606 1452 1780 1533 ὁρμούσας,
1804 1459 1843 1511 ui

220 1538 356 1619 τρακόσιοι
371 1540 424 1599 τῶν
441 1539 495 1600 άπδ
510 1540 559 1609 τῆς
578 1542 718 1618 βασιλικῆς
733 1540 823 1609 αύλῆς.
867 1540 956 1620 (ε)οί
971 1540 999 1599 δέ
1053 1538 1168 1618 τθςμέν,
1181 1537 1227 1598 δύο
1244 1540 1402 1620 αὐτάνδρους
1417 1540 1549 1617 λαμόάνιι
1565 1542 1637 1621 πρὸς
1658 1544 1702 1621 τῷ
1730 1542 1843 1617 στόματι

221 1625 390 1709 πρῶτονμὲν
409 1627 513 1707 έκιιραν
528 1625 606 1707 μέρος
621 1649 647 1685 τι
666 1630 712 1698 τῆς
726 1630 790 1701 γῆς·
810 1629 839 1686 οὗ
854 1626 904 1707 γδρ
924 1627 999 1687 ίόού·
1054 1631 1100 1683 τοῦ
1113 1627 1229 1703 λιμένος·
1252 1628 1282 1686 οθ
1298 1627 1350 1708 γάρ
1370 1627 1485 1708 ἐρθησαν
1499 1631 1800 1709 προεκπεπλευκυῖαι·
1823 1637 1843 1689 α’

222 1719 299 1776 λοντο
312 1725 403 1782 πᾶσαν
416 1718 532 1795 δηώσαι,
543 1716 739 1797 προσδοκῶντες
756 1715 838 1788 αὐτὴν
856 1716 999 1797 λήψεσθαι·
1058 1714 1084 1775 δέ
1099 1716 1188 1797 ἐτεραι
1201 1714 1246 1775 δύο
1260 1717 1466 1797 προαναχθεῖσαι
1480 1718 1554 1795 μόγις
1570 1706 1724 1799 διέρυγον·
1740 1710 1843 1789 ἧσανδέ

220 1804 410 1879 μετδδέτοῧτο
418 1803 999 1885 περισχόντεςἐνκύκλῳπὸσαντλνπόλιντῷ
1054 1807 1108 1863 τῶν
1128 1805 1222 1884 όριστοι
1242 1806 1392 1878 πλεουσῶν,
1410 1803 1455 1863 καί
1470 1805 1622 1865 σπεύσασαι
1644 1806 1775 1884 τάχιστα
1792 1810 1844 1886 '³3¹-

221 1896 328 1973 στρατῷ
336 1891 407 1953 κατέι
418 1897 467 1970 γῆν
478 1892 559 1952 τεκαλ
571 1892 641 1953 κατδι
651 1893 787 1951 θάλασσαν
794 1893 943 1964 ταῖςναυσί,
954 1893 999 1952 καί
1053 1898 1175 1952 κνοθνται
1187 1896 1213 1961 ἐς
1221 1893 1376 1967 Μιτυλήνην
1387 1892 1433 1953 καὶ
1442 1896 1645 1973 ἀπαγγέλλουσι
1660 1897 1722 1960 τοῖς
1733 1918 1844 1973 στρατη·

219 1983 344 2062 μηχανάς
353 1981 541 2052 ἐπιστήσαντες
552 1982 730 2061 ἐπολιόρκουν.
774 1981 811 2060 (ι)
824 1980 879 2042 Καί
895 1986 940 2041 τοῦ
950 1982 998 2059 μέν
1053 1986 1110 2059 γοῑς
1129 1982 1174 2043 τὸν
1190 1982 1318 2042 ἐπίπλουν
1339 1988 1386 2042 τοῖν·
1399 1982 1492 2041 στολου
1513 1990 1558 2042 τοῦ
1577 1978 1723 2061 βασιλέως
1739 1982 1787 2041 καί
1802 1984 1844 2041 τίν

218 2072 323 2150 τείχους
340 2069 414 2131 αὐτοί
428 2068 477 2145 μὲν
491 2069 628 2129 κατέσειον
640 2066 742 2149 ἡμέρας
761 2090 786 2127 τι
807 2069 886 2150 μέρος
904 2068 998 2149 μικρὸν
1054 2068 1154 2129 ὁλωσιν
1168 2074 1219 2129 τῶν
1235 2071 1280 2130 δύο
1300 2072 1375 2132 νεῶν.
1417 2070 1465 2149 (ιο)
1487 2072 1523 2131 Οἱ
1545 2070 1567 2129 δ’
1582 2069 1665 2137 εὐθὺς
1682 2068 1844 2137 ἀκούσαντες

221 2161 279 2225 ταῖς
289 2156 717 2238 μηχαναῖςκαίκαττρρίπτουν·οί
725 2156 907 2237 δέἐντῇπόλει
916 2158 998 2216 πάλιν
1053 2158 1143 2240 ὥσπερ
1172 2162 1284 2241 σκηπτῷ
1305 2182 1355 2219 τινι
1382 2158 1573 2237 βληθέντεςτῇ
1597 2160 1735 2237 ἀγγελία,
1760 2160 1844 2218 πάντα

217 2247 351 2326 δνώρθουν
359 2246 425 2305 αύτδ
433 2244 532 2318 νυκτὸς,
541 2245 629 2313 λίθους
641 2266 671 2303 τε
681 2244 798 2313 καὶξύλα
809 2243 856 2303 καί
864 2250 928 2324 χοῦν
941 2246 999 2303 έπι·
1053 2247 1241 2315 καταλιπόντες
1254 2252 1332 2309 αὐτοῦ
1347 2246 1393 2306 καί
1408 2247 1530 2328 μηχανὰς
1542 2247 1592 2305 καὶ
1604 2247 1680 2306 ὅπλα
1695 2247 1743 2305 καὶ
1757 2257 1844 2307 πᾶσαν

222 2340 372 2415 φοροῦντες,
387 2333 498 2415 προσέτι
511 2333 540 2392 δέ
553 2332 600 2391 καί
610 2333 716 2413 κεραίας
727 2332 844 2411 μεγάλας
856 2330 999 2410 ἐπάγοντες
1054 2334 1138 2408 ἄλλην
1153 2336 1317 2408 ἀποσκευὴν,
1331 2333 1453 2403 έσύάντες
1468 2336 1494 2403 ἐς
1506 2335 1555 2403 τὰς
1569 2335 1687 2415 τριήρεις
1711 2336 1840 2401 α’τάετνκ

217 2422 422 2503 περιεσταύρονν
435 2422 581 2501 maxx,
594 2421 678 2489 τέςόἐ
695 2420 742 2480 καί
757 2421 914 2499 ἐξαρτῶντες
928 2417 996 2477 ἇλύ·
1053 2446 1082 2482 τε
1106 2424 1152 2483 καί
1167 2422 1211 2492 ξὺν
1225 2423 1313 2483 οὐδενί
1327 2421 1420 2502 κόσμῳ
1440 2422 1634 2503 καίλογισμῷ,
1650 2422 1781 2489 λαόόττες
1805 2448 1835 2483 τε

224 2532 313 2585 τισιν,
326 2510 492 2579 ἐξεκαύλιίον
507 2509 555 2580 τήν
574 2508 657 2588 ρορθν
674 2512 727 2567 τῶν
742 2509 839 2580 λίθοιν,
860 2506 906 2567 καί
922 2506 996 2566 οὗδίν
1054 2515 1111 2591 μεθ’
1126 2516 1225 2572 ἑαυτῶν
1237 2512 1283 2572 καί
1297 2510 1357 2577 τοθς
1371 2511 1465 2591 ἄνδρας
1478 2512 1525 2571 καλ
1537 2520 1661 2590 γυναῖκας
1671 2514 1718 2569 καί
1729 2513 1836 2578 παῖδας
1894 2517 1895 2542 ¹

215 2605 340 2661 τοσοῦτον
351 2597 524 2659 ε’όλάπτοντο.
542 2596 578 2677 (ε)
588 2596 724 2675 Ἐγένοντο
731 2596 759 2655 δέ
768 2596 815 2656 καί
825 2599 885 2655 καθ’
896 2596 1000 2675 ἡμέραν

215 2688 410 2771 άκροόολισμοί
431 2710 499 2755 τινες
518 2689 565 2747 καί
584 2684 745 2765 ἐπεκδρομαί
771 2684 923 2754 ἐπεξιόντων
946 2689 999 2744 τῶν

222 2778 363 2857 βασιλείων
375 2775 566 2844 τοῖςἘνετοῖς·
575 2775 605 2834 ού
617 2773 671 2851 μὴν
681 2774 727 2834 καλ
739 2772 903 2847 ἀπέθνησκόν
917 2796 996 2847 τινες,

222 2866 281 2926 ἁλλ’
294 2866 482 2945 ἐτιτρώσκοντο
497 2863 576 2940 μόνον
588 2862 694 2924 πολλοί.
710 2862 883 2943 Ὑπώρυττον
907 2860 935 2920 δί
950 2862 998 2921 καλ

217 2954 248 3013 τὸ
271 2962 360 3036 τεῖχος
378 2952 450 3013 ἐστιν
468 2943 514 3027 ού,
534 2950 679 3029 ὑπονόμους
698 2951 764 3033 πρὸς
783 2950 831 3023 τήν
844 2950 921 3009 πολιν
939 2974 999 3011 ποι-

214 3048 319 3116 οῦντες,
342 3042 388 3101 καλ
401 3040 537 3119 κλίμακας
554 3038 705 3117 ίπήγνυσαν
713 3086 722 3119 ,
737 3040 783 3101 καί
797 3038 920 3119 μηχανὸς
933 3062 1000 3098 παν-

217 3130 289 3198 τοίας
302 3130 436 3211 ἐίήρτυσν.
482 3129 516 3207 (ε)
528 3128 743 3208 Προσεχώρησαν
755 3129 783 3188 δέ
793 3128 933 3194 αὐτοῖςκαὶ
944 3131 997 3188 τῶν

218 3222 309 3279 ἄλλων
333 3216 507 3293 πολισμάτων
529 3216 591 3293 δύο,
613 3215 660 3275 καὶ
680 3208 748 3288 ἦσαν
774 3219 800 3274 ἐν
820 3214 923 3275 ἐλπίσιν
944 3212 996 3288 ἤδη
1051 3214 1128 3294 γνοὺς
1146 3206 1190 3273 σύν
1204 3214 1252 3289 τὴν
1261 3215 1361 3273 τούτων
1375 3214 1460 3284 δίωξιν
1473 3214 1606 3272 ἐπάνεισιν
1621 3214 1649 3281 ἐς
1666 3215 1831 3283 Μιτυλήνην,

220 3306 356 3385 μεγίσταις
370 3305 418 3365 καί
428 3304 583 3377 Μιτυλήνην
599 3307 667 3365 έλεῖν
688 3304 735 3364 καί
745 3304 793 3375 τὴν
812 3303 895 3375 ἄλλην
907 3309 997 3360 πᾶσαν

220 3393 322 3455 Λέοὸον
346 3401 492 3473 κατασχεῖν
512 3392 558 3451 καί
574 3392 764 3472 χειρώσασθαι.
787 3389 842 3452 Καὶ
860 3393 884 3449 οἱ
900 3390 950 3467 μέν
970 3394 997 3449 ἐν

1055 2605 1106 2660 τῶν
1126 2600 1375 2683 προσχωρησάντων
1395 2599 1524 2679 φρουρίων
1551 2599 1659 2671 αὐτοῖς,
1678 2598 1838 2677 flanimeum
1895 2617 1896 2627 ¹

1055 2688 1106 2766 πρὸ
1122 2694 1168 2747 τοῦ
1184 2688 1228 2748 τθν
1244 2688 1336 2747 στόλον
1350 2692 1396 2747 τοῦ
1413 2686 1543 2767 βασιλέως
1557 2696 1682 2767 κατᾶραι
1705 2690 1732 2753 ἐς
1750 2690 1842 2747 λίιτυ-
1896 2718 1897 2723 =

1053 2777 1152 2853 λήνην,
1181 2776 1315 2853 διάστημα
1339 2776 1404 2836 ώσεί
1426 2779 1502 2858 ώρῶν
1530 2774 1618 2848 ὀκτὼ,
1654 2779 1693 2842 a<
1718 2776 1839 2853 λέγεται·
1897 2815 1898 2821 ,

1057 2866 1103 2941 (ιι)
1132 2865 1329 2943 θίαχουμούτης
1350 2862 1377 2923 δέ
1392 2865 1546 2945 άρικόμενος
1569 2866 1597 2929 ές
1612 2863 1780 2933 Μιτυλήνην
1797 2863 1837 2919 καὶ
1898 2914 1899 2929 ,

1055 2952 1145 3029 μαθὼν
1175 2952 1387 3033 προαναχθέντας
1410 2952 1461 3031 πρὸ
1483 2952 1573 3030 ὀλίγου
1604 2950 1725 3023 αὐτοὺς,
1751 2950 1835 3009 ἐδίωκε

1054 3040 1124 3099 κατὰ
1137 3030 1268 3111 σ’πουδὴν,
1284 3040 1329 3100 καί
1341 3041 1477 3118 γενόμενος
1491 3040 1535 3099 ἐπὶ
1546 3039 1687 3119 μετεώρου
1703 3040 1831 3113 πελάγεος

1053 3128 1129 3205 μόλις
1147 3134 1247 3209 καθορᾷ
1259 3126 1339 3194 αύτδις
1350 3126 1545 3207 προσισχούοας
1558 3129 1593 3204 τῆ
1617 3124 1741 3206 Λήμνῳ.
1760 3126 1831 3184 ’.ὁτο-

1052 3302 1097 3361 καί
1125 3303 1259 3380 διαγαγὼν
1279 3304 1389 3361 ἐνταῦθα
1406 3301 1506 3381 ἡμέρας
1520 3302 1657 3379 τέσσαρες
1681 3304 1730 3359 καὶ
1753 3326 1833 3360 κατε-

1052 3391 1216 3468 στησάμενος
1225 3390 1257 3449 τδι
1267 3392 1346 3449 αὐτοῦ
1355 3390 1443 3449 πάντα
1453 3392 1550 3459 καλῶς,
1559 3388 1607 3447 καί
1615 3390 1831 3467 ρρουρὰνίκενίς.

218 3483 318 3551 τούτοις
330 3474 410 3554 ἦσαν.
456 3482 490 3560 (ι)
506 3480 635 3548 Βασιλεὺς
650 3480 676 3540 δέ
691 3480 782 3558 μαθὼν
801 3479 850 3551 τὴν
866 3483 892 3547 ἐς
912 3479 997 3538 Mnu-
1051 3480 1097 3538 καί
1118 3480 1186 3537 θπλα
1211 3478 1259 3538 καὶ
1283 3482 1355 3537 σῖτον
1369 3477 1457 3536 -πολθν
1477 3478 1524 3537 καὶ
1537 3479 1608 3537 οἴλλα
1628 3476 1703 3535 άττα
1718 3476 1754 3535 τίι
1778 3478 1835 3553 πρὸς

220 3572 302 3645 λήνην
325 3572 416 3653 ἐροδον
434 3576 481 3629 τοῦ
501 3569 596 3631 στόλου
619 3573 672 3628 τῶν
686 3570 803 3630 Ἐνετῶν
819 3567 867 3627 καί
885 3568 933 3641 τὴν
949 3570 999 3627 πο·

219 3662 336 3742 λιορκίαν
351 3661 446 3732 αὐτῆς,
458 3658 505 3718 καί
515 3662 550 3726 ὣς
559 3658 700 3718 κινδυνεύει
709 3662 774 3737 παρ’
786 3660 872 3717 αὐτῶν
885 3656 997 3730 ἁλῶναι,

218 3751 241 3809 τί
256 3750 294 3825 μὴ
306 3749 421 3829 τάχιστα
436 3748 512 3827 τύχοι
533 3746 670 3827 βοηθείας,
692 3745 767 3812 εὐθὺς
780 3744 903 3816 θαττονή
918 3744 997 3822 λόγος

216 3841 363 3917 πληρώσας
376 3838 491 3915 τριήρεις
504 3836 566 3895 δέκα
580 3834 626 3894 καὶ
637 3837 746 3909 έκατδν,
759 3835 805 3893 καί
819 3835 930 3901 ὁπλίτας
942 3838 999 3893 ἐπι·

220 3927 334 3995 ύιόάσας
348 3926 389 3983 ὁτι
404 3926 516 3993 πολλοὺς
527 3926 574 3985 καί
587 3924 659 3985 ὁπλα
673 3933 787 3984 παντοῖα
797 3925 843 3985 καὶ
856 3924 997 4004 άρετήρια,

1053 3567 1145 3648 χρείαν
1159 3571 1193 3641 τῇ
1208 3567 1284 3625 πόλει
1296 3565 1468 3637 καταλιπὼν,
1488 3566 1623 3624 ἐπάνεισιν
1641 3568 1672 3633 ἐς
1691 3566 1722 3623 τὸ
1739 3566 1836 3632 Βυζόν·

1053 3679 1128 3729 τιον,
1157 3655 1321 3735 φθινοπώρου
1343 3653 1475 3733 ρθίνοντος
1501 3653 1568 3726 ἤδη,
1594 3653 1641 3711 καί
1662 3654 1772 3712 διέλυσε
1795 3662 1834 3709 τον

1053 3744 1157 3805 στόλον,
1174 3744 1226 3804 Καὶ
1241 3744 1359 3824 δεύτερον
1380 3744 1412 3815 δὴ
1427 3742 1473 3801 καὶ
1484 3741 1690 3816 έόδομηκοστὸν
1705 3742 1765 3806 ίτος
1778 3742 1837 3819 τρῖς

1053 3837 1106 3899 τοῖς
1120 3832 1279 3899 ίννακοσίοις
1289 3832 1370 3891 τεκαὶ
1382 3830 1567 3911 ἑξακισχιλίοις
1577 3837 1632 3897 τοίς
1645 3828 1720 3895 ὅλοις
1733 3831 1835 3905 ἠνύετο,

1054 3912 1179 4001 τέταρτον
1197 3924 1224 3980 δέ
1240 3921 1286 3980 καί
1302 3920 1413 3981 δέκατον
1427 3925 1475 3991 τῆς
1489 3924 1572 4001 άρχῆς
1586 3924 1625 4000 τῷ
1641 3922 1766 3997 βασιλεῖ.

217 4016 267 4074 καί
281 4025 362 4075 πᾶσιν
377 4006 415 4084 οίς
429 4004 500 4095 εέχεν
520 4014 665 4093 έξαρτύσας
678 4038 707 4073 τε
719 4015 766 4074 καί
779 4013 890 4081 ὁπλίσας
905 4014 1000 4085 καλῶς,
1097 4011 1175 4070 Vlll.
1191 4004 1284 4089 Ὧρθη
1301 4010 1328 4069 δέ
1341 4006 1412 4067 κατὰ
1424 4008 1471 4075 τὸς
1486 4008 1564 4072 αύτὸς
1578 4008 1685 4087 ἡμέρας
1700 4008 1751 4066 καὶ
1766 4008 1837 4085 τέρας

218 4102 385 4182 παραδίδωσι
405 4101 597 4181 Μαχουμούθει
611 4104 648 4181 τῷ
667 4099 754 4180 πασίαρ
770 4099 815 4157 τὸν
827 4098 940 4168 στόλον,
955 4120 999 4157 κε·
1054 4121 1078 4155 τι
1095 4096 1218 4165 ἐξαίσιον.
1236 4087 1272 4157 ‘0
1295 4096 1346 4177 γδιρ
1364 4096 1456 4172 ἥλιος,
1477 4094 1648 4173 μεσημόρίας
1664 4094 1751 4166 οὔσης
1774 4118 1838 4153 στα-

250 4277 306 4327 vll.
324 4279 398 4327 ῖιεεε
416 4276 519 4327 venetis
535 4282 576 4325 αα.
590 4279 652 4326 6972
670 4278 751 4339 gestas
764 4273 832 4323 ῖιῖεεο
852 4272 1039 4336 ουιιιριοῖιειιιῖῖι
1059 4272 1194 4324 Ρὸτοιιιπει
1214 4288 1238 4338 p.
1253 4278 1309 4335 ιιι,
1327 4281 1341 4323 υ
1359 4276 1418 4337 ιῖῷ
1439 4275 1463 4323 σε
1474 4274 1561 4337 ,moe
1575 4274 1620 4321 ῖιει
1637 4274 1781 4337 παρᾶσσον
1799 4276 1835 4319 τί.

220 4348 388 4411 Μονιμόασίαν
409 4352 432 4397 οῖ
448 4346 555 4407 Ἐνετοῖ,
574 4349 603 4397 οθ
621 4352 722 4396 τοσοῦτο
736 4347 828 4403 θελήσει
842 4346 882 4394 καὶ
901 4344 980 4407 χάριτι
996 4348 1039 4393 τοῦ
1060 4347 1205 4408 κυριεύοντος
1222 4346 1295 4404 αὐτὴν
1311 4347 1368 4395 ὅσον
1389 4346 1518 4408 διναρεῖεῖᾳ
1539 4350 1582 4392 τοῦ
1603 4344 1795 4405 ἡγεμονεύοντος
1817 4350 1838 4391 ἐν

218 4422 279 4485 ιιύιῇ
298 4421 422 4484 ἄρχοντος·
438 4421 518 4480 ὥσπερ
533 4419 562 4475 δὴ
578 4417 666 4477 ὁμοίως
675 4416 804 4481 ὁνωρελείρ
817 4418 859 4467 καί
871 4416 959 4479 ἀτυχίᾳ
967 4419 1008 4463 τοῦ
1024 4414 1138 4477 ἡγεμόνος
1151 4422 1192 4474 τῆς
1205 4417 1300 4475 Λήμνου
1313 4417 1434 4478 πολίχνιον
1444 4415 1470 4463 τὸ
1481 4414 1607 4475 λεγόμενον
1629 4415 1833 4476 Παλαιὸασστρεν

220 4484 311 4551 εἀῖςῖνιή
328 4494 415 4551 μᾶλλον
433 4488 498 4551 παρὰ
514 4494 561 4536 τῶν
574 4488 600 4537 ἐν
617 4489 682 4551 αύτῷ
698 4489 818 4552 τυχόντων
832 4489 901 4543 ξένων
911 4488 952 4534 καί
965 4486 1033 4544 ἐδόθη
1046 4493 1074 4549 τῇ
1095 4488 1203 4550 αθθεντίᾳ
1214 4492 1261 4535 τῶν
1280 4486 1392 4539 Ἐνετῶν.
1407 4488 1447 4535 καῖ
1470 4486 1584 4539 ίθαθτού
1596 4481 1684 4544 (δῆλον
1708 4490 1754 4535 τοῦ
1773 4488 1839 4533 τοῖι-

220 4562 305 4625 χνίον)
319 4562 415 4612 ἅπασαν
431 4563 473 4617 τὴν
487 4564 558 4615 νῆσον
571 4558 736 4620 ἐκληρώσαντο
746 4559 798 4621 (Cf.
815 4558 900 4608 Chalc.
910 4557 936 4620 ),
951 4558 1010 4608 ἀλλὰ
1026 4559 1066 4607 καί
1079 4560 1111 4613 εἰς
1129 4559 1170 4615 τήν
1182 4558 1273 4606 Λέσόον
1286 4556 1423 4611 ιῖπιλθὸντος
1437 4556 1508 4606 αθτοῦ
1524 4558 1553 4614 δή
1570 4560 1611 4604 τοῦ
1625 4556 1785 4616 Δαυρεδσνοῡ
1800 4556 1837 4601 καῖ

222 4633 397 4694 πολεμήσαντος
411 4630 498 4688 αὐτὴν,
511 4631 555 4678 οθκ
564 4630 646 4692 ἔπραξέ
658 4646 680 4679 τι
697 4632 736 4678 καῖ
755 4631 904 4693 ἀνεχώρησεν
916 4629 1042 4690 ἄπρακτος.
1058 4626 1177 4677 ῖῖθοιῖσια
1191 4626 1241 4675 vid.
1254 4627 1280 4676 ῖιι
1300 4628 1404 4677 Lattara
1415 4624 1479 4675 ἀίιιι
1492 4628 1646 4687 εσρνείατιο,
1668 4628 1718 4673 etc.
1738 4638 1766 4687 γι.
1784 4628 1837 4673 223.

220 4706 286 4755 Mar.
303 4706 429 4765 δεουιυμ.
446 4702 515 4759 1¹79.
527 4698 672 4751 Seadeddin.
689 4713 714 4763 p.
729 4703 784 4750 223.
804 4700 843 4750 cr.
856 4701 973 4748 Hammer
983 4712 1007 4761 p.
1025 4702 1064 4757 8³,
1077 4696 1203 4745 Zinkeisen
1221 4708 1245 4759 p.
1257 4698 1310 4747 ³05.
1326 4696 1336 4758 ss
1356 4694 1411 4759 -ς
1425 4701 1446 4744 ι.
1458 4696 1561 4759 τριήρεσι
1577 4692 1614 4758 ι’]
1632 4694 1688 4743 Sec.
1706 4694 1839 4757 epistolum

221 4774 347 4828 Ιαυιῖειαυι
365 4770 643 4827 θενεῖυεὸοιιῖιιῖοιιυε,
664 4773 815 4821 Venetorum
827 4768 981 4827 navarchus,
996 4780 1053 4817 cum
1066 4770 1095 4815 3ο
1108 4766 1196 4829 galeris
1211 4764 1319 4817 Lesbum
1330 4765 1397 4814 venit
1411 4777 1489 4813 mens.
1501 4764 1592 4827 Aprilis
1604 4777 1643 4812 an.
1661 4768 1732 4823 ιθοι,
1754 4764 1839 4825 ibique

169 4849 172 4855 '
222 4846 353 4908 Mitylenen
367 4856 411 4906 μοι
429 4855 471 4893 εει
485 4841 633 4903 septimanas
650 4840 760 4901 obsedit,
770 4840 871 4891 ίεπιῖειιι
883 4850 956 4897 τετυ,
970 4838 1114 4888 adveniente
1132 4836 1291 4886 Machumute
1303 4848 1360 4884 ουιιι
1374 4834 1453 4883 classe
1468 4833 1572 4884 navium
1590 4840 1636 4884 ιιο
1660 4834 1788 4895 (quarum
1808 4836 1838 4882 ισ

221 4916 336 4965 triremos
353 4913 452 4974 erant),
467 4910 625 4961 inuboeam
638 4910 747 4961 recessit.
763 4911 774 4973 θ
791 4936 823 4947 -
832 4909 941 4973 μεγάλα-,ς
950 4910 976 4959 τι
987 4922 1046 4958 mox
1058 4922 1081 4955 v.
1094 4907 1165 4963 ὁλλην
1178 4905 1235 4956 add.
1247 4918 1340 4967 margo.
1359 4906 1415 4968 Ιῖ-
1425 4904 1439 4967 §
1451 4909 1474 4954 3.
1489 4902 1621 4967 λήψεσθαι]
1637 4917 1731 4967 margo,
1748 4906 1837 4967 χειρεῖ-

222 4988 308 5037 σααθαι
321 4986 384 5039 text.
403 4985 414 5047 ΙΙ
433 5007 459 5017 -
472 4983 520 5047 §4.
534 4981 691 5046 ε’ξεκαὸλιίον]
705 4985 719 5040 ἢ
732 4984 835 5031 ἀνέκλων
846 4992 910 5041 mgo.
925 4980 936 5040 ΙΙ
947 5004 979 5017 ··
991 4978 1005 5041 §
1019 4984 1041 5027 5.
1053 4982 1099 5026 τῶν
1111 4975 1251 5039 βασιλείων]
1268 4988 1367 5037 margo,
1383 4979 1430 5023 τιθν
1441 4975 1503 5029 ἐντὸς
1518 4978 1582 5028 text.
1614 4974 1626 5037 fl
1640 5000 1671 5011 --
1687 4974 1702 5037 §
1725 4984 1750 5025 u.
1767 4973 1836 5035 μεγί-

221 5056 302 5121 σταις]
320 5055 376 5109 md.
391 5068 483 5119 margo.
502 5054 513 5117 ΙΙ
529 5079 561 5093 ·—
575 5054 590 5117 §
604 5058 627 5103 7.
642 5056 665 5110 ές
678 5052 848 5115 κατασκοπὴν]
865 5064 950 5114 margo
960 5088 966 5109 ,
978 5052 1018 5099 καί
1036 5054 1234 5098 κατασκοποῦσαν
1247 5050 1307 5103 text.
1324 5046 1335 5108 ΙΙ
1350 5072 1382 5083 -
1394 5050 1432 5095 ἵνα
1450 5048 1483 5107 μή
1502 5046 1619 5103 ἐκπυσιος
1636 5050 1685 5096 εῖτ.
1704 5060 1784 5109 αεφεε
1805 5044 1838 5095 ad

223 5146 239 5190 χ
252 5124 387 5193 ησάμενος]
400 5124 457 5175 odd.
471 5134 534 5187 mgo.
552 5125 563 5187 ΙΙ
579 5149 610 5162 -·
625 5125 640 5187 §
651 5128 689 5175 10.
703 5130 732 5187 τῇ
743 5123 816 5185 αγγελ
826 5122 856 5189 ρ]
868 5121 924 5173 add„
935 5135 1029 5185 margo.
1044 5120 1055 5185 ΙΙ
1070 5145 1101 5158 -
1117 5118 1131 5183 §
1145 5123 1181 5169 ιι.
1195 5117 1315 5182 δεύτερον]
1327 5116 1412 5167 ιῖῖοειυ
1427 5117 1506 5180 θιύτιρ
1519 5117 1546 5167 h
1556 5118 1764 5181 muravscfiptoe.

256 5198 322 5247 Vlll.
339 5196 354 5257 §
370 5203 391 5245 ι.
406 5193 590 5259 ιὀρθημιιειμο,
601 5196 671 5257 ἐφάνη
683 5197 745 5247 text.
764 5195 775 5261 ss
788 5222 819 5233 -
831 5192 984 5258 ρεταὸαῖών]
997 5192 1054 5242 αιῖιῖ.
1068 5204 1157 5255 nmrgo.
1511 5222 1515 5231 .
