3809 5859
416 366 665 430 Μειιιιιιιετιε
686 370 817 434 ANNUS
836 374 886 437 ιιι.
908 376 986 438 ενοι
1011 376 1194 449 (ιιιι-ιιει
1217 378 1251 439 ν.
1275 378 1331 457 ο).
1644 386 1681 445 οι

72 498 162 577 μένοι,
191 497 216 554 εί
242 495 289 555 καί
316 519 355 577 τερ
388 496 508 557 δοκοῦσιν
545 497 684 579 ἀπόμαχοι
715 491 783 561 εἶναι
807 502 853 561 καί
908 508 996 573 καλῶς
1023 506 1069 567 καὶ
1096 509 1133 567 ’έν
1166 509 1260 589 κόσμῳ
1293 508 1338 567 καὶ
1373 507 1445 577 τάξει
1478 510 1565 571 πάνια
1589 522 1683 576 ποιεῖν.

69 586 157 646 ίκανοί
171 581 232 651 τοῦς
253 583 372 654 ἀπιόντας
386 584 544 663 ἀμύνεσθαι,
555 590 591 655 ῶς
608 589 695 654 καλῶς
712 612 742 647 τε
759 591 852 649 ῶτιλι-
910 593 1133 673 1ε1Ἆγωνίσασθε
1148 588 1192 655 οῦν
1212 599 1298 663 καλῶς
1312 597 1357 656 καί
1373 596 1450 666 ἀξίως
1468 602 1543 675 ὑμῶν
1557 622 1586 659 τε
1600 602 1685 662 αύτῶν

72 674 165 751 σμένοι
190 670 237 731 καὶ
261 671 386 749 πολέμων
414 672 553 755 ἔμπειροι,
581 675 628 735 καί
655 675 773 752 μάλιστα
800 681 852 737 τῶν
909 682 1019 742 καὶτῶν
1033 684 1264 766 προειργασμένων
1279 687 1356 761 ὑμῖν,
1369 688 1415 745 καί
1430 686 1497 763 μήτε
1511 690 1585 765 ὑμεῖς
1599 692 1686 767 μαλα·

72 764 101 822 ῖν
116 768 172 829 τοῖς
188 758 333 843 φρουρίοις,
348 760 408 820 ἀλλ’
416 762 477 841 ῖμυὶ
499 764 545 821 καῖ
570 762 604 823 τδ
625 764 724 824 τούτων
747 766 850 826 ἄπιστα
909 772 1035 844 κισθῆτε,
1050 774 1159 852 δρῶντες
1171 772 1232 853 περὶ
1245 771 1313 831 όαων
1329 777 1390 850 ὑμῖν
1405 776 1474 833 ἐστιν
1489 777 1503 833 δ
1517 774 1604 853 ἀγὼν,
1619 779 1687 856 μήτε

75 858 149 914 δοκεῖ
182 853 271 923 πάντα
295 851 341 911 καλ
361 852 491 933 σφαλερά.
535 855 568 931 (ε)
591 856 702 933 Πρῶτον
731 856 778 932 μίν
800 856 852 937 γάρ
908 865 962 925 τοῖς
977 858 1066 927 ἄλλοις
1080 861 1174 919 ένδῶτε
1194 864 1248 927 τοῖς
1269 864 1326 939 μεθ’
1343 865 1426 939 ὑμῶν.
1469 862 1553 942 Κάγὼ
1568 864 1596 924 δὲ
1610 866 1688 934 αύτδς

70 946 123 1003 ούκ
137 941 291 1013 ἐθελήσουσι
305 946 366 1001 νοῦν
382 939 487 1020 έχοντες
500 940 566 1024 ῦπίρ
584 941 729 1023 ἀλλοτρίων
748 947 853 1022 ἀγαθῶν
909 948 1011 1025 πρῶτος
1030 946 1180 1026 παρέσομαι
1195 950 1232 1027 τῷ
1252 946 1334 1027 ἔργῳ,
1353 952 1410 1024 μεθ’
1425 952 1498 1026 ὑμῶν
1513 974 1542 1011 τε
1563 953 1688 1029 δγωνιζό·

72 1031 211 1111 μάχεσθαι
243 1030 290 1089 καί
315 1038 403 1089 πονεῖν
441 1031 487 1089 καὶ
519 1032 546 1098 ῖς
578 1022 712 1112 πρυδπιον
736 1031 853 1095 κίνδυνον
906 1055 986 1110 μενος
1000 1033 1045 1093 καὶ
1068 1038 1119 1094 τῶν
1141 1035 1244 1115 ἑκάστῳ
1268 1036 1408 1114 δρωμένων
1431 1039 1535 1111 θεατής.
1577 1043 1611 1121 1ο)
1634 1044 1689 1104 Καὶ

71 1118 219 1197 ἰμδάλλειν
233 1116 343 1191 αύτούς,
362 1116 444 1195 μηδὲν
465 1121 641 1198 κερδαίνοντες
659 1121 747 1185 αύτοί·
762 1120 853 1181 ἔπειτα
909 1126 954 1178 νῦν
970 1118 1018 1199 μὲν
1033 1123 1111 1182 ἄπιτε
1125 1122 1199 1203 παρδι
1213 1121 1260 1193 τ·>,ν
1277 1124 1342 1184 ἰδίαν
1356 1126 1428 1194 τάξιν
1443 1126 1552 1194 ἕκαστος
1564 1130 1609 1188 καὶ
1624 1154 1690 1205 σκη-

74 1206 218 1287 ξύγκλυδές
236 1205 266 1266 τί
288 1207 339 1265 εἰσι
352 1208 399 1265 καί
414 1207 489 1266 άλλοι
512 1208 620 1267 άλλοθεν
638 1208 853 1287 ξυνεληλυθότες,
910 1208 976 1283 νὴν,
989 1208 1035 1268 καί
1056 1212 1259 1271 δειπνοποιεῖσθε
1277 1213 1322 1271 καὶ
1336 1214 1502 1273 ἀναπαύεσθε
1519 1214 1566 1275 καὶ
1582 1240 1689 1297 παραγ-

72 1298 120 1355 ἐπὶ
130 1296 161 1355 τδ
171 1293 264 1355 λαόεῖν
277 1294 417 1374 βλίποντες
428 1295 509 1372 μόνον
526 1295 572 1355 καί
586 1298 708 1356 ἀπελθεῖν
723 1301 793 1371 σῶς,
807 1300 855 1357 οὐκ
910 1296 1016 1374 γέλλετε
1032 1298 1174 1360 ταῦτακαὶ
1188 1308 1241 1366 τοῖς
1255 1303 1298 1381 ὑφ’
1311 1302 1371 1377 ύμῖν
1381 1324 1388 1339 ·
1400 1300 1479 1361 έωθεν
1491 1300 1518 1361 δέ
1530 1306 1690 1375 ἀναστάντες

73 1386 120 1445 ἐπὶ
133 1383 165 1443 τδ
179 1384 327 1463 μαχόμενοι
337 1385 492 1443 ἀποθανεῖν·
504 1381 573 1443 ὥστε
585 1392 628 1445 νῦν
641 1385 689 1463 μέν
700 1385 856 1466 ἀντέχονται
912 1386 1049 1447 ἐκτάττετε
1064 1386 1175 1456 ἕκαστος
1188 1388 1236 1459 τὴν
1248 1392 1342 1449 ἑαυτοῦ
1355 1388 1427 1458 τάξιν
1441 1393 1528 1458 καλῶς
1540 1416 1569 1453 τε
1583 1394 1629 1454 καὶ
1646 1394 1690 1465 ξῦν

73 1474 181 1541 πάντως
200 1471 246 1532 καί
262 1472 399 1550 μένουσιν,
413 1475 443 1532 ἐκ
458 1473 659 1548 διαλειμμάτων
682 1474 856 1554 ἀκροθολιζο-
912 1474 1007 1555 κόσμῳ
1014 1476 1145 1552 ,μηδενὸς
1158 1478 1346 1554 αἰσθανομένου
1356 1482 1408 1537 τῶν
1418 1476 1691 1551 ῖξωῆκατακούοντος

76 1561 164 1639 μένων
179 1560 224 1621 καῖ
247 1561 407 1642 μαχομένων
421 1565 517 1637 ἡμῶν,
534 1559 624 1643 ῶσπερ
639 1564 666 1621 έν
681 1565 789 1645 παιδιᾷ,
810 1588 856 1623 νο-
911 1564 991 1630 δλως·
1005 1565 1145 1641 ταξάμενοι
1164 1564 1191 1625 δέ
1206 1566 1297 1643 μένετε
1312 1572 1416 1639 σιωπῆ·
1432 1568 1498 1626 έπάν
1517 1567 1545 1627 δέ
1560 1572 1691 1644 ἀκούσητε

75 1651 195 1728 μίξαντες
216 1647 340 1711 τοιούτων
361 1651 438 1725 ἡμῶν
461 1654 603 1730 πειρᾶσθαι
625 1650 670 1708 καὶ
690 1656 737 1710 τοῦ
749 1654 856 1711 λοιποῦ·
880 1604 886 1712 1
910 1654 963 1709 τῶν
976 1654 1127 1728 πολεμικῶν
1136 1652 1250 1732 ᾀδόντων
1260 1652 1306 1712 καί
1316 1654 1346 1713 εδ
1356 1634 1473 1734 ξύνθημα
1482 1648 1691 1731 ῖδητε,ένταῦθα

1 1733 2 1738 “
75 1738 320 1823 1ο1δτανδδίδοισι
341 1738 386 1798 τδν
408 1738 525 1817 πόλεμον
541 1738 712 1820 περιρρέοντα
728 1740 775 1801 καῖ
789 1764 856 1800 παν·
911 1736 942 1798 εδ
956 1738 1031 1818 ἔργον
1046 1738 1181 1821 ὑμέτερον.
1199 1769 1212 1795 ι

74 1830 188 1908 ταχόθεν
202 1828 335 1905 λαμπρῶς
354 1826 517 1903 ἀντικείμενον
534 1826 580 1885 καῖ
598 1824 728 1907 φοόοῦντα
747 1827 794 1887 καί
812 1828 856 1888 τδν
954 1826 1003 1885 Ll.
1027 1827 1113 1887 ιΚαί
1135 1828 1167 1887 οῦ
1189 1818 1290 1907 μέν,ῶ
1313 1830 1457 1907 Χαμουξδ,
1470 1834 1620 1911 περιπλέων
1635 1843 1692 1905 ταῖς

74 1917 188 1977 θάνατον
210 1914 262 1995 πρὸ
280 1916 423 1996 ὀφθαλμῶν
443 1915 619 1995 ἀπαγόμενον,
640 1914 716 1989 τότε,
738 1908 767 1976 εύ
782 1908 856 1991 οῖδα,
911 1914 990 1975 ναυσί
1013 1914 1043 1974 τδ
1064 1913 1134 1977 κατδ
1156 1916 1292 1977 θάλασσαν
1306 1924 1407 1997 τεῖχος,
1421 1919 1479 1986 ταῖς
1495 1920 1543 1997 μέν
1557 1924 1608 1980 τῶν
1629 1926 1693 1982 νεῶν

80 2004 162 2080 μηδὲν
174 2003 355 2081 μελλήσαντας
365 2005 446 2079 δλως,
460 2002 582 2084 ῥίψαντες
599 2003 632 2064 τά
647 2002 716 2063 δπλα
731 2004 777 2063 καὶ
786 2008 858 2064 νῶτα
914 2001 1092 2081 ἀνακωχεύειν
1108 2004 1171 2063 εῖσω
1188 2006 1288 2084 βελῶν,
1303 2005 1394 2065 κελευε
1408 2006 1469 2074 τούς
1483 2030 1512 2066 τε
1530 2008 1635 2078 τοξότας
1648 2011 1694 2069 καὶ

78 2092 166 2158 δόντες
180 2092 372 2171 ἀποδράσουσιν
385 2091 590 2170 ἀμεταστρεπτί,
604 2091 650 2151 καὶ
664 2092 736 2150 οῦδὲν
753 2091 859 2153 ἔσταιτδ
914 2087 974 2154 τοὺς
985 2090 1032 2155 τὰς
1042 2090 1164 2169 μηχανὰς
1180 2092 1288 2171 ἔχοντα(
1298 2094 1324 2151 ἓν
1336 2093 1423 2172 χεροῖν
1438 2093 1484 2152 καί
1495 2092 1695 2176 ῖῦῦςτούφακαῖ

77 2183 199 2240 κωλῦσον
215 2177 307 2247 αθτοδς
318 2177 387 2251 ἔτιῆ
402 2180 546 2260 ίπιοχῆσον
562 2176 638 2248 όλως.
682 2180 715 2260 121
732 2182 765 2241 Εἰ
776 2181 802 2240 δὲ
813 2181 859 2240 καί
915 2176 1021 2255 βοδιλειν
1038 2179 1090 2238 ἀπὸ
1101 2182 1152 2237 τῶν
1167 2182 1400 2261 καταστρωμάτων
1415 2182 1473 2250 τοδς
1488 2182 1531 2242 ἐπί
1544 2187 1597 2243 τῶν
1611 2186 1693 2245 ῖπάλ·

75 2266 261 2349 παραμένουσι
285 2265 332 2327 καὶ
357 2270 477 2327 όπωσοῦν
505 2268 584 2346 (ἔστω
609 2267 683 2348 γάρ),
705 2270 765 2327 ἀλλ’
782 2272 860 2347 ἡμεῖς
914 2265 978 2333 ξεων
992 2264 1062 2324 οῦτω
1075 2288 1115 2325 τοι
1135 2272 1258 2341 πυκνῶς,
1274 2272 1310 2338 όις
1329 2270 1455 2347 μηδαμοῦ
1468 2270 1575 2339 τούτους
1595 2273 1694 2354 προκύ·

78 2354 174 2422 αύτοδς
189 2354 285 2437 ρορδίως
303 2356 454 2438 τρεψόμεθα
469 2357 545 2439 ῥώμῃ
565 2380 593 2417 τι
613 2358 660 2416 καί
674 2356 799 2437 ἐμπειρίᾳ
813 2358 858 2416 καί
913 2376 990 2411 πτειν
1012 2357 1057 2413 ε’ᾶν
1072 2356 1098 2423 ές
1111 2353 1146 2413 τά
1159 2354 1240 2425 ίξωῆ
1256 2356 1322 2423 δλως
1339 2356 1409 2437 ἔχειν
1431 2363 1578 2438 κεχρῆσθαι
1594 2363 1695 2428 έαυτοῖς

75 2444 181 2521 τόλμῃ,
194 2440 264 2501 ῶστε
277 2443 337 2502 ούδδ
349 2444 449 2503 τούτων
463 2448 579 2521 ἡγοῦμαι
592 2444 662 2505 πάνυ
676 2467 702 2503 τι
715 2445 780 2521 ἡμῖν
792 2435 859 2503 εἶναι
913 2444 952 2521 τῷ
972 2442 1094 2523 πολέμῳ,
1113 2444 1161 2510 τάς
1179 2442 1206 2503 δὲ
1225 2442 1373 2503 έποκελλων
1395 2445 1420 2503 εί
1440 2468 1485 2505 ποι
1506 2445 1626 2526 παρείκοι
1649 2453 1693 2507 τοῦ

75 2529 143 2610 πρδς
158 2530 236 2611 λόγον
249 2527 267 2601 ἢ
281 2531 415 2610 φροντίδος
430 2529 500 2601 ἀξιον
513 2531 591 2601 δλως.
613 2559 625 2584 ι
913 2528 1029 2608 τείχους,
1040 2530 1182 2611 προσάγειν
1193 2532 1278 2611 τούτῳ
1286 2530 1334 2600 τδς
1343 2532 1477 2612 κλίμακας
1486 2532 1544 2601 τοδς
1557 2534 1600 2594 έπδ
1608 2536 1694 2615 τούτῳ

120 2618 154 2679 L.
170 2648 183 2674 ι
198 2619 338 2680 Δείκνυται
355 2618 441 2680 τοίνυν
462 2620 488 2689 ἐξ
498 2620 622 2680 ἁπάντων
634 2622 692 2699 μεθ’
704 2624 781 2696 ἡμῶν
792 2608 859 2680 εῖναι
913 2616 1105 2694 τεταγμένους,
1120 2618 1189 2678 ὥστε
1203 2618 1347 2679 ἀπιύαίνειν
1371 2618 1413 2679 διδ
1437 2620 1535 2681 τούτων
1553 2630 1693 2703 πειρᾶσθαι

76 2706 128 2779 τὴν
140 2707 215 2780 νίκην
229 2708 276 2768 καί
289 2706 337 2779 τλν
350 2708 427 2769 πόλιν
448 2710 514 2784 ἡμῖν
529 2707 644 2780 άλωτιίν.
687 2710 769 2768 Πᾶσα
789 2706 858 2789 γάρ,
913 2703 973 2773 τοῦς
985 2705 1093 2774 ὁπλίτας
1106 2712 1152 2767 τοῦ
1166 2707 1278 2787 τείχους.
1322 2708 1377 2768 Καὶ
1386 2708 1455 2768 οὕτω
1470 2709 1595 2788 ἀγωνίζου
1606 2714 1694 2782 καλῶς

78 2800 117 2863 ῶς
137 2800 232 2876 δρᾶτε,
246 2796 366 2877 καθάπερ
388 2800 415 2856 ἐν
430 2796 533 2878 σαγήνῃ
556 2796 609 2857 τινί
628 2796 697 2857 κατά
709 2820 739 2857 τε
750 2800 799 2873 γῆν
814 2796 860 2855 καί
914 2791 961 2851 καῖ
976 2796 1058 2872 πειρῶ
1074 2794 1140 2876 ἀνὴρ
1155 2797 1250 2873 ἀγαθὸς
1269 2784 1346 2855 εἶναι.
1391 2789 1694 2878 1ο)Αὗτδςδί,ῶΖά·

76 2884 216 2944 θάλασσαν
240 2885 458 2958 ἀποκέκλεισται,
480 2885 525 2945 καὶ
542 2887 590 2945 ούκ
607 2884 706 2945 ίνεστιν
725 2886 792 2963 αὐτῇ
813 2889 860 2944 τοῦ
914 2904 990 2960 γανε,
1002 2880 1034 2939 οδ
1050 2882 1142 2950 διαόδς
1155 2883 1202 2954 τὴν
1214 2884 1328 2964 γέφυραν
1341 2883 1442 2963 ταχέως
1452 2882 1586 2961 πρόσόαλε
1599 2889 1637 2967 τῷ
1648 2891 1693 2947 τοῦ

76 2976 172 3033 λοιποῦ
193 2972 228 3031 τδι
250 2972 368 3052 ἡμέτερα
387 2972 459 3033 δπλα
473 2974 519 3032 καί
535 2974 582 3041 τδις
600 2982 693 3054 χεῖρας
714 2974 857 3052 διαφυγεῖν.
916 2969 1034 3051 Κέρατος
1049 2970 1132 3052 τείχει
1148 2973 1221 3047 μάλα
1242 2970 1395 3052 εὐρώστως,
1410 2972 1478 3054 έχων
1494 2973 1562 3050 μετδι
1584 2982 1695 3036 σεαυτοῦ

78 3061 115 3139 (a)
131 3062 236 3123 Γίνεσθε
248 3051 293 3120 σύν
305 3060 628 3140 ἀνδρεςδγαδοίαῦτοίτε
641 3064 731 3138 ὑμεῖς,
743 3060 860 3126 καὶτοὺς
914 3061 961 3117 καί
978 3058 1024 3127 τδις
1037 3062 1075 3127 ,ἐν
1093 3063 1131 3141 τῷ
1152 3060 1239 3139 λιμένι
1256 3064 1318 3127 ναῦς
1344 3060 1573 3141 ξυνεφαπτομένας
1593 3086 1635 3122 σοι
1649 3069 1695 3124 τοῦ

78 3149 139 3225 μεθ’
151 3149 225 3225 ὑμῶν
239 3147 340 3216 πάντας
362 3148 576 3228 παρακελεύεσθε
589 3150 742 3209 ἀκολουθεῖν
755 3171 783 3206 τε
797 3170 859 3226 γεν-
916 3146 1008 3254 ἔργον,
1022 3150 1067 3207 καί
1081 3150 1153 3225 γίνου
1168 3149 1233 3228 ἀνὴρ
1248 3148 1352 3227 ἀγαθός.
1377 3152 1411 3227 (ε)
1427 3148 1481 3209 Καί
1494 3149 1527 3207 σθ
1541 3148 1569 3209 δὲ
1582 3149 1695 3229 ὁμοίιος,

77 3236 231 3325 ναίωςὶῖιμῖν
242 3234 288 3294 καί
300 3235 372 3316 πάσῃ
385 3236 518 3320 προθυμία
531 3238 577 3296 καῖ
592 3237 694 3317 σπουδῇ
706 3240 731 3303 ἐς
742 3235 773 3294 τό
784 3234 859 3381 ἔργον
914 3256 937 3292 ω
952 3236 1104 3314 Καρατζία,
1116 3237 1184 3316 έχων
1196 3235 1255 3304 τοῦς
1272 3235 1339 3313 μετδι
1353 3242 1465 3295 σεαυτοῦ
1479 3238 1525 3295 καί
1541 3236 1634 3305 διαόδς
1647 3237 1695 3309 τὴν

77 3327 240 3405 κεχρῆσθαι,
254 3322 407 3397 νομίζοντας
419 3329 465 3385 τοῦ
479 3328 567 3393 καλῶς
580 3328 705 3400 πολεμεῖν
720 3323 860 3403 τρίαιναν
914 3321 1029 3403 τάφρον,
1050 3323 1181 3403 πρόσμιγε
1203 3330 1241 3402 τῷ
1263 3324 1333 3384 κατά
1357 3347 1386 3383 σε
1412 3324 1621 3405 παρερρηγμένῳ
1650 3332 1695 3385 τοῦ

78 3414 169 3486 αἴτια,
184 3412 214 3472 τό
233 3436 261 3472 τε
283 3411 378 3473 έθέλειν
398 3414 444 3473 καὶ
462 3414 492 3474 τδ
507 3413 676 3495 αἰσχύνεσθαι
693 3413 738 3473 καί
756 3412 787 3472 τδ
807 3421 860 3479 τοῖς
914 3411 1030 3489 τείχους,
1045 3412 1089 3471 καὶ
1110 3412 1267 3491 βιασάμενος
1286 3411 1346 3479 τοῦς
1368 3413 1588 3493 προμαχομένους
1602 3418 1695 3493 ῥωμα-

78 3502 193 3579 άρχουσι
216 3499 367 3561 πείθεσθαι·
378 3508 454 3560 τοῦτο
474 3503 496 3559 δ’
509 3501 566 3560 ἐστὶ
588 3502 636 3575 τὴν
659 3501 727 3560 ῖδῖαν
748 3498 858 3559 ἕκαστον
915 3498 982 3566 λέως
995 3503 1078 3581 πειρῶ
1090 3500 1233 3561 ἐπιόαίνεεν
1247 3499 1354 3579 τούτου,
1368 3501 1555 3578 ἀγωνιζόμενος
1571 3500 1695 3577 γενναίως

77 3587 154 3656 τάξιν
168 3588 255 3654 καλῶς
271 3596 360 3668 τηρεῖν
377 3589 424 3649 καὶ
440 3589 507 3666 μετδι
522 3593 597 3668 σιγῆς
609 3588 656 3649 καῖ
669 3588 770 3665 κόσμου
787 3588 813 3654 ῖς
830 3586 860 3647 τδ
915 3588 950 3653 ὡς
966 3585 1032 3669 ἀνὴρ
1053 3590 1159 3665 ἀγαθός.
1204 3588 1236 3669 (ι)
1253 3587 1308 3649 Καὶ
1323 3588 1396 3646 αὐτοὶ
1411 3587 1438 3646 δέ
1452 3591 1541 3666 ῦμεῖς,
1556 3589 1650 3649 Ἰσαάκ
1665 3612 1694 3648 τε

78 3674 157 3756 ἔργον
170 3674 253 3747 ἰέναι,
268 3674 338 3735 ῶστε
352 3674 399 3735 καί
412 3679 464 3735 τῶν
478 3673 733 3757 παραγγελλομένων
745 3673 822 3743 όξίως
831 3698 860 3734 τε
916 3674 961 3734 καῖ
975 3674 1175 3755 Μαχουμούτα,
1192 3675 1295 3757 ἔχοντες
1308 3674 1353 3741 τδς
1368 3674 1435 3741 ἰδίας
1449 3674 1532 3744 τάξεις
1546 3674 1694 3737 διαῦαίνετε
1712 3724 1714 3731 .

80 3764 185 3822 ἀκούειν
199 3764 276 3823 αύτδν
290 3764 376 3831 καὶές
389 3762 447 3831 τοῦς
460 3764 555 3831 ἀλλους
566 3769 649 3823 ταῦτα
660 3764 861 3843 διαπορθμεύειν
915 3761 963 3835 τὴν
977 3764 1074 3844 τάφρον
1088 3766 1212 3844 ἀσφαλῶς
1224 3764 1269 3825 καί
1283 3768 1407 3845 πειρᾶσθε
1422 3763 1465 3822 διδ
1486 3768 1538 3823 τῶν
1553 3764 1693 3841 κλιμάκων

80 3852 196 3929 δμοίως,
216 3851 262 3910 καί
282 3850 326 3911 ότε
349 3856 477 3929 σιγῶντας
500 3852 602 3912 ἐπιέναι
622 3850 691 3925 δέοι,
705 3860 798 3930 σιγᾶν,
815 3851 861 3910 καί
917 3850 1060 3909 ἐπιόαίνειν
1078 3856 1124 3912 τοῦ
1145 3852 1262 3930 τείχους,
1279 3856 1303 3911 οἱ
1318 3852 1344 3911 δέ
1358 3852 1460 3921 τοξόται
1481 3852 1526 3911 καί
1541 3856 1564 3913 ot
1579 3851 1625 3921 τδις
1642 3878 1695 3931 μη·

83 3940 162 3998 ὁπότε
173 3938 344 4018 δὲάμδοῆσαι
353 3939 485 4001 καλόνκαὶ
495 3939 660 4009 ἐπαλαλάξαι
670 3940 860 4019 μετάκραυγῆς
915 3938 1000 4018 χανδς
1009 3938 1111 4019 ἔχοντες
1121 3946 1165 3999 καὶ
1177 3940 1235 4007 τοὺς
1245 3938 1386 4023 τούιρακας,
1400 3942 1569 4019 βαλλέτωσαν
1581 3940 1694 4021 ἰσχυρῶς

85 4028 282 4109 φοόερωτάτνς,
294 4033 373 4088 τοῦτο
385 4036 482 4088 ποιεῖν·
494 4028 539 4088 καί
553 4027 604 4109 γδιρ
617 4030 653 4095 ῶς
668 4027 702 4087 τά
716 4027 801 4087 πολλδι
811 4030 861 4087 κάν
917 4024 977 4094 τοὺς
989 4027 1033 4086 ἐπὶ
1046 4029 1098 4085 τῶν
1112 4027 1262 4103 ἐπάλξεων,
1276 4031 1310 4093 ὡς
1322 4028 1353 4087 διν
1367 4018 1445 4099 ἧττον
1458 4027 1616 4109 ἀπείργωσιν
1627 4032 1695 4105 ῦμδς

84 4123 138 4183 τοῖς
153 4117 240 4182 ἄλλοις
253 4118 305 4174 τῶν
318 4116 443 4193 πολέμων
456 4123 532 4177 τοῦτο
545 4115 748 4197 ξυμφέρει,οι’νχ
762 4116 861 4189 ἥκιστα
915 4119 963 4186 τῆς
977 4114 1132 4183 διαδόσεως.
1176 4115 1272 4195 151Καί
1285 4118 1358 4193 ὑμεῖς
1370 4104 1449 4189 δδ,ῶ
1463 4116 1572 4189 Χαλίλη
1583 4116 1629 4177 καί
1641 4120 1695 4178 Σα-

85 4203 113 4261 δέ
133 4206 158 4270 ῖς
177 4204 367 4283 τειχομαχίαν·
386 4203 421 4263 τά
440 4228 469 4263 τε
490 4204 558 4263 ἀλλα
577 4204 773 4286 παραγγέλλετε
795 4215 862 4264 πᾶσι
918 4204 1028 4285 ρατξία,
1044 4202 1203 4285 ἑκατέρωθεν
1216 4208 1280 4282 έμοῦ
1294 4204 1341 4272 τδις
1354 4204 1440 4272 τάξεις
1453 4202 1557 4284 ἔχοντες
1577 4204 1622 4264 καὶ
1640 4226 1694 4282 μοι·

84 4404 316 4469 κλυδές1σύγκληδάς
327 4406 413 4466 codex,
423 4406 449 4456 in
459 4406 647 4470 φυοδεῖαεεραι
656 4408 694 4457 διτί
704 4412 739 4470 τῷ
748 4407 857 4457 λαθεῖν...
870 4406 914 4455 οῦκ
930 4405 969 4455 διτῖ
979 4410 1023 4469 τῷ.
1037 4404 1047 4469 11
1063 4432 1090 4441 -
1102 4404 1149 4469 §6.
1163 4403 1189 4454 εὖ
1202 4404 1266 4470 οῖδα]
1288 4403 1359 4454 addit
1377 4416 1443 4453 man.
1454 4410 1478 4453 2.
1491 4402 1546 4467 11-
1559 4403 1574 4467 §
1587 4408 1609 4455 7.
1628 4406 1690 4455 έστω

84 4475 214 4541 γᾰρ1ιιδι1.
229 4487 299 4540 tngo,
308 4475 381 4527 sicuti
395 4477 421 4527 in
434 4489 504 4539 seqq,
516 4476 594 4526 νοιθε
611 4476 669 4539 πρδς
682 4476 779 4539 λόγουῆ
793 4475 910 4541 φροντίδος
924 4476 987 4532 ἀξιον
1001 4477 1069 4531 ὅλως.

116 4548 144 4596 L.
160 4546 175 4609 §
191 4554 215 4596 2.
228 4546 321 4597 Γίνεσθε
339 4544 380 4596 οῦν
394 4545 454 4610 ew]
472 4545 616 4596 critobulus
630 4545 664 4597 oh
677 4546 764 4595 oculos
778 4544 865 4595 habult
877 4541 987 4595 Brasidoe
1001 4544 1139 4595 orationem
1150 4544 1215 4608 apud
1226 4544 1339 4607 Thucyd.
1353 4548 1376 4603 5,
1388 4548 1411 4605 9,
1422 4548 1446 4605 9,
1458 4542 1503 4594 ubi
1513 4562 1519 4591 ι
1528 4542 1576 4594 Καὶ
1586 4542 1654 4599 αὐτός
1665 4559 1691 4593 τε

85 4619 144 4681 ἀνὴρ
158 4618 247 4679 ἀγαθός
264 4618 384 4680 γίγνου...,
399 4620 440 4667 καὶ
452 4618 566 4681 δμεῖς,ῶ
585 4617 664 4681 ἀνδρες
686 4618 820 4680 ξύμμαχοι,
836 4616 1012 4673 ἀκολουθήσατε
1033 4616 1157 4678 ἀνδρείως,
1170 4618 1211 4665 καῖ
1225 4614 1338 4679 νομίσατε
1351 4614 1410 4663 εἶναι
1430 4620 1475 4664 τοῦ
1485 4615 1562 4671 καλῶς
1582 4614 1692 4673 πολεμεῖν

84 4687 113 4736 εδ
126 4688 211 4737 δθελειν
230 4688 271 4736 καῖ
284 4689 438 4752 αἰσχύνεσθαι
452 4688 555 4743 καὶτοῖς
570 4687 669 4751 ἀρχουσι
685 4689 815 4736 πείθεσθαι.
828 4684 907 4749 ss-§
926 4690 950 4735 ³.
964 4687 1004 4735 καὶ
1019 4686 1078 4746 μήτε
1093 4686 1160 4748 ὑμεῖς
1177 4684 1355 4749 μαλακισθῆτε].
1375 4684 1416 4733 Gr.
1432 4682 1543 4745 Thucyd.
1562 4686 1586 4742 5,
1597 4684 1622 4741 θ,
1638 4685 1667 4731 20
1682 4702 1689 4733 ι

83 4758 144 4807 ἀλλά
163 4760 222 4821 μήτε
234 4761 301 4822 ὑμεῖς
317 4762 491 4822 μαλακισθῖῖεε,
503 4760 601 4823 δρῶντες
612 4761 664 4822 περὶ
682 4759 747 4807 δσων
759 4759 773 4807 δ
786 4758 851 4818 ἀγών
867 4756 941 4820 δστιν,
958 4758 1006 4818 ἐγὼ
1018 4758 1044 4807 δὲ
1055 4758 1123 4811 δείξω
1135 4760 1183 4807 εῖτ.
1196 4756 1206 4821 11
1216 4782 1249 4795 -
1258 4754 1352 4818 ῖνδῶτε]
1371 4768 1406 4804 οε.
1422 4755 1449 4804 εδ
1468 4754 1637 4816 μαλακισθῆναι
1651 4752 1691 4804 νεῖ

86 4830 191 4890 μαλακόν
204 4846 236 4879 τι.
253 4829 293 4879 (δέ.
305 4828 426 4882 Herodot.
439 4834 465 4892 3,
476 4834 503 4879 51
520 4831 650 4889 εμαλακδν
669 4829 782 4879 δνδιδόναι
800 4828 940 4892 βουλόμενος
958 4828 1033 4879 οὐδέν.
1051 4828 1160 4892 ῖῖιιιῖμῖιί.
1180 4829 1234 4878 Hel.
1251 4830 1297 4876 508
1313 4846 1320 4876 ι
1334 4829 1363 4885 ἢν
1380 4824 1496 4887 δ’ῖνδιδιῐι
1511 4823 1615 4887 μαλακόν
1633 4838 1664 4875 τι.
1678 4824 1689 4889 11

86 4928 115 4934 -
128 4904 178 4956 τοῖς
194 4901 245 4960 μεθ’
258 4899 334 4963 ὑμῶν]
347 4906 394 4948 τῶν
407 4918 433 4962 μ.
444 4903 459 4950 θ
471 4918 478 4948 ε
490 4898 581 4951 codex.

116 4972 154 5019 LI.
167 4970 183 5033 §
195 4974 217 5019 1.
230 4968 359 5034 ταύρειος]
374 4969 392 5019 ἱ.
411 4983 432 5020 ο.
446 4968 642 5034 1αεῖῖε,ῖιιεεῖοε
659 4968 878 5035 ῖοα1ειιο,ιιοοςι.
891 4971 1017 5035 τουφέκια,
1032 4969 1099 5033 apud
1115 4969 1252 5019 Phranlzen
1271 4965 1450 5026 εηλεδολῖσκοι,
1460 4963 1527 5028 apud
1539 4966 1636 5015 nucum
1647 4983 1689 5026 μο-

83 5039 231 5089 λυδδοδόλοι.
244 5038 256 5102 1
267 5066 295 5075 -
309 5039 449 5104 κεχοῆσθαι]
460 5039 497 5090 εἰσ
507 5052 573 5089 man.
588 5046 612 5099 2,
624 5041 724 5103 χρῆσθαι
734 5053 800 5090 τινοιν.
817 5038 862 5102 1.1
879 5066 907 5075 -
924 5041 964 5090 δεδι
979 5040 1070 5091 τούτων
1088 5037 1224 5105 πειρᾶσθαι]
1239 5036 1297 5086 add.
1317 5046 1409 5098 margo.
1424 5033 1435 5097 11
1451 5058 1478 5067 -
1491 5034 1506 5097 §
1521 5040 1544 5084 2.
1561 5032 1690 5103 mem]

83 5109 123 5158 εῖο
143 5122 243 5173 margo,
260 5110 377 5172 πρόσμιγε
394 5112 477 5159 textus
492 5109 568 5159 etiam
585 5109 633 5160 hoc
650 5108 705 5160 Ιοσο
728 5110 802 5161 sicuti
817 5109 833 5174 §
846 5114 870 5161 θ.
887 5110 969 5175 1-ς
989 5115 1013 5162 4.
1031 5108 1204 5175 Μοχουμούια]
1225 5105 1375 5172 Μαχονμάτα
1398 5104 1484 5155 codex.
1497 5104 1536 5155 cf.
1560 5108 1582 5166 1,
1601 5107 1640 5168 27,
1662 5109 1688 5159 ῖ.

89 5178 101 5240 11
119 5204 147 5213 -
161 5180 434 5247 15.Χαλίλη]Χαλήλη
447 5182 535 5233 ωδσι.
