3809 5859
251 360 290 419 61
664 353 864 416 CRl'l'OBULI
885 351 1153 415 HISTORIARUM
1173 354 1248 413 ΗΒ.
1272 354 1296 431 1,
1321 356 1430 414 θεῖ-16.

249 490 295 549 καὶ
312 489 417 566 σόιμασι
440 488 486 547 καὶ
508 486 596 554 ὀπλοις
615 486 660 544 καὶ
681 485 786 567 πλούτῳ
804 487 849 545 καὶ
872 490 953 567 ἀρετῇ
968 491 1020 545 τῶν

249 577 414 639 ἐνοικούντων
436 576 481 635 καὶ
509 578 614 641 πολλοῖς
641 574 728 641 ἄλλοις
751 573 925 655 ὠχυρωμένον
956 573 1021 653 πρὸς

250 664 351 741 ἄμυναν
360 660 532 733 διανίσταντο,
542 661 703 739 καίρρούρία
718 663 815 740 έρυμνά
824 660 868 719 καλ
879 660 1020 719 δυσάλωτα

163 788 169 797 ·
248 752 293 810 καὶ
307 748 514 811 τόποιδύσόατοι
529 749 574 809 καλ
587 748 731 828 δυσχωρίαι
745 749 842 809 πολλαί
853 748 1021 824 καίποταμολ

249 839 363 916 ξυνεχεῖς
382 838 427 897 καί
450 841 478 897 ού
499 836 593 917 ῥηιδίως
612 836 732 895 ὀιάύατοι
750 835 795 894 καλ
812 833 899 893 πολλὰ
913 840 1021 894 τοιαῦτα

248 917 333 1005 εἶργον
350 924 442 993 αὐτούς
456 926 518 1004 (τοῦ
532 924 663 1004 πρόσω),
679 923 709 981 τό
728 924 755 981 δὲ
767 922 907 1003 μέγιστον,
922 923 949 980 αἱ
970 924 1022 980 τῶν

251 1013 394 1091 Ῥωμαίων
418 1012 540 1089 δυνάμεις
557 1012 626 1070 κατά
645 1034 674 1069 τε
697 1011 809 1089 γῆνκαὶ
828 1008 964 1067 θάλασσαν
979 1007 1020 1065 ἀεὶ

248 1102 318 1161 κατδι
339 1101 480 1180 πρόσωπον
498 1102 586 1167 αὐτοῖς
598 1099 786 1174 ἀνθιστάμενον
808 1097 855 1156 καὶ
871 1095 1021 1177 μαχόμεναι

250 1190 296 1248 καὶ
310 1188 409 1258 πολλὴν
429 1186 578 1247 ίναντίωσίν
596 1185 685 1245 τεκαὶ
709 1185 821 1262 ἀγωνίαν
844 1183 1019 1263 παρέχουσαι.

248 1276 296 1357 (10)
310 1274 380 1336 Ἀλλ’
395 1274 465 1350 ὀμως
479 1274 550 1333 οὐδέν
564 1271 662 1331 τούτων
673 1272 783 1352 ἐπέσχεν
797 1270 943 1337 αύτούςτσῦ
958 1270 1022 1350 πρό-

248 1387 301 1437 σω,
315 1364 367 1423 οὐδ’
384 1362 499 1422 ἐκώλυσε
518 1361 565 1431 τὴν
586 1362 684 1421 τούτων
700 1360 784 1440 ὁρμήν
806 1382 833 1417 τε
847 1358 893 1418 καλ
905 1358 1019 1435 ἀρετὴν,

248 1450 297 1517 έως
316 1450 421 1510 ἅπαντα
440 1449 684 1529 καταστρεψάμενοί
702 1472 730 1507 τε
749 1446 794 1507 καλ
814 1446 967 1513 καθελόντες
976 1470 1019 1505 τε·

248 1538 325 1604 λείως
336 1536 511 1617 ἐκρατύναντο
522 1536 569 1609 τὴν
582 1535 665 1616 ἀρχὴν
676 1536 801 1615 βεύαίως,
816 1535 862 1593 καὶ
875 1542 928 1600 τοῖς
940 1543 1021 1593 πᾶσιν

249 1624 424 1703 ἰσχυροτάτην
440 1624 594 1696 ἀπέδειξαν,
618 1624 708 1703 ἀνδρες
722 1623 814 1699 ἀγαθοὶ
827 1622 962 1698 γενόμενοι
975 1623 1018 1681 διά

247 1714 336 1778 τέλους
354 1712 399 1770 καὶ
420 1710 501 1787 μηδὲν
525 1716 571 1771 τοῶ
593 1710 619 1779 ἐξ
640 1714 723 1791 ἀρχῆς
742 1708 808 1775 ὅλως
826 1708 931 1791 θρέντες
948 1712 1019 1787 λογι·

247 1806 316 1876 σμσῶ
330 1798 376 1858 καλ
389 1800 564 1878 φρονήματος.
608 1799 654 1875 (11)
671 1800 834 1876 Κρατοῦντος
851 1794 899 1873 μέν
909 1795 959 1876 γάρ
968 1800 1020 1854 τῶν

247 1888 347 1967 έχθρῶν
359 1885 533 1963 ίπεξὴρχοντο
547 1883 625 1962 μέχρι
645 1886 761 1957 πολλοῦ,
775 1882 914 1960 νικώμενοι
927 1883 955 1942 δὲ
969 1886 1016 1943 ούκ

246 1975 403 2050 ἀνέπιπτον,
416 1973 473 2031 οὐδὲ
491 1972 538 2038 τάς
550 1970 667 2051 χρηστλις
682 1970 797 2051 ἀρῄρουν
810 1970 929 2057 έλπίδας,
947 1971 1016 2029 ἀλλά

245 2065 283 2143 τῷ
296 2084 325 2121 τε
341 2064 414 2142 σρῶν
436 2062 521 2119 αὐτῶν
543 2057 648 2139 εὐψύχῳ
670 2062 761 2135 καλιῇ
779 2060 866 2117 ἐλπίδι
886 2066 933 2118 τοῦ
951 2058 1018 2133 μέλ·

246 2152 335 2216 λοντος
345 2153 375 2208 τὸ
387 2158 439 2206 πᾶν
458 2147 638 2227 ἐπιτρέποντες
646 2147 706 2226 ,ἔτι
720 2145 747 2204 δέ
761 2146 806 2225 καὶ
825 2150 862 2226 τῷ
873 2150 920 2218 τῆς
932 2146 1016 2225 τύχης

247 2238 353 2317 ἀδήλῳ,
375 2228 447 2303 αύθις
461 2235 563 2316 εἴχοντο
584 2240 636 2295 τῶν
653 2232 817 2315 πραγμάτων
845 2234 1017 2313 ἐρρωμένως,

245 2326 393 2400 τολμῶντες
408 2322 455 2398 μὲν
472 2323 517 2381 καί
535 2319 608 2399 παρά
630 2322 757 2396 δύναμιν,
779 2319 970 2389 κινδυνεύοντες
991 2324 1018 2381 δὲ

246 2412 291 2471 καὶ
306 2410 378 2491 παρά
391 2409 515 2489 γνόιμην,
528 2414 553 2470 έν
569 2408 596 2468 δέ
612 2416 663 2476 τοῖς
677 2411 767 2475 δεινοῖς
780 2408 851 2477 ὄντες
871 2407 1017 2482 εὐέλπιδες,

198 2530 200 2539 ·
246 2498 359 2576 καὶμὴν
376 2497 505 2557 ἀνένδοτοι
519 2497 566 2574 μέν
582 2498 609 2555 έν
623 2496 719 2570 πόνοις,
732 2496 820 2557 ἄοκνον
842 2496 869 2556 δέ
888 2498 951 2576 πρὸς
965 2509 1018 2557 πᾶν

246 2586 277 2646 τό
296 2586 372 2655 δόξαν
386 2576 414 2647 ei
431 2586 501 2666 έχειν
515 2587 617 2655 αὐτοῖς,
632 2586 695 2665 πρὸς
709 2586 737 2646 δέ
756 2585 838 2663 μηδέν
858 2590 908 2645 τῶν
930 2590 1018 2647 καλῶν

247 2676 392 2752 μελληταί,
410 2673 474 2743 ὀξεῖς
490 2673 538 2751 μέν
549 2676 687 2744 ἐπινοῆσαι
703 2674 733 2731 τὸ
750 2673 823 2748 δέον,
839 2678 928 2753 ταχεῖς
947 2675 975 2732 δὲ
989 2674 1019 2734 τδ

246 2760 335 2836 νοηθέν
359 2760 426 2842 έργῳ
442 2762 560 2821 τελέσαι·
605 2759 652 2839 (ια)
668 2760 828 2836 ἀποδημίαις
848 2784 876 2819 τε
901 2768 1016 2839 μακραῖς

245 2850 380 2931 χαίροντες
398 2850 440 2909 ἀεὶ
454 2849 518 2927 πρὸς
529 2849 558 2908 τὸ
573 2847 685 2907 κτᾶσθαί
699 2872 724 2907 τι
739 2852 790 2907 τῶν
804 2850 852 2907 οὐκ
863 2846 955 2919 όντων,
971 2849 1016 2907 καὶ

245 2937 378 3013 μηδέποτε
394 2934 516 3013 μένοντες
527 2935 571 2994 ἐπὶ
584 2938 636 2994 τῶν
652 2937 752 3007 αὐτῶν,
773 2935 840 3009 μηδὲ
854 2935 913 3001 τοὺς
926 2937 1020 3003 ἀλλους

247 3027 352 3095 έῶντες,
366 3025 455 3102 τὸμὲν
470 3022 552 3103 παρὸν
570 3026 595 3091 ές
609 3022 681 3082 οὐδὲν
699 3024 860 3099 λογιζόμενοι
874 3023 918 3081 διά
931 3024 962 3081 τὸ
977 3024 1019 3082 ἀεὶ

245 3116 298 3171 τῶν
309 3112 428 3171 ἀπόντων
444 3112 569 3193 ἐρέεσθαι,
577 3112 607 3171 τὸ
619 3112 646 3171 δέ
657 3110 694 3189 μὴ
707 3112 759 3183 ἡδη
769 3112 872 3183 κτηθέν,
884 3113 1018 3181 ἀπινοηθὲν

246 3197 283 3271 δέ,
301 3201 336 3267 ῶς
347 3198 375 3257 ὀν
389 3200 556 3277 κατέχοντες,
572 3200 699 3279 ἐλάχιστα
716 3200 763 3275 μὲν
779 3200 957 3266 ἀπολαύοντες
967 3204 1018 3259 τῶν

246 3286 418 3364 ὑπαρχόντων
434 3285 477 3343 διά
497 3286 544 3357 τὴν
562 3294 607 3347 τοῦ
620 3286 737 3353 πλείονος
751 3288 853 3367 ἔρεσιν,
872 3288 912 3346 ἀεῖ
930 3287 958 3345 δέ
975 3312 1020 3363 μο·

244 3374 367 3451 χθοῶντες
375 3372 418 3431 διά
426 3372 473 3442 τὴν
481 3376 533 3431 τῶν
542 3370 579 3449 μὴ
585 3372 665 3431 όντων
673 3374 764 3443 κτῆσίν
771 3397 800 3433 τε
805 3374 850 3432 καλ
859 3376 1015 3447 ἀπόλαυσιν,

244 3464 298 3525 ταῖς
317 3458 364 3535 μέν
377 3458 545 3536 σύιμασινῶς
564 3460 707 3537 ἀλλοτρίοις
722 3459 853 3540 χρώμενοι
872 3462 937 3540 πρὸς
959 3462 1018 3531 τοὺς

244 3546 337 3613 πόνους
350 3545 434 3606 τεκαὶ
449 3547 591 3619 κινδύνους,
604 3549 665 3622 μηδ’
677 3547 743 3614 ὅλως
752 3547 848 3607 τούτων
864 3549 1010 3629 φειδόμενοι

1074 485 1212 561 ἐναγώνιον
1223 485 1305 546 τεκαὶ
1319 483 1439 545 ἐπίπονον
1450 489 1536 551 αὑτοῖς
1551 482 1783 560 καταστησάμενοι
1795 483 1840 549 τὴν

1075 574 1157 645 ζωήν,
1168 575 1195 639 ές
1205 578 1281 632 τοῦτο
1292 573 1402 645 δόξηςτε
1415 572 1461 632 καί
1473 571 1607 648 δυνάμεως
1617 563 1686 651 ἡραν
1698 570 1747 643 τλν
1761 571 1841 653 ἀρχὴν

1074 661 1120 720 καί
1131 660 1237 735 σώμασι
1253 661 1298 719 καὶ
1308 660 1429 740 χρήμασι
1441 660 1485 719 καὶ
1499 659 1588 727 ὅπλοις
1601 662 1646 718 καὶ
1655 660 1780 735 τριήρεσι
1799 662 1841 718 καῖ

1075 758 1140 807 πᾶσι
1148 755 1202 815 τοῖς
1211 747 1374 827 ὑπάρχουσι,
1387 747 1514 826 μεγίστην
1528 770 1555 805 τε
1577 745 1716 814 ἀπέδειξαν
1726 749 1773 805 καὶ
1781 748 1842 825 πρὸς

1074 836 1189 913 πόλεμον
1202 835 1248 894 καὶ
1259 835 1364 914 είρὴνην
1377 834 1605 913 αὐταρκεστάτην,
1624 834 1671 893 καὶ
1685 838 1752 909 ἡμῖν
1764 834 1842 912 παρέ·

1075 924 1168 983 δοσαν·
1209 924 1254 1001 (ιε)
1271 923 1303 993 ἡν
1319 922 1357 1001 μὴ
1368 925 1490 1004 φανῶμεν
1502 919 1666 1002 προδιδόντες
1681 922 1712 980 τό
1724 945 1758 999 γε
1770 924 1841 995 ἡμῶν

1076 1010 1168 1090 μέρος,
1184 1011 1252 1086 μηδέ
1271 1009 1317 1077 τάς
1330 1014 1382 1070 τῶν
1399 1009 1533 1089 προγόνων
1554 1009 1732 1090 ἀνδραγαθίας
1752 1009 1842 1088 ἀρτιέ-

1077 1122 1185 1175 σωμεν,
1204 1097 1271 1174 μηδέ
1283 1098 1330 1169 τὴν
1346 1098 1478 1177 ἡμετέραν
1496 1099 1580 1157 αύτῶν
1596 1096 1786 1175 ἀναιρὴσωμεν
1805 1097 1842 1154 ἐό-

1076 1186 1136 1260 ξαν,
1158 1187 1192 1257 ἡν
1210 1186 1323 1265 ἔσχομεν
1333 1188 1364 1244 έκ
1382 1186 1451 1245 πάνυ
1470 1186 1584 1260 πολλοῦ,
1605 1184 1753 1259 ὀνομαστοὶ
1774 1185 1844 1263 παρέ

1073 1283 1153 1334 πᾶσιν
1167 1275 1236 1341 ὀντες
1248 1276 1290 1332 ἐπ’
1306 1273 1397 1353 ἀνδρίᾳ
1409 1272 1455 1333 καὶ
1468 1273 1613 1352 στρατηγία
1624 1272 1670 1330 καῖ
1691 1275 1789 1349 ἀρετῇ,
1804 1274 1845 1329 κε’·Ι

1074 1360 1282 1439 ἀκαταγόινιστοι
1296 1361 1321 1427 ές
1334 1362 1409 1439 δεῦρο
1424 1358 1469 1418 καῖ
1481 1360 1612 1425 δοκοῦντες
1628 1358 1676 1417 καί
1690 1357 1778 1429 ὀντες,
1790 1368 1846 1434 μιᾶς

1073 1455 1117 1509 νῶν
1129 1449 1229 1514 πόλεως
1245 1447 1404 1523 ἡττημένοι,
1420 1446 1467 1506 καλ
1484 1446 1582 1518 ταύτης
1599 1445 1659 1505 ούτε
1677 1451 1727 1503 τοῦ
1742 1451 1844 1525 θαρρεῖν

1073 1534 1184 1613 ὀχούσης
1198 1534 1237 1593 ἔτι
1258 1532 1348 1612 καιρόν
1371 1531 1437 1611 ύπίρ
1455 1535 1562 1605 ἑαυτῆς,
1577 1531 1646 1592 ἀλλά
1667 1534 1849 1608 κεκενωμένης

1073 1622 1158 1679 διόλω
1173 1624 1225 1679 τῶν
1246 1621 1389 1699 οἰκητόρων
1411 1620 1524 1702 σχεδόν,
1541 1620 1628 1680 πάντα
1637 1620 1667 1678 δέ
1682 1620 1719 1677 τά
1739 1620 1848 1699 πρόσθεν

1073 1709 1142 1768 καλά
1166 1709 1391 1787 περικεκομμένης
1410 1709 1502 1767 τεκαὶ
1524 1707 1727 1788 περιῃρημένης
1746 1709 1850 1774 τελείως

1072 1801 1110 1876 τῷ
1124 1818 1153 1855 τε
1173 1800 1268 1874 μακρῷ
1284 1794 1372 1876 χρόνῳ
1392 1796 1438 1854 καί
1450 1803 1507 1860 ταῖς
1531 1794 1650 1873 ξυνεχέσι
1669 1798 1849 1874 καταδρομαῖς

1074 1884 1118 1941 καὶ
1141 1884 1302 1963 πολιορκίαις
1323 1888 1374 1942 τῶν
1404 1882 1554 1964 ἡμετέρων,
1572 1883 1618 1942 καῖ
1652 1882 1725 1958 μηδὲ
1750 1884 1849 1948 πολεως

1073 1970 1152 2045 ούσης
1167 1972 1219 2046 ίτι,
1232 1973 1317 2048 ὄνομα
1331 1972 1359 2031 ὀί
1374 1972 1451 2047 μόνον
1466 1971 1613 2043 σωζούσης·
1627 1970 1661 2030 τά
1677 1972 1702 2029 δ’
1716 1971 1791 2030 ἀλλα
1806 1975 1850 2046 γῆς

1073 2060 1199 2140 ἀροοίμου
1212 2061 1258 2119 καὶ
1270 2064 1356 2143 ρυτῶν
1371 2060 1416 2119 καὶ
1428 2061 1554 2137 ἀμπέλων
1567 2059 1709 2137 περίόολός
1721 2062 1809 2129 ἐστιν,
1819 2065 1850 2124 ῶς

1073 2150 1167 2228 δρᾶτε,
1183 2149 1228 2206 καῖ
1244 2149 1364 2225 ματαίων
1378 2150 1532 2224 οἰκοδομιῶν
1545 2170 1574 2205 τε
1589 2146 1634 2205 καλ
1648 2146 1750 2224 τοίχων
1768 2151 1849 2205 κενῶν

1073 2235 1226 2296 καὶτούτων
1238 2236 1358 2316 ἐρειπίων
1370 2239 1421 2294 τῶν
1433 2235 1573 2294 πλείστων.
1616 2235 1666 2314 (ιι)
1679 2233 1788 2312 Ὁρᾶτε
1797 2236 1844 2314 γάρ

1073 2325 1108 2389 ῶς
1120 2326 1146 2381 έν
1160 2326 1198 2403 τῷ
1211 2325 1285 2403 μέσῳ
1297 2323 1403 2399 κειμένη
1417 2327 1464 2395 τῆς
1476 2322 1607 2401 ἡμετέρας
1620 2326 1730 2401 ἀρχῆς,
1748 2325 1779 2381 ἐν
1796 2325 1851 2379 ε’πι·

1073 2409 1156 2487 καίρῳ
1170 2433 1198 2467 τε
1209 2414 1257 2487 γῆς
1271 2410 1317 2469 καλ
1339 2410 1488 2481 θαλάσσης,
1507 2409 1557 2468 ὅσα
1574 2409 1619 2467 καὶ
1634 2401 1677 2468 οἷα
1697 2410 1850 2489 πράγματα

1073 2497 1205 2577 παρέσχεν
1220 2503 1283 2574 ἡμῖν
1297 2499 1322 2567 ἐξ
1336 2500 1434 2578 ἀρχῆς,
1448 2497 1489 2557 ἀεὶ
1504 2501 1674 2573 πολεμοῦσα,
1691 2500 1740 2556 καὶ
1751 2504 1800 2556 νῶν
1815 2498 1851 2556 ἔτι

1075 2586 1203 2665 παρέχει,
1217 2594 1270 2653 τοῖς
1290 2587 1423 2664 ἡμετέροις
1436 2586 1590 2668 πράγμασιν
1610 2587 1795 2666 έρεδρεύουσα
1809 2590 1851 2644 καὶ

1072 2681 1127 2740 ταῖς
1141 2678 1216 2749 ἡμῶν
1232 2675 1362 2754 ἀκαιρίαις
1374 2675 1414 2734 ἀεὶ
1433 2675 1592 2755 έπιρυομένη
1608 2674 1655 2732 καί
1676 2674 1715 2732 τά
1738 2673 1850 2751 μέγιστε

1075 2762 1238 2839 βλάπτουσα.
1286 2764 1334 2841 (ιε)
1355 2763 1403 2830 Τίς
1425 2764 1476 2841 γάρ
1499 2766 1546 2821 ούκ
1568 2755 1649 2835 οἶδεν,
1669 2767 1710 2830 ὡς
1737 2764 1787 2821 ἐπὶ
1808 2771 1851 2822 ταῶ

1072 2849 1200 2928 ἡμετέρου
1227 2849 1354 2929 προγόνου
1376 2850 1531 2923 Παῖαζὴτοο
1556 2848 1655 2909 ἐκείνου
1684 2859 1784 2908 πᾶσαν
1806 2851 1850 2920 τὴν

1075 2937 1188 3015 ἑσπέραν
1210 2939 1315 3011 ἐκίνησε
1330 2938 1387 2997 καθ’
1403 2943 1478 3014 ἡμῶν
1500 2938 1621 3009 θταύτης
1641 2937 1787 3017 βασιλεὺς,
1802 2938 1851 2996 ἀπὸ

1075 3024 1122 3101 μέν
1136 3027 1252 3084 ὠκεανοῦ
1267 3026 1313 3083 καὶ
1334 3026 1495 3093 Μασσαλίας
1513 3026 1638 3091 Γαλάτας
1648 3050 1680 3085 τε
1695 3026 1759 3091 τούς
1773 3031 1850 3085 {m-

1074 3112 1141 3192 ρίους
1154 3114 1199 3172 καὶ
1215 3113 1380 3193 Πυρηναίους
1398 3113 1444 3172 καὶ
1462 3111 1616 3186 Ἱσπανοῖις,
1634 3112 1689 3170 ἀπὸ
1711 3112 1742 3169 δὲ
1753 3112 1851 3182 Ῥνζννοι

1073 3208 1193 3277 ποταμοῦ
1211 3201 1322 3259 καὶτῶν
1344 3201 1528 3283 προσαρκτίων
1542 3200 1659 3267 Κελτούς
1682 3199 1730 3258 καὶ
1754 3202 1853 3260 Κελτί-

1073 3286 1156 3367 ύηράς
1171 3310 1198 3345 τε
1213 3288 1257 3346 καὶ
1271 3290 1294 3348 Γ
1295 3286 1437 3366 ερμανούς,
1453 3287 1496 3347 τόν
1510 3311 1538 3347 τε
1551 3286 1678 3349 Παιόνων
1691 3289 1782 3346 τεκαὶ
1796 3295 1854 3348 zh-

1071 3377 1124 3433 κῶν
1146 3374 1256 3451 βασιλέα
1277 3375 1343 3434 πολύ
1363 3398 1389 3433 τι
1403 3378 1496 3455 χρῆμα
1515 3384 1640 3454 στρατιᾶς
1657 3374 1762 3453 ἄγοντα
1783 3376 1853 3433 κατὰ

1071 3466 1129 3539 γῆν,
1144 3460 1183 3521 ἔτι
1196 3462 1223 3520 δέ
1238 3462 1283 3521 καλ
1293 3461 1336 3520 διδι
1351 3468 1397 3521 τοῦ
1409 3467 1529 3538 ποταμοῦ
1550 3463 1664 3541 τριὴρεις
1675 3486 1684 3499 ·
1697 3462 1723 3521 οἳ
1733 3463 1784 3520 καὶ
1797 3465 1854 3521 δια·

1074 3550 1167 3617 όάντες
1178 3549 1223 3608 τόν
1236 3548 1341 3629 Ἴστρον
1359 3550 1405 3609 καὶ
1416 3548 1490 3630 παρά
1503 3548 1549 3616 τάς
1564 3549 1656 3610 τούτου
1675 3549 1762 3630 όχθας
1779 3552 1808 3607 ἐν
1820 3576 1851 3617 7

243 3634 483 3715 καλσεραλλομίνων
492 3634 630 3712 πολλάκις,
642 3635 687 3701 ti<
697 3635 950 3717 δέψυχάςάἡτιητοι
960 3638 1016 3696 δια·
1070 3637 1189 3717 ἡμετέρῳ
1212 3635 1496 3717 στρατοπεδεύσαντες,
1516 3638 1589 3696 οὐδὲν
1602 3639 1721 3698 ἐνενόουν
1738 3640 1852 3715 μικρὸν,

244 3720 381 3801 μένοντες,
395 3722 440 3781 καὶ
449 3722 530 3790 ούτως
543 3724 602 3783 όλον
616 3723 659 3781 τὸν
669 3724 733 3783 ἴδιον
748 3726 830 3783 αῖῶνα
844 3729 1015 3803 μοχθοῦντες,
1071 3724 1139 3783 ἀλλά
1152 3726 1296 3797 πθσαντὴν
1305 3726 1435 3807 ἡμετέραν
1450 3725 1558 3801 δύναμιν
1570 3724 1616 3784 καὶ
1630 3726 1719 3804 ἀρχὴν
1730 3731 1852 3785 καθελεῖν

272 3912 287 3974 §
303 3918 330 3961 10
347 3911 527 3977 Ἰσχιιροττῖτην]
542 3916 633 3977 ευρτιιῖ
650 3914 887 3978 παρατραπῆναι
903 3914 928 3963 in
945 3914 1024 3965 aliero
1036 3914 1120 3965 οοθῖοο
1137 3916 1210 3965 sumit
1230 3916 1386 3979 ίχνρωτάνην.
1405 3916 1416 3980 {l
1430 3916 1485 3979 -§
1499 3919 1572 3966 11.Ιιι
1587 3929 1641 3978 sqq.
1662 3917 1855 3967 Atheniensimn

242 3982 324 4043 potius
336 3995 411 4044 quam
423 3984 560 4033 'turcorum
575 3983 680 4033 indolem
692 3984 797 4033 describi
809 3984 908 4035 dixeris.
920 3985 1061 4035 Critobulus
1071 3986 1096 4034 in
1106 4001 1167 4034 usus
1177 3999 1234 4035 suos
1242 3986 1363 4036 convertit
1371 3986 1554 4048 Thucydideam
1562 3987 1702 4035 orationem
1712 3986 1855 4050 legatorum

243 4050 428 4101 Corinthiorum
441 4052 474 4115 (1,
486 4068 508 4103 c.
523 4058 553 4105 08
568 4056 637 4116 sqq.)
650 4057 675 4102 et
689 4054 788 4103 Periclis
803 4055 936 4105 orationem
947 4055 1074 4105 funebrem
1084 4058 1123 4120 (1,
1138 4061 1168 4105 35
1182 4058 1246 4117 sqq).
1261 4057 1271 4119 Ιι
1286 4084 1313 4092 -
1334 4055 1485 4121 κρατοῦντες]
1503 4054 1617 4119 Τλιιιογθ.
1632 4062 1652 4116 1,
1671 4060 1712 4116 70,
1729 4063 1748 4107 3
1768 4079 1777 4107 :
1800 4076 1856 4120 τερα·

243 4122 334 4176 τοῡντές
345 4138 370 4169 τε
378 4129 425 4171 τῶν
435 4125 523 4186 ἐχθρῶν
535 4125 573 4173 έπλ
584 4128 694 4173 πλεῖστον
702 4126 841 4187 ἐξέρχονται,
856 4128 896 4175 καὶ
908 4128 1032 4188 νικώμενοι
1042 4126 1079 4176 ἐπ’
1090 4128 1213 4189 ἐλάχιστον
1227 4127 1403 4176 ἀναπίπτουσιν.
1416 4127 1427 4189 ΙΙ
1441 4132 1515 4190 -τῷ
1526 4144 1551 4176 τε
1562 4132 1628 4189 σρῶν
1641 4128 1725 4175 αύτεῖιν
1735 4128 1857 4191 tib-5121}

244 4190 321 4239 Thuc„
342 4199 365 4249 2,
378 4196 417 4251 39,
436 4198 445 4241 1
465 4197 662 4250 ωπιστεύοντες...
675 4202 709 4257 τῷ
722 4196 760 4255 ἀρ’
774 4199 840 4258 ἡμῶν
858 4200 935 4245 αὐτῶν
950 4198 972 4252 ές
989 4199 1021 4246 τὰ
1035 4198 1092 4261 ἔργα
1105 4199 1211 4261 εῖψύχῳ.
1228 4198 1238 4260 Η
1256 4225 1288 4234 -
1306 4202 1463 4260 τολμῶντες...
1482 4198 1703 4262 εύελπιδεςΓῖλιιιε.
1720 4202 1747 4259 1,
1762 4202 1805 4258 70,
1821 4206 1856 4248 3:

243 4259 307 4341 αύθις
321 4264 343 4310 ολ
356 4264 396 4324 μέν
416 4264 454 4312 καὶ
473 4266 536 4327 παρὰ
556 4267 652 4329 δύναμιν
671 4268 784 4329 τολμηταὶ
797 4270 837 4317 καὶ
849 4270 911 4329 παρὰ
928 4269 1022 4329 γνώμην
1037 4271 1180 4319 κινδυνευταὶ
1195 4270 1235 4317 καὶ
1256 4271 1294 4319 ἐπί
1306 4275 1354 4325 τοῖς
1374 4272 1457 4326 δεινοῖς
1472 4270 1594 4326 εὐέλπιδες.
1614 4269 1625 4331 ΙΙ
1640 4295 1673 4304 -
1691 4270 1822 4319 ἀνέκδοτα
1836 4274 1856 4317 ἑ.

242 4329 337 4407 πονοιςι]
349 4331 427 4381 Thuc.
445 4338 466 4393 1,
480 4337 518 4395 70,
533 4339 547 4385 8
560 4354 566 4383 :
578 4338 702 4386 καὶταῦτα
717 4338 777 4399 μετὰ
790 4337 867 4387 πόνων
876 4338 954 4386 πάντα
964 4341 1006 4388 καὶ
1019 4340 1131 4389 κινδύνων
1145 4340 1175 4388 δι’
1186 4342 1241 4390 ὀλου
1255 4344 1298 4389 τοῦ
1307 4341 1391 4395 αἰῶνος
1403 4342 1538 4402 μοχθοῦσιν.
1555 4340 1610 4401 11-
1620 4337 1722 4401 ἀοκνοε]
1735 4333 1824 4388 Thur.
1836 4347 1857 4396 1,

243 4401 282 4481 λθ,
295 4404 328 4449 i:
343 4400 423 4449 ἄοκνον
439 4403 495 4465 πρὸς
515 4406 803 4466 ὑμᾶς1οαοεθωιιιοιιῖοε
822 4404 869 4471 sc.)
889 4407 1038 4472 μελλητάς.θ
1060 4434 1091 4447 ··-
1111 4409 1241 4472 ρελληταῖ]
1256 4410 1353 4469 ρεληταῖ
1366 4409 1421 4457 cod.
1436 4409 1447 4471 Ιλ
1461 4435 1491 4445 -
1511 4408 1582 4471 ὀξεῖς]
1600 4406 1680 4457 Thuc.
1703 4414 1735 4466 1,
1761 4412 1805 4468 70,
1821 4418 1857 4457 ε;

243 4476 367 4529 επινοὴσαι
380 4470 437 4526 ὀξεῖς
451 4473 493 4521 καὶ
508 4474 638 4525 ἐπιτελέσαι
652 4478 712 4540 έργῳ
729 4478 742 4527 θ
757 4480 786 4527 ἂν
804 4482 898 4538 γνῶσιν.

263 4540 289 4623 ·§
311 4545 347 4590 12.
361 4542 524 4606 Ἀποθημὶαις]
538 4544 615 4593 Thuc.
630 4551 650 4605 1,
669 4550 732 4607 70,4
753 4548 947 4610 ιάποδημηταὶ...
967 4550 1055 4599 οἴονται
1070 4550 1115 4613 γὰρ
1127 4556 1156 4614 τῇ
1168 4551 1272 4612 ἀπουσία
1282 4550 1310 4598 ἀν
1323 4549 1402 4610 (w)
1421 4566 1443 4599 τι
1460 4552 1573 4607 κτᾶσθαι,
1590 4547 1669 4610 0199
1684 4568 1691 4597 :
1709 4550 1783 4598 ὥστε
1798 4552 1859 4611 μήτε

242 4611 326 4667 αυτούς
341 4611 402 4673 ἔχειν
411 4611 513 4674 ἡσυχίαν
523 4616 581 4676 μήτε
590 4616 642 4673 τοὺς
650 4617 732 4672 ἀλλους
745 4619 878 4681 ἀνθρώπους
891 4621 940 4667 ἐᾶν.
955 4619 965 4681 ΙΙ
980 4647 1007 4655 -
1019 4621 1046 4669 τὸ
1061 4621 1102 4683 μἐν
1116 4623 1189 4684 παρὸν
1199 4624 1246 4670 etc.
1257 4622 1266 4685 ]
1277 4619 1355 4669 Thuc.
1372 4628 1392 4677 1,
1406 4622 1445 4677 70,
1456 4623 1470 4668 7
1484 4640 1490 4668 ι
1502 4620 1574 4669 Καῖά
1586 4618 1629 4678 μέν
1638 4620 1666 4667 ἀν
1678 4620 1860 4676 ἐπινοήσαντες

244 4681 280 4760 μὴ,
295 4680 415 4741 ἐξέλθωσι,
438 4682 513 4731 οῖκεῐα
532 4685 652 4749 στέρεσθαι
671 4690 790 4745 ἡγοῦνται,
814 4688 868 4736 ἀνθ’
888 4690 917 4737 ἂν
931 4688 1062 4745 ἀπελθόντες
1072 4691 1219 4748 κτήσωνται,
1232 4691 1300 4750 ὀλίγα
1312 4690 1368 4751 πρὸς
1376 4690 1406 4737 τὰ
1419 4690 1531 4750 μέλλοντα
1543 4692 1622 4751 τυχεῖν
1635 4687 1784 4749 πράξαντες.
1802 4690 1860 4748 θ·-

242 4750 354 4812 ὲλαχιστα
368 4751 408 4813 μέν
418 4750 574 4807 ἀπολαύοντες
581 4754 639 4817 010]
647 4755 728 4803 Thuc.
743 4757 764 4815 1,
774 4758 814 4817 70,
830 4762 864 4806 8:
879 4760 918 4805 καὶ
933 4758 1094 4807 ἀπολαύουσιν
1113 4759 1228 4821 ἐλάχιστα
1243 4761 1282 4807 διὰ
1300 4758 1328 4806 τὸ
1342 4756 1378 4805 ἀεὶ
1391 4759 1500 4806 κτᾶσθαι.
1514 4756 1526 4820 fl
1548 4784 1578 4793 -
1591 4760 1641 4812 τοῖς
1661 4758 1705 4818 μέν
1725 4758 1860 4819 σώμασινῖ

242 4819 321 4869 Thuc.
348 4824 368 4881 1,
389 4820 428 4880 70,
446 4826 483 4871 θι
503 4822 575 4871 ἔτιδὲ
593 4825 697 4887 τοῖςμὲν
712 4826 808 4886 σώμασι
829 4827 1019 4888 ἀλλοτριωτάτοις
1038 4830 1096 4891 ὑπὲρ
1118 4835 1159 4887 τῆς
1178 4830 1267 4883 πόλεως
1293 4834 1409 4890 χρῶνται,
1430 4833 1459 4890 τῇ
1474 4829 1556 4890 γνώμη
1577 4827 1602 4875 δὲ
1620 4827 1767 4890 οῖκειοτάτη
1784 4830 1814 4885 ἐς
1831 4834 1861 4877 το

243 4889 356 4950 πράσσειν
372 4908 394 4938 τι
408 4893 466 4954 ύπῖρ
475 4893 554 4951 αὐτῆς.
569 4892 580 4955 θ
598 4920 628 4933 -
639 4894 794 4959 μοχθοῦντες]
810 4896 886 4945 Τλειισ.
902 4902 923 4957 1,
934 4900 973 4956 70,
989 4902 1003 4948 θ
1017 4917 1023 4947 ι
1037 4898 1067 4947 δι’
1079 4901 1134 4949 ὅλου
1144 4902 1277 4955 τοῦαῖῶνος
1290 4901 1426 4961 μοχθοῦσιν.

271 4958 336 5020 §13.
354 4964 408 5010 Τῶν
426 4962 557 5026 ἡμετέρων]
573 4963 608 5013 sic
619 4978 688 5028 mgo,
707 4969 774 5026 ἡμῶν
789 4966 843 5015 cod.
862 4969 872 5029 ΙΙ
890 4992 921 5007 -»
937 4968 952 5030 §
972 4972 1009 5017 14.
1025 4971 1141 5032 ἀκαιρίαις
1153 4970 1189 5019 ἀεὶ
1203 4968 1359 5032 ἐπιρυομένη]
1370 4969 1407 5017 Cf.
1421 4973 1483 5029 1θ,θ
1505 4983 1512 5017 :
1531 4973 1579 5025 τοῖς
1600 4972 1670 5032 ἡμῶν
1688 4970 1863 5032 ἑπιρυομὲνην

242 5030 345 5091 σαθροῖς,
360 5034 433 5092 atque
452 5044 473 5081 σ.
491 5033 826 5092 18,οἰιια11αλῖεολιειιιεῑῖε
842 5036 951 5087 oratione
971 5057 978 5087 :
997 5038 1064 5087 πόλιν
1075 5041 1164 5103 ἐχθρῶς
1181 5042 1284 5102 ἔχουσαν
1300 5043 1357 5101 ἡμῖν
1379 5040 1403 5094 ἐξ
1421 5040 1494 5104 ἀρχῆς
1509 5041 1549 5088 καὶ
1561 5041 1596 5089 ἀεὶ
1618 5041 1786 5099 ἐπιρυομένην
1809 5046 1864 5095 ταῖς

241 5100 359 5160 ἡμετέροις
381 5102 461 5158 καλοῖς
475 5102 535 5166 (leg.
556 5104 652 5167 κακοῖς)
666 5106 705 5154 καὶ
719 5104 796 5155 πάντα
814 5106 899 5169 τρόπον
915 5108 1109 5158 έπιθουλεύουσαν
1120 5112 1162 5169 τὴν
1172 5112 1286 5171 ἡμετέραν
1298 5110 1380 5173 ἀρχήν.
1394 5109 1405 5172 ἡ
1417 5110 1469 5172 —§
1487 5114 1514 5158 15
1525 5107 1692 5172 Πνρηναίσυς]
1702 5111 1866 5172 Πυριταὶαυς

241 5170 265 5215 οι
283 5180 341 5217 mox
357 5171 498 5236 Κελτίβηρες
519 5174 605 5225 codex.
628 5175 639 5240 Η
660 5206 688 5219 -
708 5177 770 5227 κατὰ
785 5178 844 5243 γῆν]
861 5180 921 5229 Haec
937 5178 962 5228 in
981 5180 1090 5242 margine
1109 5180 1259 5243 supplentur.
