3809 5859
406 330 656 395 Μαουοωετιε
677 332 807 394 ANNUS
827 335 888 396 κιι
909 336 989 396 6970
1013 334 1197 411 (τισι-νισι
1220 334 1256 396 Ρ,
1273 331 1326 412 α).

47 494 62 519 ν
78 464 162 541 'Epi
173 468 219 536 τῆς
229 463 329 530 πόλεως
339 462 440 534 ταύτης
450 462 496 522 καὶ
504 467 557 522 τῶν
565 466 646 535 αύτής
658 463 800 542 οἰκητόρων
814 467 842 524 ίν

46 552 208 618 τοσαύταις
217 550 345 633 περιόδοις
356 554 421 611 ἐτῶν
435 548 573 621 ἐκδικητὴν
585 549 738 626 θταμιεύιτο
748 554 763 608 ό
774 551 842 618 θεός·

47 639 255 719 ἐχειρωσάμην
266 637 318 716 γάρ
330 637 390 705 τούς
403 637 627 717 τούτων-ἐχθρούς,
641 635 687 696 καί
698 637 744 703 τάς
753 636 841 705 πολεις

50 730 158 787 αὐτῶν
182 726 333 807 ἐπόρθησα,
349 726 395 785 καλ
417 728 519 787 Μυσῶν
530 723 603 784 λείαν
616 722 651 782 τά
671 722 769 783 τούτων
785 749 840 784 πε-

49 816 197 892 ποίημαι.
237 814 371 886 Ἕλληνες
387 811 439 891 γὰρ
461 804 529 884 ἦσαν
548 814 594 870 καί
617 812 777 871 Μακεδόνων
796 813 842 871 καλ

50 901 204 963 θετταλοί
217 900 263 960 καί
277 898 484 970 Πελοποννήσιοι
495 900 521 957 οἱ
533 895 635 971 ταύτην
648 898 735 956 πάλαι
747 898 848 977 πορθή·

52 1012 177 1063 σαντες,
189 978 227 1047 ῶν
243 973 402 1063 οῖ’άπόγονοι
411 982 550 1051 τοσαύταις
560 988 585 1052 ἐς
595 984 701 1064 ὕστερον
712 985 842 1065 περιόδοις

52 1080 201 1138 ἐνιαυτῶν·
217 1079 262 1133 ν’ύν
277 1073 337 1150 ἐμοὶ
355 1072 404 1143 τήν
424 1070 498 1142 δίκην
521 1071 665 1144 ἀπέτισαν,
684 1071 727 1130 διά
748 1094 775 1130 τε
796 1071 844 1142 τήν

51 1164 127 1225 τότε
153 1166 179 1230 ἐς
201 1160 260 1229 τοθς
274 1159 405 1226 Ἀσιανοθς
426 1164 497 1236 ἡμᾶς
520 1158 567 1217 καλ
588 1158 714 1225 πολλάκις
735 1158 842 1239 ὕστερον

54 1251 144 1331 ὕὸριν
160 1250 257 1309 αύτῶν.
273 1274 286 1298 1·

110 1323 408 1414 Χ11.’ορμηθελςο’ύν
428 1335 524 1392 ίκεῖθεν
540 1332 648 1412 ἀφίκετο
666 1332 711 1393 ίπὶ
725 1332 840 1405 Λεκτὸν,

57 1430 191 1491 κάκεῖθεν
218 1422 282 1503 άρας
302 1418 538 1503 στρατοπεδεύεται
564 1419 608 1479 ἐπὶ
630 1425 677 1492 τῆς
704 1421 844 1501 ἀντιπέραν

58 1515 183 1601 ἠπείρου
194 1514 241 1582 τῆς
252 1506 369 1582 Λίσόου,
382 1507 542 1587 καταντικρὺ
555 1508 718 1582 Μιτυλήνης.
733 1511 845 1588 Μαχοο-

60 1603 174 1679 μσύτης
192 1596 220 1657 δὲ
244 1596 364 1675 ἀναχθείς
389 1601 419 1656 ἐκ
454 1596 671 1661 Καλλιουπόλεως
696 1596 788 1655 παντί.
804 1599 843 1675 τῷ

60 1676 172 1775 στόλῳ,
186 1686 264 1746 ναυσὶ
279 1683 437 1757 διακοσίαις,
449 1684 563 1763 τριταῖος
578 1683 698 1764 καταίρει
714 1684 740 1751 l<
752 1686 843 1745 Μιτυ-

57 1777 153 1851 λήνην
174 1772 220 1833 καί
242 1770 408 1837 άπούιόάσας
430 1771 478 1842 τήν
501 1770 842 1851 στρατιάν,,στρατόπεδον

58 1865 171 1936 τίθησιν
187 1863 217 1920 ού
237 1860 328 1940 πόρρω
348 1863 395 1930 τῆς
414 1860 526 1926 πολεως.
570 1859 603 1935 (2)
623 1861 800 1929 Μιτυληναῖοι
817 1860 845 1918 δὲ

63 1952 131 2011 τότε
153 1953 258 2030 πρῶτον
291 1944 456 2026 ίπεκδρομήν
482 1945 656 2023 ποιησάμενοι
684 1945 730 2004 καλ
764 1948 844 2023 μηδὲν

62 2040 215 2119 δράσαντες
227 2036 308 2095 πάλιν
326 2034 501 2103 ξυνελαθέντες
521 2032 572 2093 imi
593 2036 646 2093 τῶν
667 2036 780 2093 ὁπλιτῶν
799 2035 844 2117 βίορ

63 2132 95 2195 ἐς
113 2126 162 2203 τὴν
176 2126 269 2195 πάλιν,
284 2123 433 2187 κλείσαντες
446 2120 494 2188 τάς
511 2120 595 2187 πύλας
610 2120 712 2198 έμενον.
726 2125 843 2202 Μαχου-

64 2215 174 2293 μούτης
200 2211 229 2271 δὲ
246 2212 337 2290 λόγους
358 2208 499 2289 προσφέρει
516 2212 619 2287 πρῶτον
637 2210 783 2276 αὐτοῖςκαὶ
806 2215 843 2291 τῷ

66 2307 146 2382 σφῶν
159 2298 288 2379 ἡγεμόνι,
306 2299 330 2356 εἰ
348 2298 481 2377 βούλοιντο
494 2297 654 2377 παραδόντες
674 2297 781 2365 έαυτοθς
796 2302 842 2359 καὶ

64 2390 122 2461 τὴν
144 2390 222 2448 πολιν
242 2385 374 2463 ξυμβῆναι
394 2387 432 2465 τῷ
448 2386 564 2468 βασιλεῖ·
585 2388 621 2451 ῶς
634 2388 657 2443 δ’
670 2387 717 2445 ούκ
737 2386 842 2465 ἔπειθε,

66 2478 167 2553 πρῶτα
188 2471 237 2550 μέν
261 2472 345 2553 ἔκειρε
366 2470 401 2530 τθι
421 2471 471 2541 ἔξω
495 2477 542 2543 τῆς
563 2471 652 2551 χώρας
673 2472 720 2531 καλ
742 2474 843 2551 έδήωοε

69 2563 181 2634 πάντα,
196 2559 288 2619 ἔπειτα
307 2561 520 2641 περισταυρῶσας
533 2559 582 2631 τὴν
602 2559 677 2619 πόλιν
692 2560 738 2619 καλ
754 2561 844 2642 κύκλῳ

69 2646 224 2732 περιλαύῶν
240 2654 278 2729 τῷ
292 2652 397 2728 στρατῶ
411 2649 457 2708 καί
477 2646 598 2728 μηχανὰς
612 2648 755 2719 ἐπιστήσας
778 2650 842 2708 ἐπο-

70 2738 188 2817 λιόρκει,
205 2735 250 2794 καί
265 2743 309 2794 τοῦ
324 2736 372 2810 μὲν
385 2734 487 2814 τείχους
501 2736 527 2791 ἐν
537 2732 595 2805 ἓξῆ
611 2735 678 2792 έπτθι
691 2738 748 2802 ταῖς
771 2734 844 2804 δλαις

69 2826 185 2906 ἡμέραις
206 2824 342 2883 κατέσεισε
363 2824 408 2881 καὶ
433 2821 589 2902 κατέρριψεν
610 2824 657 2881 ούκ
677 2822 763 2900 ὀλίγον
786 2828 844 2892 ταῖς

72 2914 220 2992 μηχαναῖς.
264 2914 297 2991 (ε)
313 2913 349 2969 Οἱ
360 2911 388 2970 δὲ
404 2912 430 2969 ἐν
442 2914 476 2986 τῇ
489 2908 564 2969 πόλει
577 2912 612 2975 ῶς
626 2900 693 2967 εἶδον
711 2909 742 2969 vi
759 2913 845 2989 τεῖχος

68 2998 295 3081 κατερριμμένον,
306 2998 412 3076 κεραίας
422 2996 539 3075 μεγάλας
550 2994 727 3074 ἐπαγαγόντες
736 2999 781 3056 καί
796 3022 844 3058 πε·

73 3087 300 3168 ρισταυρῶσαντες
309 3084 373 3143 ιιύτὸ
381 3082 475 3143 έσωθέν
484 3106 513 3141 τε
524 3081 570 3141 καὶ
580 3080 680 3153 ἔξωθεν,
688 3081 732 3139 καὶ
741 3086 791 3159 γῆν
799 3084 856 3142 καῖ’

67 3176 140 3249 ύλην
155 3177 237 3247 ἄλλην
249 3173 320 3232 ἔνδον
333 3170 537 3252 ίπιφορήσαντες
548 3170 679 3248 ἐμάχοντο
693 3168 736 3228 ίπ’
751 3171 843 3232 αὐτοῦ.

75 3267 109 3343 (ι)
153 3262 282 3329 Βασιλεύς
308 3260 350 3333 δέ,
369 3260 453 3340 πέραν
474 3258 527 3318 ἀπὸ
545 3262 591 3317 τοῦ
608 3257 785 3337 στρατοπέδου
810 3258 844 3317 τὰ

71 3350 197 3431 δρώμενα
211 3354 334 3425 σκοπῶν,
349 3348 435 3407 ούκέτι
447 3347 553 3425 μέλλειν
567 3345 634 3426 ᾤετο
648 3346 718 3424 δεῖν,
733 3348 792 3404 ἀλλ’
806 3350 842 3412 ὡς

76 3442 188 3519 τάχιστα
210 3436 431 3519 παρασκευμστέοι
453 3428 482 3495 οἵ
501 3427 568 3495 εῖναι
581 3436 661 3494 παντὶ
680 3438 719 3515 τῷ
739 3439 843 3516 στρατῷ

73 3529 121 3585 καὶ
136 3528 209 3606 πάσῃ
224 3527 331 3601 δυνάμει
345 3524 504 3605 προσύαλεῖν
517 3529 551 3604 τῇ
566 3523 656 3597 πόλει,
671 3528 707 3590 ῶς
724 3522 844 3583 αύτοὸοελ

73 3615 173 3684 ταύτην
192 3612 324 3694 αίρήσων·
342 3613 387 3669 καλ
405 3611 498 3670 αὐτίκα
517 3610 617 3670 κελεύει
631 3610 793 3678 διαύιόάζειν
816 3613 841 3677 ἐς

70 3702 122 3774 τὴν
140 3706 218 3774 νῆσον
240 3702 288 3772 τήν
304 3698 431 3778 στρατιάν
453 3698 546 3757 καὶτὸ
572 3696 705 3755 ὁπλιτικὸν
719 3695 789 3754 ἅπαν
804 3696 843 3753 ότι

1607 336 1666 397 {45
1679 382 1684 391 .

896 465 979 542 δμῶάς
994 469 1020 533 ἐς
1035 465 1129 546 τριήρη
1144 471 1297 546 περαιοῦται
1313 463 1359 527 καὶ
1373 462 1450 533 αύτθς
1464 468 1490 531 ές
1505 463 1552 537 τήν
1571 469 1665 539 νήσου,

895 553 941 612 καλ
952 554 1132 633 ξυγγενόμενος
1147 552 1335 635 Μαχουμούτει
1348 554 1504 611 πυνθάνεται
1524 553 1585 634 περὶ
1597 554 1666 615 πάν·

895 664 956 700 των·
973 641 1064 701 ἔπειτα
1080 642 1252 720 παριππεύων
1266 640 1424 702 κατεσκόπει
1438 640 1485 712 τήν
1496 642 1583 715 πολιν,
1594 642 1626 701 τά
1637 666 1666 701 τε

895 728 1016 807 ἐπίμαχα
1028 728 1073 787 καί
1083 730 1214 814 άπόμαχα
1224 720 1323 801 ταύτίγς
1335 725 1404 789 κατά
1412 732 1462 807 γῆν
1474 752 1502 788 τε
1516 728 1667 789 καίθιίλασ-

896 838 962 892 σαν,
975 818 1020 875 καὶ
1032 816 1132 875 κελεύει
1143 815 1191 888 τήν
1204 815 1328 897 στρατιάν
1343 813 1511 876 ἐκτάττεσθαι
1523 826 1612 876 πᾶσαν
1621 816 1667 876 καλ

896 901 943 970 τάς
957 903 1069 983 τριήρεις
1078 905 1240 979 ὁπλίζεσθαι,
1250 910 1285 971 ὡς
1297 904 1350 965 άπὸ
1365 904 1497 977 θαλάσσης
1504 906 1669 983 προσύαλοιί·

898 1015 946 1058 σας
961 995 990 1051 ἐκ
1004 997 1050 1051 τοῦ
1062 994 1176 1069 λιμένος.
1221 992 1251 1071 (ο)
1267 993 1315 1053 Ἐν
1329 992 1412 1075 τούτῳ
1425 988 1454 1052 δὲ
1466 997 1490 1052 οἱ
1503 997 1528 1053 ἐν
1546 998 1579 1073 τῇ
1594 995 1668 1054 πόλει

897 1078 964 1136 καὶὸ
980 1077 1080 1137 τούτων
1091 1080 1253 1159 ἡγιμὼν,ύνς
1262 1072 1328 1139 είδον
1341 1079 1385 1141 τόν
1399 1103 1428 1140 τε
1438 1080 1550 1159 βασιλέα
1558 1106 1670 1163 περαιω·

900 1166 974 1229 θέντα
989 1165 1034 1225 καί
1049 1166 1097 1239 τήν
1113 1167 1239 1248 στρατιὰν
1252 1170 1520 1250 παρασκευαζομένην
1536 1171 1605 1229 κατά
1617 1176 1666 1250 γῆν

896 1277 925 1313 τε
942 1253 988 1313 καλ
1011 1254 1144 1314 θάλασσαν
1170 1258 1257 1322 αὐτοῖς
1280 1256 1455 1336 προσόαλεῖν,
1477 1256 1609 1325 δείσαντες
1631 1259 1668 1335 μή

897 1341 971 1413 εύθθς
983 1341 1145 1422 άνάρπαστοι
1163 1342 1291 1423 γένωνται
1312 1343 1357 1424 βίᾳ
1380 1352 1433 1411 τοῖς
1454 1342 1543 1411 ύπλοις
1560 1346 1666 1415 ἁλόντες

900 1430 946 1509 (τό
962 1426 991 1489 τε
1004 1430 1054 1509 γάρ
1065 1438 1151 1509 τεῖχος
1165 1431 1253 1510 ἑώρων
1277 1431 1482 1511 κατερριμμένον
1496 1440 1554 1501 ταῖς
1577 1459 1667 1513 μηχα·

897 1522 967 1596 ναῖς,
982 1524 1025 1577 τοῦ
1046 1542 1075 1577 τε
1097 1524 1210 1598 στρατοῦ
1227 1518 1259 1579 ’.δ
1272 1522 1368 1592 πλῆθος
1390 1520 1495 1600 ἄπειρόν
1514 1523 1602 1581 τεκαὶ
1617 1529 1669 1604 βω·

898 1610 996 1682 μαλέσν
1016 1607 1061 1664 καὶ
1078 1608 1260 1685 κατάφρακτον
1276 1606 1345 1666 ἅπαν
1364 1608 1413 1680 τήν,
1429 1632 1457 1667 τε
1478 1614 1523 1668 τοῦ
1539 1612 1667 1688 βασιλέως

897 1695 981 1773 ὁρμήν
997 1695 1128 1754 ἀνένδοτον
1143 1686 1235 1772 ούσαν,
1248 1697 1283 1763 ῶς
1294 1695 1347 1754 οὐδ’
1362 1695 1411 1769 ἂν,
1423 1696 1448 1754 εί
1461 1721 1485 1755 τι
1501 1698 1546 1757 καὶ
1558 1699 1668 1779 γένοιτο,

899 1787 946 1853 τῆς
966 1782 1045 1853 νήσου
1070 1785 1236 1858 ἀποστῆναι,
1264 1784 1286 1839 εί
1310 1782 1347 1859 μή
1371 1784 1469 1853 ταύτην
1498 1786 1602 1863 αἱρήσει
1627 1782 1692 1847 τε·Ι
1758 1851 1759 1855 ,

899 1869 1001 1948 λείως),
1018 1869 1154 1945 πέμπουσι
1167 1870 1282 1948 κήρυκα,
1294 1869 1433 1937 ἐνδιδόντες
1447 1872 1554 1939 ἑαυτούς
1568 1875 1612 1933 καὶ
1622 1876 1669 1949 τήν

897 1957 973 2016 πόλιν
998 1961 1036 2036 τῷ
1062 1959 1182 2034 βασιλεῖ,
1213 1957 1259 2017 καὶ
1289 1955 1344 2033 ἅμα
1376 1958 1492 2036 δεόμενοι
1520 1958 1671 2039 ξυγγνώμης

898 2051 1002 2122 τυχεῖν,
1031 2042 1072 2101 ότι
1099 2040 1136 2119 μή
1160 2042 1233 2109 εύθύς
1256 2042 1465 2124 προσεχώρησαν
1501 2044 1667 2123 καλούμενοι.
1696 2048 1701 2059 ’

903 2133 934 2207 (7)
978 2130 1032 2191 Καί
1044 2134 1057 2189 ό
1071 2130 1191 2209 βασιλεὺς
1204 2130 1308 2209 δέχεται
1326 2130 1431 2199 τούτους
1450 2130 1496 2190 καὶ
1512 2132 1602 2193 δίδωσι
1622 2137 1668 2192 αὖ·

897 2220 949 2285 τοῖς
970 2218 1004 2276 τθι
1024 2217 1119 2278 πιστά·
1136 2221 1169 2293 οἱ,
1180 2218 1209 2276 δὲ
1230 2219 1406 2290 Μιτυληναῖοι
1418 2216 1501 2286 ἐξίασι
1512 2223 1559 2291 τῆς
1572 2222 1671 2289 πόλεως

898 2304 965 2382 μετὰ
979 2310 1023 2364 τοῦ
1034 2309 1104 2386 σφῶν
1115 2305 1239 2382 ἡγεμόνος
1248 2304 1526 2384 καλπροσκυνήσαντες
1539 2308 1582 2367 τδν
1595 2313 1671 2387 βασι·

897 2393 945 2453 λέα
962 2391 1139 2472 παραδιδόασι
1149 2390 1247 2461 ταύτην
1259 2393 1339 2473 αύτῷ.
1358 2390 1392 2453 Ὁ
1406 2388 1549 2473 δὲδέχεται
1563 2394 1668 2463 τούτους

900 2479 1006 2559 ἡμέρως
1021 2479 1068 2538 καλ
1090 2480 1212 2558 δωρεῖται
1226 2477 1382 2559 φιλοτίμως·
1399 2467 1488 2538 ἔπειτα
1513 2481 1625 2540 ἐσελθὼν
1644 2486 1669 2549 ές

899 2567 946 2637 τήν
964 2567 1041 2625 πολιν
1056 2565 1180 2625 ἐθεάσατο
1192 2574 1280 2623 πᾶσαν
1300 2567 1405 2638 καλῶς,
1429 2567 1477 2625 καὶ
1497 2567 1579 2635 ἔδοξεν
1595 2570 1668 2647 αύτῷ

860 2718 866 2731 ,
898 2652 994 2734 ἓρίστη
1009 2678 1038 2713 τε
1050 2653 1106 2731 ἅμα
1119 2653 1165 2712 καλ
1188 2653 1326 2725 καλλίστη.
1345 2648 1460 2713 Ἥκουσι
1474 2654 1502 2713 δέ
1514 2656 1559 2715 καὶ
1571 2657 1595 2714 οἱ
1614 2657 1667 2716 αἰπθ

898 2748 949 2801 τῶν
972 2740 1057 2801 σίλλων
1089 2740 1216 2822 φρουρίων
1240 2740 1286 2801 καί
1314 2744 1501 2820 πολισμάτων,
1531 2742 1669 2810 ἐνδιδόντες

900 2827 1007 2895 ἑαυτούς
1020 2827 1113 2887 καὶτὰ
1128 2828 1249 2909 φρούρια.
1276 2827 1308 2907 (ε)
1352 2828 1478 2895 Βασιλεύς
1501 2830 1527 2887 δέ
1541 2828 1669 2910 τέσσαρας

898 2916 961 2982 iia<
974 2916 1074 2994 ἡμέρας
1095 2918 1121 2975 έν
1144 2920 1176 2996 τῇ
1201 2914 1273 2997 νήσῳ
1290 2914 1421 2993 διαγαγὼν
1436 2918 1482 2974 καὶ
1506 2918 1667 2995 θεασάμενος

900 3002 982 3071 αὐτὴν
1001 3003 1046 3061 καὶ
1066 3000 1100 3060 τδι
1120 3004 1145 3061 έν
1161 3003 1227 3081 αὐτῇ
1243 3002 1347 3075 πάντα,
1371 3005 1416 3063 καὶ
1438 3003 1576 3079 θαυμάσας
1591 3008 1621 3064 τό
1641 3030 1669 3065 τε

900 3088 1008 3166 μέγεθος
1028 3087 1074 3147 καὶ
1094 3088 1189 3155 κάλλος
1217 3090 1297 3160 αὐτῆς
1318 3089 1363 3149 καί
1384 3088 1432 3159 τήν
1454 3090 1535 3162 άλλην
1557 3096 1604 3163 τῆς
1621 3096 1670 3171 γῆς

898 3176 993 3258 ἀρετήν
1015 3176 1061 3235 καί
1084 3177 1266 3252 κατασκευήν,
1280 3170 1351 3243 αύθις
1364 3177 1447 3254 ἐμῶδις
1468 3180 1494 3248 ἐς
1512 3179 1605 3259 τριήρη
1620 3204 1670 3239 πε-

899 3268 1018 3341 ραιοῦται
1032 3266 1056 3331 ἐς
1066 3261 1096 3321 τδ
1107 3263 1292 3343 στρατόπεδον,
1307 3263 1461 3323 καταλιπιθν
1471 3266 1669 3346 Μαχοομούτεα

897 3350 1030 3410 διαθέσθαι
1044 3344 1078 3410 τά
1092 3350 1163 3410 κατδι
1177 3352 1224 3425 τὴν
1235 3352 1310 3411 πολιν
1323 3351 1425 3426 καλιήν
1441 3356 1534 3427 νῆσον,
1546 3357 1582 3421 ῶς
1592 3374 1670 3434 προσ·

897 3438 1007 3517 ετάχθη.
1048 3438 1127 3516 (ο)Ὁ
1149 3438 1175 3498 δὲ
1203 3439 1302 3507 πάντας
1314 3439 1373 3507 τοὺς
1390 3442 1417 3499 ἐν
1438 3444 1470 3520 τῇ
1494 3442 1570 3501 πόλει
1591 3433 1669 3510 ξυνά-

897 3524 1006 3603 γαγὼν,
1029 3525 1122 3607 ἄνδρας
1141 3526 1171 3585 τί
1193 3550 1262 3609 φημι
1275 3529 1321 3587 καὶ
1344 3536 1470 3604 γυναῖκας
1491 3528 1537 3587 καλ
1555 3530 1666 3601 παῖδας,

901 3614 993 3671 διεῖλεν
1012 3616 1037 3679 ἐς
1062 3613 1154 3694 μοίρας
1171 3624 1255 3693 τρεῖς,
1271 3614 1316 3673 καὶ
1335 3614 1382 3685 τὴν
1398 3614 1446 3691 μέν
1467 3614 1574 3693 πρώτην
1598 3615 1670 3674 εἴασε

902 3699 988 3775 μένειν
1005 3699 1048 3758 ἐπὶ
1062 3705 1109 3771 τῆς
1121 3701 1221 3767 πόλεως
1234 3702 1279 3759 καί
1298 3710 1428 3761 κατοικεῖν
1444 3701 1536 3777 αύτήν,
1561 3702 1669 3781 ἔχοντας

71 3790 196 3870 τάχιστα.
224 3788 277 3848 Καλ
298 3790 322 3846 οί
343 3785 390 3863 μὲν
420 3784 561 3846 διέύαινον.
605 3785 643 3864 (ε)
669 3783 796 3851 Βασιλεύς
819 3785 842 3840 δΙ
900 3784 946 3843 καθ
960 3787 1116 3863 νεμομένους
1131 3788 1163 3845 τά
1183 3792 1299 3861 ἑαυτῶν,
1313 3792 1357 3847 καλ
1378 3789 1421 3847 τὸν
1445 3788 1588 3866 εἰθισμένον
1610 3791 1669 3859 ε’τη·

286 3922 289 3934 ,
523 3921 526 3927 .

104 4027 158 4076 Xil.
174 4025 189 4089 §
210 4031 231 4075 1.
244 4027 296 4075 Ἐπὶ
308 4030 348 4082 τῆς
359 4022 495 4086 ἀντιπέραν]
508 4022 540 4072 ad
552 4021 665 4083 Ajasma‚
676 4020 705 4069 ut
718 4023 801 4070 Ducas
817 4024 841 4073 ei
855 4021 974 4071 Seadedil.
990 4022 1000 4086 11
1012 4050 1043 4059 -
1053 4024 1196 4089 διακοσίαις]
1215 4025 1292 4075 classe
1302 4024 1438 4075 triremium
1455 4032 1493 4087 25,
1508 4026 1613 4076 aliarum
1628 4040 1669 4077 na-

71 4100 140 4147 vium
155 4097 206 4146 iere
219 4099 332 4155 οευωιιι,
355 4108 405 4145 sec.
422 4094 506 4144 chalc.
519 4106 542 4142 ο.
560 4096 615 4151 523,
628 4094 651 4139 7.
672 4092 750 4139 nuoae
762 4105 879 4142 numeros
897 4092 954 4141 viiie
971 4094 996 4141 in
1015 4096 1064 4144 not.
1082 4093 1114 4143 ad
1133 4108 1185 4158 cap.
1204 4100 1240 4145 ii.
1261 4094 1272 4159 ΙΙ
1287 4098 1372 4154 -τήν
1388 4094 1514 4159 στρατιὰν]
1533 4110 1568 4147 m.
1584 4102 1607 4153 2.
1623 4097 1664 4145 τὸν

70 4167 170 4230 στρατὸν
193 4177 227 4214 m.
248 4170 268 4213 i.
288 4164 298 4227 ΙΙ
314 4164 374 4226 -§
396 4170 418 4213 2.
437 4164 489 4221 ἓεῆ
509 4161 569 4211 inti
591 4159 657 4223 σία]
676 4158 755 4209 iiiior
776 4175 829 4212 rem
848 4166 932 4211 narrat
950 4165 1041 4213 Ducas.
1061 4165 1114 4216 Soe.
1138 4164 1204 4216 hunc
1222 4166 1386 4216 Mechemetes
1404 4165 1429 4215 in
1447 4164 1553 4216 insulam
1569 4167 1667 4229 trajecit

71 4241 130 4287 anie
143 4234 414 4299 ooepiamohsidionem.
431 4234 539 4297 Περάσας
555 4230 611 4289 σύν,
625 4230 717 4292 inquit,
735 4232 866 4295 ὁτύραννος
878 4234 925 4281 ἀπὸ
938 4238 980 4281 τοῦ
1001 4234 1167 4297 Ἀγιασματίου
1182 4236 1221 4285 καλ
1237 4236 1338 4292 ζητήσας
1352 4236 1393 4293 τήν
1408 4234 1476 4285 πόλιν
1488 4236 1531 4285 σύν
1547 4240 1576 4299 τῇ
1592 4236 1667 4299 νήσῳ.

77 4306 216 4370 ἀπεκρίνατο
233 4305 514 4361 δΝικόλαοςεθιλκέστι
536 4303 634 4352 δυνατὸν
651 4302 794 4362 παραδοῦναι
812 4303 854 4359 τὴν
873 4301 940 4351 πόλιν
955 4304 994 4350 καὶ
1013 4304 1054 4361 τήν
1078 4310 1163 4365 νῆσον,
1184 4306 1204 4352 εί
1222 4305 1254 4366 μὴ
1268 4309 1360 4367 πρῶτον
1377 4303 1443 4353 αὐτοί
1462 4306 1583 4367 πολεμικῷ
1602 4306 1667 4368 νόμῳ

74 4378 251 4433 κτανθήσονται.
266 4395 278 4417 ν
293 4374 354 4423 Τότε
366 4376 434 4422 πάλιν
446 4376 488 4431 τὴν
498 4373 596 4437 περαίαν
610 4371 691 4425 inii<
705 4373 717 4418 ό
738 4372 846 4433 τύραννος
857 4375 934 4429 ἀφῆκε
944 4373 984 4420 τὸν
999 4374 1071 4421 αὑτοῦ
1088 4374 1177 4437 βεῑύριν
1191 4374 1311 4436 Μαχμοὺτ
1324 4378 1366 4421 τοῦ
1379 4375 1509 4435 πολιορκεῖν
1523 4376 1665 4432 Μιτυλήνην.

77 4448 122 4495 Καὶ
137 4447 164 4502 δὴ
181 4446 221 4500 τὰς
234 4445 385 4507 πετροὸόλους
400 4445 485 4498 σκευὰς
501 4442 594 4501 ἀντικρὺ
606 4442 761 4501 παραστήσας
780 4444 820 4491 καὶ
836 4443 982 4503 πετροὸολῶν
994 4445 1021 4493 τὸ
1039 4445 1062 4492 ἓν
1081 4446 1147 4507 μέρος
1159 4446 1200 4502 τὴς
1218 4444 1307 4499 πόλεως
1322 4444 1350 4493 τδ
1369 4442 1494 4505 λεγόμενον
1512 4444 1668 4493 Μελανούδιον

77 4520 137 4566 κατὰ
155 4522 197 4577 γῆς
215 4517 323 4578 ἔρριψεν,
335 4515 423 4578 ὁμοίως
443 4516 483 4563 καλ
504 4515 528 4570 ἐξ
546 4515 622 4561 ἄλλων
642 4516 716 4572 μερῶν
735 4512 789 4568 τοὺς
805 4518 961 4576 προμαχῶνας
983 4514 1023 4561 καὶ
1045 4515 1146 4577 πύργους
1164 4512 1279 4577 (Reliqua
1292 4513 1317 4561 in
1338 4512 1423 4576 grincis
1441 4511 1552 4575 desunt).
1568 4515 1603 4564 Εί
1618 4512 1667 4563 ha·

78 4586 159 4637 vendo
173 4588 206 4637 τὰ
223 4586 325 4636 οιιίίαιο
336 4599 389 4650 per
403 4589 477 4635 terra
494 4586 514 4634 ii
532 4585 608 4634 merli
624 4581 691 4631 delle
711 4593 786 4631 mure
808 4586 832 4633 ei
848 4584 912 4633 ιιιιίο
927 4588 1011 4643 torre,
1025 4584 1080 4633 νυοί
1104 4583 1167 4638 sora
1191 4580 1308 4633 Luchino
1328 4581 1452 4633 cataiuso
1469 4586 1557 4632 eicon
1571 4596 1625 4631 σεσο
1639 4588 1666 4633 ιιι

76 4660 230 4722 εοοιρογιιῑα
241 4658 265 4707 ei
280 4659 377 4711 vicario
394 4654 467 4705 delia
479 4658 565 4714 ierra,
582 4654 601 4703 li
615 4649 689 4716 quale
709 4653 926 4704 ιιιοοοιὶοεανοτιο
946 4654 983 4703 ad
1008 4656 1127 4703 iramare
1143 4650 1172 4700 ia
1186 4650 1329 4700 traditione
1348 4647 1419 4699 della
1440 4651 1505 4699 citii
1519 4664 1568 4699 con
1588 4653 1666 4701 Mao·

77 4730 129 4778 met
143 4730 239 4785 Basia,
254 4726 425 4776 mosirawioli
446 4728 506 4776 iiiiii
519 4725 539 4774 ii
547 4722 615 4773 iochi
627 4719 677 4784 piv't
689 4719 787 4784 deicit,
803 4722 823 4773 li
835 4726 910 4788 quali
921 4721 1031 4773 ύαυαεεσ
1042 4721 1079 4772 ad
1092 4720 1282 4781 bombardare,
1298 4720 1457 4772 εοιιιύαιίαιτ
1472 4724 1498 4770 ει
1508 4720 1621 4769 scalam.
1632 4726 1667 4772 Ei

25 4817 26 4821 ¹
75 4798 140 4848 daia
151 4799 298 4859 σοςοίϋοιιο
316 4792 658 4847 deliimancameniidella
674 4793 919 4852 καταποντιστῶν
940 4793 1032 4843 deniro
1049 4793 1077 4840 λιι
1094 4790 1121 4840 la
1132 4791 1214 4849 citici,
1228 4793 1251 4840 οι
1271 4792 1461 4841 οοοιίατατοοο
1482 4800 1533 4837 con
1549 4799 1664 4850 persua·

77 4871 147 4920 σιόιια
158 4868 226 4931 [αλια
236 4868 366 4918 inclinare
378 4868 403 4916 ei
415 4870 518 4929 τίμησιν
531 4866 568 4916 ad
579 4858 735 4921 i'accordio,
748 4862 878 4913 salvando
895 4864 920 4913 1ο
932 4866 998 4913 teste
1011 4862 1035 4912 σί
1047 4860 1174 4911 λ’ίιεεοενο.
1196 4862 1229 4911 fit
1242 4863 1295 4911 cosi
1308 4858 1486 4913 concludendo
1497 4858 1666 4910 mandarono

77 4939 157 5001 ρειαί
169 4940 255 5000 οίοοον
267 4937 316 4988 alli
331 4939 430 4987 Λειιιαίι·
444 4937 477 5001 (i.
487 4949 510 4987 ε.
525 4928 685 5001 Ἆγιίισματι),
701 4928 726 4979 et
737 4933 803 4995 qual
813 4947 903 4983 οειιιια.
917 4934 948 4982 El
958 4931 1174 4995 siqnorNicoioso
1184 4932 1239 4981 υιολ
1262 4930 1326 4993 sora
1342 4941 1390 4979 σοιι
1402 4930 1463 4979 iiiiii
1480 4928 1501 4977 ii
1509 4930 1664 4991 principaii,

80 5022 127 5058 σου
142 5009 166 5058 le
175 5008 270 5059 ολίαοα
285 5011 312 5058 in
326 5020 415 5058 ιιιαιιο.
427 5007 543 5058 Similiter
555 5018 636 5055 rerum
652 4998 740 5053 seriem
754 5004 854 5055 exhibet
872 5002 1093 5066 Chalcoeondyias,
1111 5000 1155 5063 qui
1170 5013 1267 5050 murum
1278 4999 1345 5049 urbis
1359 5011 1403 5061 per
1417 5000 1445 5045 27
1458 4994 1512 5047 dies
1533 4998 1664 5049 tormeuiii

78 5082 219 5141 quassatum
230 5092 284 5130 esse
293 5079 374 5129 refert.
394 5079 399 5141 1
410 5078 462 5143 -§
473 5082 496 5128 6.
508 5073 637 5142 ῥωμαλέον]
647 5072 841 5138 βωμαλαῑονοοιί.
853 5068 963 5136 11-§7.
978 5068 1145 5133 Μιτυληναῖοι]
1160 5068 1216 5121 adil
1223 5081 1286 5131 mgo.
1298 5066 1308 5129 ΙΙ
1316 5090 1348 5102 -·
1359 5064 1374 5129 §
1387 5068 1410 5114 9.
1424 5064 1543 5151 όρπήγαγεν
1551 5100 1578 5121 .,.
1587 5068 1665 5125 καιιξν·

81 5148 155 5213 τισιν]
166 5151 318 5211 ἀπαγαγεῖν..
328 5149 469 5199 Κατοικίααι
481 5147 567 5198 codex.
580 5147 701 5196 Fortassis
710 5147 792 5197 tamen
802 5142 894 5195 excidit
906 5144 1013 5194 ἐκέλευσε
1026 5140 1066 5193 ντί
1079 5140 1128 5193 talo
1141 5138 1210 5203 quid.
1222 5138 1232 5203 ΙΙ
1241 5165 1271 5175 -
1280 5134 1493 5199 άπανδραποδισας]
1503 5148 1568 5201 mgo,
1579 5137 1665 5200 αἰχμειΙ

194 5242 335 5280 inicum
354 5238 449 5276 uiswn.
466 5234 546 5274 GRAEG.
562 5244 594 5258 ··
611 5230 664 5282 θ’θβ.
680 5228 706 5265 V.
1491 5233 1498 5274 ρ
1503 5234 1518 5277 ⁰
