3809 5859
430 320 679 406 moenemmi
701 347 1010 415 iooosx1.oooo
1033 354 1214 433 (iim-mm
1241 360 1274 420 ι.
1297 358 1356 441 o).
1641 367 1697 430 ιω

72 462 252 544 Ἰσμαῆλος,
271 469 340 551 ,άνῆρ
361 472 468 541 δυνατός
490 478 584 536 τεκαὶ
606 481 658 537 τῶν
679 471 708 538 εύ
728 482 868 558 γινονότων
925 485 1162 571 Ἰσμαήλῳ,πάνυ
1172 490 1199 550 δέ
1214 490 1344 573 προύργου
1355 492 1403 567 τήν
1418 516 1446 551 τι
1458 492 1582 567 Σινώπην
1593 494 1638 553 καὶ
1650 497 1698 569 τὴν

70 558 156 636 παρ’
169 558 274 630 αὐτοῖς,
294 561 426 640 πατρικὴν
440 565 538 623 άνωθεν
561 588 642 637 κεκτη
672 567 723 634 ’νος
747 572 773 636 ές
790 572 869 633 αὐτὸν
923 575 1021 649 ταύτης
1035 578 1197 659 κατάσχεσιν
1218 580 1343 655 ἐποιεῖτο,
1366 582 1443 642 πόλιν
1463 606 1492 641 τε
1517 574 1596 642 οὖσαν
1618 584 1697 663 λόγον

69 649 233 703 κατιοῦσαν
247 645 279 702 ἰκ
293 646 428 733 διαδοχῆς.
437 646 501 707 Ἐπὶ
515 649 613 723 ταύτην
626 676 670 713 ουν
682 654 779 724 ἰλάσας
791 659 806 714 θ
820 662 866 737 βα·
924 662 996 733 άξίαν
1007 668 1032 724 έν
1043 668 1170 748 ἐπικαίρῳ
1177 690 1205 727 τε
1213 670 1335 745 κειμένην
1346 674 1394 743 τῆς
1401 672 1427 729 ἰν
1433 674 1474 751 τῷ
1481 670 1597 752 Εὐξείνῳ
1609 674 1697 753 πόντῳ

70 729 177 797 σιλεδς
191 732 369 811 στρατόπεδον
385 736 501 806 τίθησιν·
516 738 632 818 εὑρίσκει
644 742 671 801 δὲ
682 742 727 801 καί
740 743 785 802 τόν
798 747 868 815 κατὰ
923 750 1044 825 Ἀσιανῆς
1067 755 1215 835 παραλίας,
1235 756 1281 815 καί
1303 755 1410 835 λιμένας
1432 760 1544 837 ἔχωσαν
1570 764 1696 839 ἀσφαλεῖς

71 820 226 879 θάλασσαν
234 820 326 881 στόλον
337 823 419 882 αύτοῦ
427 826 591 905 ίφορμοῦντα
599 836 653 897 τοῖς
660 830 766 907 λιμέσιν
776 834 866 905 αὗτῆς·
922 839 968 897 καί
981 842 1170 919 παραπέμπειν
1182 844 1339 919 δυναμένους
1351 848 1438 913 καλῶς
1449 848 1494 906 τόν
1505 870 1534 907 τε
1547 848 1639 907 στολον
1650 851 1697 911 καί

76 907 269 988 προλαόόντις
278 910 330 992 γδιρ
340 913 365 971 οἱ
378 914 521 992 στρατηγοί
530 917 561 974 ἰκ
571 914 731 995 ξυνθήματος
740 927 866 1002 κατῆραν,
921 925 954 985 τδ
971 928 1050 987 πλοῖα
1069 935 1114 989 τοῦ
1139 931 1268 1011 βασιλέως
1284 936 1310 1001 ές
1324 934 1513 1013 Τραπεζοῦντά
1535 936 1625 995 τεικαλ
1647 938 1696 1009 τὴν

73 995 134 1055 καί
159 998 339 1076 κρατήσαντες
359 1004 412 1060 τῶν
432 1024 462 1059 τι
487 1000 602 1079 λιμένων
622 1004 667 1064 καί
690 1012 736 1066 τοῦ
755 1010 864 1085 ἰσθμοῦ,
920 1014 976 1073 άνω
989 1024 1077 1076 πᾶσαν
1092 1020 1225 1098 παραλίαν
1242 1025 1286 1080 τοῦ
1303 1022 1406 1083 Πόντου
1419 1022 1465 1081 καί
1478 1020 1525 1090 τίς
1544 1026 1629 1084 έκιῐσι
1643 1028 1696 1086 πό-

73 1091 180 1161 πᾶσαν
202 1086 229 1143 ἰν
252 1086 343 1168 κύκλῳ
367 1086 507 1168 περιέσχον
521 1099 578 1157 ταῖς
591 1093 667 1151 ναυσὶ
680 1092 728 1164 τήν
747 1114 776 1153 τι
789 1096 865 1156 πολιν
919 1104 987 1176 λιις,
1003 1104 1089 1174 άλλως
1102 1131 1131 1166 τι
1143 1107 1176 1179 tl
1191 1107 1236 1168 καί
1250 1111 1277 1167 ἰν
1291 1108 1360 1189 μίση
1373 1115 1406 1189 τῇ
1418 1109 1495 1191 χώρῳ
1507 1116 1554 1171 τοῦ
1567 1115 1696 1191 βασιλέως

72 1173 132 1231 καὶ
145 1174 196 1245 τὴν
209 1176 317 1247 νησῖδα·
328 1177 488 1256 χερρόνησος
505 1177 557 1259 γδρ
570 1171 614 1252 ἦν.
629 1183 664 1259 (ο)
676 1180 815 1259 Ἰσμαῆλος
836 1184 865 1245 δί
919 1190 1041 1267 κειμένην
1056 1195 1102 1253 οὔκ
1117 1195 1200 1255 ἰδόκει
1220 1200 1292 1279 αὐτῷ
1306 1198 1421 1279 άσφαλές
1442 1190 1508 1257 εἰναι
1524 1198 1593 1258 κατίι
1607 1204 1694 1262 πολλδι

73 1260 135 1334 τὴν
147 1262 244 1344 ἀθρόον
258 1262 350 1346 limiti
362 1270 406 1324 τοῦ
421 1266 550 1345 βασιλίδος
560 1267 623 1327 iiim
632 1271 681 1343 τήν
693 1294 722 1329 τε
733 1271 803 1330 κατδι
815 1278 863 1351 γῆν
919 1281 963 1359 ὑφ’
978 1280 1073 1361 ἑτέροις
1083 1282 1195 1362 ἡγεμόσι
1207 1288 1290 1343 τελεῖν
1301 1283 1347 1345 καί
1362 1285 1400 1361 μὴ
1415 1286 1460 1343 ὑπ’
1472 1288 1558 1367 αύτῷ·
1571 1288 1600 1345 οὗ
1616 1289 1694 1365 μόνον

74 1350 132 1409 καλ
142 1352 280 1412 θάλασσαν
292 1353 419 1433 στρατιδιν
436 1356 670 1437 περιστοιχίσασαν
684 1358 732 1430 τήν
744 1382 774 1419 τε
787 1361 864 1420 πόλιν
919 1366 964 1445 δί,
980 1369 1050 1428 δλλδι
1063 1370 1109 1429 καί
1125 1371 1216 1431 ίδεδίιι
1230 1370 1357 1433 Χασάνεα
1370 1372 1415 1431 τδν
1433 1376 1543 1453 βασιλέα
1562 1376 1694 1455 Τιγρανο-

74 1440 132 1498 καλ
153 1440 260 1513 ἰαυτδν,
272 1441 406 1521 έξεπλάγη
431 1466 461 1503 τι
485 1447 524 1525 τῷ
546 1446 686 1523 γινομένῳ,
711 1448 757 1507 καί
779 1448 806 1507 τί
825 1451 864 1509 δεῖ
917 1453 1016 1535 κέρτιον
1030 1458 1076 1517 καί
1090 1460 1208 1536 Μήδων,
1223 1458 1260 1536 μὴ
1272 1459 1340 1541 ἰάθη
1354 1461 1453 1533 ταύτην
1466 1464 1692 1544 προκατασχὼνῆ

74 1532 170 1588 ποιεῖν
185 1533 210 1597 ἰς
222 1530 253 1589 τὸ
275 1532 359 1610 παρὸν
380 1533 497 1593 έσκόπιι.
515 1532 623 1603 Ἔδοξιν
638 1528 684 1595 oio
707 1539 780 1618 αὐτῷ
800 1562 862 1600 σκο-
918 1542 1045 1622 ξυμόάσιι
1066 1544 1084 1619 ἣ
1104 1546 1228 1627 πολέμῳ,
1245 1552 1412 1625 γιιτονοῦσαν
1436 1572 1465 1608 τι
1486 1553 1519 1625 τῇ
1543 1552 1623 1610 αὑτοῦ
1646 1553 1693 1613 καί

75 1617 210 1699 πουμένῳ
227 1618 330 1700 βέλτιον
355 1613 422 1680 εἰναι
445 1621 522 1683 αύτδν
544 1623 679 1693 ἰξιλθόντα
697 1630 736 1706 τῷ
761 1632 863 1708 βασιλεῖ
917 1631 1004 1689 πάντα
1018 1630 1114 1713 τρόπον
1132 1633 1336 1693 ἰπιόουλεύοντα
1348 1635 1394 1695 καί
1405 1634 1582 1715 χειρώσασθαι
1593 1638 1693 1715 ταύτην

74 1702 218 1786 ξυντυχεῖν
229 1706 275 1765 καί
284 1709 333 1776 τδς
346 1710 434 1793 αἰτίας
450 1715 497 1782 τῆς
508 1713 567 1771 κατ’
576 1715 654 1773 αὐτοῦ
666 1715 758 1795 ἰφόδου
768 1723 861 1793 μαθεῖν
919 1720 1077 1797 βονλόμινον
1110 1720 1184 1789 είδὼς
1214 1726 1245 1782 ἐκ
1273 1724 1383 1785 πολλοῦ.
1413 1725 1464 1787 mi
1497 1730 1580 1783 ταῦτα
1607 1727 1691 1789 τοίνυν

73 1818 108 1855 τε
130 1798 179 1857 καὶ
198 1798 384 1874 διαλύσασθαι,
405 1801 431 1861 εί
453 1826 484 1881 γι
511 1804 628 1866 δύναιτο.
655 1806 711 1867 Καὶ
736 1808 768 1880 δὴ
790 1811 861 1891 δῶρα
916 1808 1048 1884 ἀναγκαία
1070 1807 1158 1888 γέγονε
1179 1812 1217 1889 τῷ
1232 1810 1336 1889 βασιλιί
1357 1815 1375 1882 ἠ
1397 1816 1444 1885 τῆς
1462 1811 1584 1885 Σινώπης
1605 1817 1691 1875 κατοί-

72 1886 196 1945 τελιῖστά
211 1909 240 1945 τε
255 1888 302 1948 καί
323 1890 447 1951 πλείσται
460 1891 521 1961 άξια
543 1897 751 1971 ἑτοιμασάμενος
765 1896 861 1967 ἔξεισιν
915 1916 1013 1974 weit·
1430 1956 1434 1964 .

75 1972 106 2040 ές
122 1974 247 2053 βασιλέα.
263 1980 298 2056 (ι)
314 1976 349 2039 ‘0
362 1979 390 2040 δὲ
405 1979 510 2060 δέχεται
524 1987 616 2043 τοῦτον
636 1983 741 2065 ἡμέροις
754 1986 800 2045 καί
814 2011 860 2070 φς.
956 1982 1004 2043 iv,
1028 1983 1083 2044 Καὶ
1095 1983 1237 2061 Ἰσμαῆλος
1251 1982 1298 2063 μέν
1311 1984 1355 2055 ξύν
1369 1986 1421 2051 τοῖς
1436 1987 1515 2047 αὐτοῦ
1526 1997 1606 2047 πᾶσιν
1615 1990 1692 2060 ἐὐθὺς

74 2061 244 2145 λανθρόνπως
268 2063 315 2129 καί
332 2067 521 2149 προσαγορεύει
541 2070 648 2153 φιλίοις,
665 2074 710 2130 καί
734 2072 860 2142 δεξιοῦται
914 2067 999 2147 ᾤχετο
1014 2070 1044 2136 ἰδ’
1058 2068 1108 2142 τίδ’
1120 2074 1197 2131 αὐτοῦ
1220 2073 1383 2152 σατραπῑίαν
1404 2072 1507 2147 euml,
1526 2074 1689 2153 βαΰῑλῑδςδί

75 2149 128 2208 καί
147 2163 215 2232 τιμᾷ
231 2154 292 2221 ταῖς
303 2155 465 2237 πριηςώηαςς
486 2167 586 2236 τιμαῖς,
598 2158 644 2226 Ἐς
660 2159 751 2238 λόγους
765 2162 792 2220 δέ
807 2186 860 2221 xa.
916 2156 1082 2235 παραλαῆὼν
1097 2157 1144 2227 τήν
1164 2181 1194 2217 τι
1208 2159 1331 2231 Σινώπην
1350 2159 1396 2219 καί
1415 2170 1503 2219 πᾶσαν
1516 2167 1565 2233 τήν
1580 2162 1691 2239 Ἰσμαή-

75 2240 226 2311 ταστοίντες
247 2226 306 2310 τοὺς
323 2245 386 2323 πιρί
409 2268 439 2304 τε
457 2249 504 2317 τῆς
518 2249 603 2327 ἀρχῆς
623 2247 667 2306 καί
682 2251 730 2319 τῆς
743 2249 858 2326 πόλεως,
915 2245 963 2303 λου
978 2243 1082 2323 ἀρχὴν,
1097 2245 1143 2304 καί
1161 2245 1194 2305 τὰ
1209 2250 1235 2306 ἐν
1251 2248 1317 2317 αὐτῆ
1332 2248 1565 2324 κατασιησάμινος
1585 2251 1687 2326 πάντα,

76 2327 128 2385 καί
141 2330 230 2389 πολλὰ
245 2332 362 2398 εἰπόντες
378 2334 424 2391 καί
444 2335 691 2413 κοινολογησάμενοι
704 2341 762 2413 μιτ’
777 2340 861 2410 iill-

74 2418 132 2475 λων
153 2419 274 2498 ίκάτιροι
297 2424 430 2499 δναγκαῖα
444 2424 490 2481 καί
504 2425 594 2483 δίκαια
612 2428 651 2506 τῷ
665 2448 693 2483 τι
713 2430 798 2506 καιρῷ
813 2428 859 2485 καὶ

77 2506 183 2581 ἱαιητοῖς
193 2508 318 2580 λυσιτιλῆ
330 2532 359 2567 τε
370 2508 415 2567 καὶ
426 2510 577 2592 πρόσφορα,
586 2511 660 2578 τέλος
672 2512 858 2590 ξυμῦαίνουσιν

75 2593 125 2652 ἰπὶ
146 2594 246 2667 τοῖσδε,
270 2595 316 2655 καὶ
342 2596 494 2658 διαλύονται
522 2602 657 2677 εἰρηνικῶς
682 2600 726 2659 καὶ
755 2600 856 2681 φιλίως.

75 2680 116 2761 (2)
132 2680 188 2742 Καὶ
202 2685 217 2740 ὁ
232 2682 280 2759 μὲν
296 2683 419 2763 βασιλεὺς
433 2686 561 2763 λαμόάνει
574 2686 623 2758 τόν
639 2709 668 2745 τε
682 2689 757 2747 πόλιν
772 2686 857 2748 Σινόι-

74 2791 136 2842 ττην
147 2770 194 2829 καί
208 2768 256 2843 τὴν
277 2771 361 2851 ταύτῃ
375 2782 464 2831 πᾶσαν
478 2779 523 2833 τοῦ
538 2772 682 2851 Ἰσμαήλου
696 2774 798 2853 άρχὴν,
813 2778 858 2833 άν-

74 2857 197 2918 τιδίδνισι
212 2858 239 2918 δὲ
259 2860 332 2941 αύτῷ
348 2862 497 2940 σατραπίαν
512 2864 539 2921 ἰν
553 2886 586 2943 τη
604 2862 721 2945 Εὐρώπῃ
736 2863 785 2936 τὴν
804 2868 857 2923 τῶν

75 2944 204 3007 Σκοπίων
215 2948 381 3025 καλουμένην
392 2993 401 3022 ,
413 2948 509 3031 ὅμορον
524 2940 605 3013 οὖσαν
627 2955 661 3030 τῇ
681 2951 856 3031 Τριόαλλιῦν,

73 3033 169 3114 χώραν
182 3028 292 3115 ἀρίστην
305 3060 335 3095 τι
348 3037 395 3096 καί
412 3040 629 3119 παμφορωτάτην
642 3039 688 3099 καί
708 3043 769 3099 κατ’
780 3038 855 3099 οὐδέν

76 3123 242 3182 ἀποδέουσαν
255 3128 302 3196 τῆς
315 3127 394 3184 αὐτοῦ
413 3126 458 3186 καί
472 3128 608 3207 προσόδων
621 3127 698 3187 ίνεκα
713 3128 759 3187 καὶ
772 3128 857 3207 ἀρχῆς

915 2332 1042 2409 Κασίμην
1061 2332 1108 2410 μίν
1129 2334 1175 2393 καί
1190 2332 1331 2414 ’ίαγούπην
1347 2333 1419 2403 εὐθὺς
1436 2337 1535 2395 κελεύει
1556 2338 1623 2415 μετὰ
1643 2346 1690 2399 τοῦ

914 2418 1008 2478 στόλου
1029 2420 1126 2487 παντὸς
1139 2422 1299 2502 ἀναχθέντας
1309 2424 1385 2481 πλεῖν
1399 2423 1458 2482 clei
1472 2426 1683 2505 Τραπεζοῦντος,

913 2509 960 2566 καί
988 2508 1169 2589 προσσχόντας
1193 2516 1245 2576 τοῖς
1274 2510 1364 2586 λιμέσι
1390 2514 1561 2571 κατακλεῖσαι
1585 2514 1686 2587 ταύτην

913 2595 982 2655 κατδι
1002 2601 1051 2674 γῆν
1072 2620 1101 2656 τι
1118 2598 1163 2656 καί
1175 2597 1311 2657 θάλασσαν
1331 2599 1376 2656 καὶ
1388 2598 1529 2679 φυλάσσειν
1546 2603 1691 2682 ἀσφαλῶς·

914 2684 990 2752 αὐτὸς
1008 2684 1036 2743 δί
1057 2684 1122 2767 ἄρας
1143 2687 1239 2745 ἐκεῖθεν
1262 2686 1340 2745 παντὶ
1354 2690 1393 2768 τῷ
1407 2692 1511 2769 στρατῷ
1529 2688 1572 2768 ᾔει
1586 2690 1628 2748 διδ
1642 2696 1689 2762 τῆς

914 2773 1065 2851 μισογιίας,
1078 2772 1124 2831 καὶ
1145 2772 1304 2833 καταλαόὼν
1327 2773 1371 2833 τδν
1395 2777 1516 2856 Ταῦρον,
1536 2799 1685 2855 στρατοπε-

914 2858 1016 2919 δεύεται
1036 2858 1102 2938 πρὸς
1124 2868 1180 2926 ταῖς
1202 2860 1340 2941 ὑπωρείαις
1365 2863 1457 2922 αὐτοῦ.
1483 2862 1513 2941 (ι)
1527 2862 1607 2925 Ἔστι
1627 2864 1688 2924 δίδ

916 2950 1020 3026 Ταῦρος
1044 2947 1100 3027 όρος
1124 2946 1247 3025 μέγιστον
1266 2952 1317 3007 τῶν
1337 2952 1364 3008 έν
1386 2948 1476 3030 Ἀσίῳ,
1498 2951 1617 3031 διορίζων
1638 2952 1687 3023 τήν

913 3036 987 3095 κάτω
997 3035 1084 3097 ’λαίαν
1094 3037 1147 3096 άπὸ
1155 3041 1201 3108 τῆς
1209 3038 1274 3110 άνω,
1282 3037 1424 3119 άρχόμινος
1435 3042 1482 3116 μέν
1494 3039 1547 3099 δπδ
1557 3042 1687 3113 Μυκάλης

914 3130 959 3185 τοῦ
975 3124 1050 3205 ὄρους
1069 3127 1115 3185 καί
1136 3131 1182 3197 τῆς
1199 3127 1282 3207 ταύτῃ
1301 3129 1450 3200 θαλάσσης,
1466 3131 1562 3189 ίκιῖθιν
1582 3131 1610 3188 δὲ
1632 3153 1686 3189 πα-

914 3213 1001 3291 ρήκων
1015 3215 1060 3273 καὶ
1074 3214 1174 3291 τέμνων
1188 3214 1236 3286 τὴν
1250 3215 1339 3274 Ἀσίαν
1350 3218 1458 3298 τιλιυτᾷ
1470 3218 1496 3289 ἐς
1509 3217 1553 3277 τόν
1565 3216 1686 3286 Εὔξεινον

75 3207 186 3283 καὶτῆς
201 3210 284 3283 ἄλλης
297 3212 399 3285 διαίτης
410 3215 456 3274 καὶ
468 3215 649 3284 δναπαύσιιος.
664 3218 697 3296 (o)
710 3214 745 3277 Ὁ
774 3215 806 3295 άρ
817 3238 857 3274 τοι

79 3295 205 3375 βασιλεὺς
233 3298 319 3359 αἰτίαν
352 3302 399 3377 μέν
435 3303 558 3378 ούδιμίαν
586 3303 716 3383 έπιφίρειν
741 3239 797 3381 έίχε
817 3306 856 3382 τῷ

913 3300 1008 3362 πόντον
1033 3299 1102 3361 κατδι
1134 3301 1274 3375 Σινιίιπην,
1303 3303 1421 3363 κείκιῖδιν
1456 3294 1490 3362 αδ
1521 3304 1686 3385 διερχόμενος

84 3534 178 3587 mergo.
190 3522 200 3586 Ι]
212 3524 267 3588 -§
278 3531 302 3575 5.
314 3525 334 3575 ιϊ
345 3543 373 3588 γε
390 3526 493 3591 δύνατο]
510 3525 568 3577 εδδ.
581 3541 673 3591 margo.
689 3526 700 3589 Ι]
714 3526 771 3591 -§
785 3531 807 3577 7.
819 3533 866 3575 τῶν
879 3524 998 3589 Σωτίων]
1007 3527 1109 3575 veteres
1122 3528 1224 3574 Σιοῖνποι
1243 3522 1308 3587 opud
1320 3527 1413 3575 lunam
1423 3538 1522 3588 quoque
1536 3526 1686 3576 Gomnomm

81 3598 108 3653 9,
115 3606 140 3656 p.
149 3598 195 3643 258
207 3596 238 3644 τὰ
250 3595 342 3645 Σκὸπια
348 3601 477 3648 vomatur.
484 3600 516 3647 At
525 3612 574 3647 non
583 3598 646 3647 hano
653 3598 753 3659 urbem,
766 3597 809 3645 sed
819 3594 1006 3659 Philippopolim
1017 3593 1113 3644 ismaeli
1124 3592 1208 3643 διίοια
1218 3600 1271 3643 esst
1281 3591 1382 3643 tradunt
1391 3592 1581 3656 Gholeooondyi.
1592 3608 1616 3657 p.
1628 3598 1684 3655 188,

84 3670 106 3721 t,
118 3664 201 3713 Duces
213 3679 238 3728 p.
253 3669 308 3727 812,
324 3671 376 3717 tet
387 3666 533 3717 διαδιδοίη.
551 3680 575 3730 p.
589 3672 635 3717 208
649 3687 657 3717 ε
671 3665 703 3732 stt
715 3680 763 3717 τοο
777 3667 806 3715 ia
819 3678 871 3715 σιω
883 3666 980 3727 πιορίἰε
996 3663 1021 3712 et
1037 3664 1152 3728 fiqlluoli
1169 3664 1329 3728 irmpmtolo
1344 3662 1546 3728 aFtllppopoll‚
1558 3664 1624 3715 dove
1634 3665 1685 3728 epil

80 3736 155 3783 olette
166 3733 206 3791 fin
219 3736 276 3786 olio
287 3750 339 3786 ιιισ
350 3739 441 3787 memte.

112 3806 155 3855 lv.
169 3805 184 3868 §
200 3811 222 3856 i.
241 3809 282 3857 καὶ
294 3808 419 3868 Ἰσμαῆλος
438 3809 480 3869 μὲν
537 3808 624 3872 ἀπιών]
645 3808 704 3859 αδδ.
723 3820 813 3871 margo.
829 3806 840 3868 ΙΙ
849 3832 883 3843 -
896 3804 1068 3870 προσσχόντας]
1084 3821 1170 3869 προσχ.
1185 3804 1241 3855 cod.
1257 3803 1268 3869 ss
1279 3828 1311 3842 ·-
1321 3804 1430 3867 ἀσφαλῶς
1447 3804 1504 3853 add.
1523 3817 1616 3867 mergo.
1631 3804 1683 3869 Ι]-

83 3879 98 3940 η
112 3881 135 3924 2.
151 3876 201 3925 ἔστι
214 3878 239 3926 ei
251 3879 265 3926 δ
277 3880 366 3941 Ταῦρος
377 3876 437 3941 elo]
447 3877 539 3927 Eodem
552 3879 626 3928 mollo
641 3879 673 3928 de
686 3880 766 3929 Tauro
781 3875 921 3939 Critobulus
934 3874 1033 3938 exponit
1044 3873 1087 3924 lib.
1103 3879 1124 3933 1,
1137 3878 1174 3935 11,
1184 3879 1207 3923 ³.
1219 3876 1273 3925 seo.
1288 3873 1402 3923 choicoo.
1419 3887 1444 3937 p.
1461 3878 1504 3923 191
1519 3874 1683 3924 Moeiiemelos

81 3959 96 3995 a
110 3944 198 4008 Sinope
216 3946 279 3997 orbo
298 3960 343 4012 per
357 3947 535 4011 Cappadociam
549 3948 695 3999 iterfaciens
707 3947 808 3997 obvium
823 3944 909 3995 habuit
927 3944 1006 3994 lilium
1018 3957 1103 4004 suum,
1117 3944 1221 3994 Amosioe
1243 3944 1401 4007 proiectum
1414 3943 1483 3993 venit
1493 3941 1581 3993 deinde
1595 3944 1621 3993 in
1634 3948 1680 3994 se-

83 4016 168 4067 botliae
182 4017 316 4081 regionem.
333 4018 400 4068 Ἐπεί
421 4019 446 4068 δὲ
465 4020 670 4083 παραμιιψάμινος
692 4022 734 4078 τὴν
752 4017 892 4069 &tamem
912 4017 1022 4067 έσὲδαλεν
1036 4016 1058 4071 δς
1072 4017 1113 4073 τὴν
1127 4014 1244 4064 Χασάνιω
1260 4016 1349 4079 χώραν,
1364 4015 1475 4078 πολίχνην
1485 4016 1527 4076 μίν
1538 4015 1565 4042 '¹'
1578 4015 1681 4076 τοῦνομα

82 4090 154 4137 διπὼν
172 4091 347 4152 παρεστήσατο.
366 4090 433 4139 Μετὰ
447 4090 472 4138 δί
484 4090 589 4152 προῖόντι
603 4092 733 4153 ἀφικνεῖται
750 4090 773 4145 ές
793 4089 863 4137 utem
883 4088 982 4151 βασιλέα
992 4088 1008 4143 ἡ
1020 4091 1062 4133 τοῦ
1072 4084 1187 4135 Χασάνιω
1201 4086 1288 4148 μήτηρ,
1301 4085 1403 4149 φέρουσά
1414 4100 1441 4134 τι
1452 4084 1517 4165 δῶρφ
1534 4086 1629 4148 λαμπρὰ
1642 4090 1679 4135 καὶ

81 4160 138 4221 ὑπὲρ
148 4166 191 4209 τοῦ
204 4161 287 4216 παιδὸς
298 4160 519 4224 διατρεοοευορὲνη.
533 4161 751 4225 ορρ1δυιυ,ου]ιιε
764 4172 853 4209 nomen
867 4172 906 4223 ορ.
919 4156 1003 4208 chalc.
1019 4155 1123 4215 excidit,
1137 4159 1190 4206 erat
1206 4153 1436 4218 Kojooio-lelesor,
1448 4156 1478 4203 ot
1493 4154 1571 4217 liquet
1581 4166 1612 4203 ex
1623 4156 1676 4205 Sea·

81 4228 187 4279 deddioo
201 4236 225 4291 2,
239 4244 265 4294 p.
276 4235 331 4291 2111,
342 4230 386 4280 uoi
400 4230 454 4280 iimo
467 4250 474 4280 ε
488 4232 561 4295 Dopo
577 4230 625 4281 cle
638 4229 718 4283 tolie
729 4232 881 4294 rioopemto
893 4229 913 4278 ll
922 4238 1005 4291 paese
1015 4226 1191 4291 d'lsseodioro
1204 4226 1337 4291 (Sinopen),
1347 4225 1416 4276 volit
1430 4228 1454 4276 ie
1466 4239 1510 4275 αισ
1522 4224 1622 4275 leodini
1632 4228 1677 4274 mi·

81 4300 157 4350 illari
165 4304 259 4350 σοιιινο
269 4301 298 4350 ia
307 4303 374 4351 cittii
385 4300 413 4351 δι
424 4302 527 4352 colooll
535 4304 689 4365 permeent
701 4305 797 4352 moino.
809 4299 881 4352 οοδε
891 4300 998 4348 ιἰιιειοιι
1010 4298 1047 4347 δα
1062 4302 1133 4349 ileon
1144 4302 1251 4349 iiossao
1261 4297 1370 4349 l'orrleo
1381 4296 1559 4348 delt’eserciio
1569 4308 1587 4345 α
1596 4294 1683 4357 puelia

81 4370 166 4433 οίέίὰ,
183 4373 208 4420 sl
229 4370 286 4421 levo
306 4371 354 4422 dal
371 4372 492 4421 distretto
510 4370 699 4436 d’Ertenplano
717 4373 863 4436 (Ἕρζιγανη,
879 4368 1014 4432 'totilum
1026 4370 1150 4431 Ἐρτζικα,
1166 4369 1197 4416 τά
1217 4373 1265 4417 τῶν
1277 4366 1398 4431 Ἀρμενίων
1417 4366 1525 4429 βασίλιια
1539 4376 1579 4427 ap.
1595 4360 1679 4415 chalc.

82 4454 106 4505 p.
128 4444 181 4502 187,
201 4446 254 4503 168,
268 4446 322 4502 878,
334 4443 393 4494 hod.
406 4446 564 4506 lirzeroom3
573 4444 744 4506 Τιγρανόκερτα
757 4440 901 4502 critobuli),
913 4453 929 4488 ε
940 4441 965 4489 εἰ
976 4437 1092 4489 ricavo-t
1101 4436 1163 4489 oeli
1174 4438 1231 4501 alpi
1244 4437 1274 4488 dl
1287 4434 1415 4486 Clitemolt
1429 4434 1496 4499 (deb.
1507 4432 1640 4491 Κοπιιιιίι,
1655 4438 1684 4515 ιιι

83 4512 248 4576 inimemor
264 4513 366 4577 monet).
384 4514 412 4562 ln
426 4512 466 4563 iiio
479 4526 578 4577 quoque
593 4512 733 4578 regionibus
746 4512 819 4562 Terei
836 4511 934 4561 bootem
954 4510 1070 4569 vineunt,
1083 4511 1109 4559 et
1128 4512 1242 4571 nopotem
1261 4506 1391 4566 Ghomnis,
1410 4506 1453 4587 qoi
1472 4509 1574 4555 Memor
1595 4508 1686 4553 montio

82 4582 164 4633 lauces
186 4587 363 4648 omupoverat‚
382 4586 503 4634 nocturno
524 4584 621 4647 impetu
640 4583 789 4649 opprimunt.
807 4582 908 4633 inierim
930 4578 1038 4631 δὀιίιτιίι·
1057 4578 1174 4643 oppidum
1199 4590 1226 4627 se
1239 4576 1374 4659 δοδίδιτιῑ.
1397 4576 1489 4625 Demio
1504 4588 1580 4638 quum
1597 4586 1641 4623 rex
1653 4569 1684 4621 ad

83 4654 199 4717 Bolporo
209 4659 319 4705 montom
330 4657 480 4709 versaretur.
492 4657 552 4704 Sem
564 4657 643 4705 meter
657 4652 776 4705 chutonis
787 4651 820 4703 αδ
832 4665 915 4715 regom
930 4650 1014 4711 vonit,
1030 4648 1073 4699 iiiii
1087 4650 1186 4699 nomine
1203 4660 1299 4696 ventem
1316 4648 1410 4711 peleos.
1429 4645 1489 4725 intio
1507 4658 1551 4707 per
1569 4642 1683 4704 ilalparo

82 4730 190 4775 montem
197 4726 361 4789 asperrimum
374 4728 400 4775 et
411 4725 595 4775 transeuntibus
606 4725 810 4775 molestissimum
819 4736 862 4773 rex
871 4724 1047 4785 Tmpmuniem
1058 4719 1152 4784 petivit.
1169 4718 1246 4781 igitur
1258 4716 1421 4766 ilioeiiemeies
1433 4716 1546 4796 {Sinope
1559 4724 1603 4776 per
1611 4718 1684 4761 Ama-

82 4793 142 4843 ιίιινι
151 4799 177 4845 et
189 4796 273 4846 Toiat
282 4794 440 4859 (Eudoxiam)
448 4797 475 4845 ol
485 4792 646 4845 Tolamliiiel
657 4800 766 4846 montom
779 4795 811 4844 ιδ
825 4796 895 4846 sieta
906 4792 1063 4858 (Sebastiam)
1073 4790 1140 4841 vonit
1152 4790 1178 4839 in
1191 4790 1279 4839 vollem
1292 4788 1376 4851 iioiyis
1388 4786 1457 4866 liuto
1470 4780 1684 4867 (Κραρδ-ἰγνιοδμ

10 4865 14 4876 “
83 4864 139 4915 iode
151 4878 195 4929 por
209 4866 297 4917 veliem
311 4866 380 4918 liovii
393 4880 481 4917 vorsus
491 4868 574 4916 ortum
585 4864 714 4916 bibentum
726 4878 830 4931 pergem
840 4866 945 4917 amessit
957 4864 990 4914 οδ
1001 4858 1306 4939 1ι“ιι]ἰιιιὶιι-δίειοι·,μυυδ
1319 4857 1434 4921 oppidum
1444 4869 1469 4904 m
1484 4856 1591 4917 liieperti
1600 4850 1692 4947 ἰυβιδιι

84 4939 179 5001 (ilario
194 4950 245 4989 οοιι
256 4940 414 4990 iileioosloo.
426 4939 507 4989 ilerlin
521 4936 590 5001 1851)
603 4937 669 4987 imod
681 4938 751 5001 longo
764 4950 779 4986 α
790 4934 1035 4999 Scltormoplysoo
1053 4932 1128 4996 (Lyco
1141 4929 1177 4993 11.)
1187 4934 1286 4994 ponitur
1298 4932 1347 4985 (35⁰
1357 4930 1384 4975 11
1399 4925 1463 4989 long.
1476 4927 1534 4974 Per.
1552 4927 1578 4973 et
1590 4926 1633 5003 lo·
1643 4926 1673 5003 22

83 5008 144 5072 iot).
158 5008 221 5059 ilinc
232 5013 315 5060 ortum
328 5024 416 5061 vorsus
430 5010 462 5059 οδ
477 5014 623 5060 Εττοιοιιιιι
636 5008 723 5058 orbem
736 5008 795 5071 (vei.
810 5004 1034 5069 'i‘hoodosiopoiiml
1055 5001 1174 5060 tetendit,
1195 5003 1249 5049 ium
1270 4998 1370 5048 boream
1386 5008 1512 5045 τοιουτου
1525 4996 1645 5075 convellit
1659 5006 1666 5041 ι

81 5079 361 5145 τι11ο.Το1ιοιινοιι1ι(υΙ.
377 5080 512 5143 immpsis)
526 5078 658 5137 δυτ11,ουί
671 5079 703 5129 ab
715 5082 772 5128 ortu
786 5077 881 5142 tdjooet
896 5078 983 5126 litora
1004 5073 1090 5136 «lopo,
1103 5071 1145 5137 qui
1160 5075 1198 5121 ost
1216 5066 1236 5119 ll
1250 5070 1339 5118 τιιοιι1ο
1358 5068 1462 5119 Μοιιιεο
1476 5062 1635 5147 8οοδοδδιιιι,
1651 5062 1686 5112 ob

84 5163 170 5199 occasu
190 5153 272 5200 eutem
288 5150 400 5200 imminet
410 5149 510 5212 Βορέαν
525 5162 569 5198 seu
582 5145 787 5212 Baistor-<lopo
805 5148 932 5210 (δαίσατο
945 5161 986 5211 ορ.
1001 5144 1131 5199 stateem
1144 5146 1193 5192 vet.
1211 5139 1382 5219 l’alpodmsl,
1400 5138 1611 5221 quomutronsionls
1630 5136 1685 5214 ilio·¹

82 5221 207 5272 eimmoloo
220 5224 395 5285 Trapezuntem
406 5222 534 5287 molotius
544 5222 590 5270 esi.
605 5218 678 5268 Nihili
690 5222 748 5270 sont
759 5232 816 5281 queo
825 5218 890 5281 opud
902 5220 996 5267 Ducem
1011 5215 1126 5279 leguntur
1137 5227 1161 5277 p.
1177 5215 1231 5270 312,
1245 5216 1275 5260 2ο
1290 5226 1296 5258 ε
1310 5210 1417 5271 Περάσας
1429 5206 1502 5264 δετην
1516 5210 1634 5269 lippeam
1643 5220 1685 5251 ναι
