3809 5859
228 280 287 341 ιιι
445 291 447 298 ·
595 268 850 347 urrunnun
870 284 1135 349 nrsronmaunr
1155 286 1227 349 nra.
1251 289 1287 363 ιι,
1309 288 1417 353 nana.

228 419 320 484 θηντο,
338 415 353 469 ὁ
368 409 444 485 'atae
461 412 549 492 κύκλῳ
567 410 718 492 περιλαύθιν
733 410 826 480 αύτούς
843 418 881 493 τῷ
896 420 1001 496 στρατῷ
1056 420 1161 496 πρῶτον
1180 420 1206 476 ἐν
1222 421 1335 499 Λήμνῳ,
1356 417 1402 476 καί
1419 418 1549 478 ύπόύασιν
1563 420 1761 495 ποιησάμενος,
1784 443 1844 477 πσ-
1902 450 1903 497 3

228 502 274 560 καί
296 501 471 565 κατακλείσας
493 500 607 579 ἰσχυρῶς
628 497 748 579 ἐφρούρει
768 505 814 559 τοῦ
835 501 874 579 μή
900 526 928 561 τι
950 506 1003 563 τῶν
1058 504 1204 585 ρεστήσατα
1214 505 1314 577 ταύτην
1328 505 1471 586 ὁμολογίᾳ,
1487 508 1540 563 τῶν
1554 507 1728 583 τειΛημνίων
1748 508 1843 567 ἐνδόν-
1902 518 1903 531 ³

228 586 299 647 ἔνδον
312 585 542 665 ἐξαγαγιῑνήτῶν
554 584 646 653 ἔξωθεν
661 586 860 661 ἐσκομίσασθαι.
1058 618 1109 652 των
1135 594 1207 661 etti<
1220 596 1327 655 καὶτῶν
1346 597 1373 654 ἐν
1387 596 1454 675 αίιτηζΙ
1471 595 1595 675 φυλάκων
1612 602 1659 656 τῶ
1677 596 1839 663 δασιλέως·
1902 618 1903 641 ³

268 676 359 735 xxii.
375 673 503 743 Βασιλείας
517 674 545 733 δί
557 674 655 753 διάγων
670 676 697 732 έν
712 678 1003 752 Κωνσταντινουπόλει,
1058 670 1114 761 εἶχε
1129 681 1180 763 γὰρ
1201 685 1228 741 ἐν
1242 684 1309 760 αύτῇ
1325 680 1451 763 ρρουροθς
1471 682 1566 761 ἄνδρας
1580 683 1674 743 ίκατθν
1693 684 1842 763 μαχίμους
1902 688 1903 743 ί

227 761 392 844 ξυνῴκιίέτε
407 762 548 835 αὐτήνκαὶ
563 765 614 821 τῶν
632 762 703 822 ἔνδον
719 763 861 841 ἐπεμελετο
877 767 1003 845 ίσχυρῶς,
1057 774 1110 831 τῶν
1129 770 1182 830 ἀπὸ
1197 777 1244 843 τῆς
1263 770 1330 838 ἰδίας
1353 773 1434 842 αὐλῆς
1451 772 1624 847 νεοδαμωδῶν
1644 773 1693 831 καί
1712 771 1840 851 ἄρχοντι
1902 810 1903 815 =

231 851 328 931 λουτρά
349 875 378 910 τε
400 852 602 919 κατασκευάζων
626 853 651 919 ἐς
666 851 762 919 κάλλος
786 853 832 913 καὶ
848 855 940 933 χρείαν
958 855 1004 914 καί
1056 858 1153 918 τούτοιν
1174 858 1261 917 τεκαὶ
1277 861 1324 929 τῆς
1347 857 1428 927 νήσου
1450 857 1588 933 ξυμπάσης
1605 859 1747 939 Μωράτην
1771 860 1842 919 οὗτοι
1902 876 1903 919 t

229 938 337 1017 μέγεθος
360 940 439 998 ίκανίι
461 939 506 998 καὶ
529 939 612 1005 οἰκίας
634 940 759 1019 λαμπράς
781 941 827 1000 καί
856 941 1002 1021 πανδοχεῖα
1056 946 1228 1023 καλούμενον.
1273 946 1307 1025 (a)
1327 945 1484 1021 Ἐπιμείνας
1506 946 1534 1005 δὲ
1557 942 1715 1025 τῇΛήμνῳ
1735 946 1841 1025 ἡμέρας
1902 944 1903 949 ’

229 1030 375 1105 οἰκοδομῶν
389 1024 434 1085 καὶ
457 1024 553 1105 άγορίις
575 1031 715 1107 πανταχοῦ
735 1027 832 1097 ταύτης
853 1028 898 1087 καί
918 1050 1002 1086 κατα·
1056 1033 1464 1113 ὀκτὼκαλκαταστησάμενοςτθ
1478 1035 1842 1117 αθτοῦ,ρρουριίνττίειιγὴν
1902 1026 1903 1085 ἷ

132 1159 135 1166 .
227 1115 332 1196 γωγὸς,
349 1115 387 1175 ἔτι
401 1114 428 1175 δὲ
439 1114 613 1195 παραδείσους
625 1116 740 1196 φυτεύων
753 1116 799 1174 καί
810 1115 912 1175 ὁδάτων
924 1116 1004 1197 ἅρθο-
1057 1124 1125 1203 αὐτῇ
1140 1121 1362 1203 καλρρούροιρχον
1377 1123 1615 1201 ίγκαταλιπώντδν
1630 1123 1753 1197 Λωίζον,
1771 1125 1839 1203 ἄρας
1902 1102 1903 1145 ί

228 1204 287 1263 νίαν
306 1202 406 1279 ἐσάγων
422 1202 468 1261 καί
492 1201 542 1266 ὁσα
561 1202 629 1261 ἄλλα
653 1204 752 1278 κόσμον
771 1194 824 1261 οἶδε
849 1202 935 1284 ρίρειν
958 1202 1004 1264 καί
1056 1210 1153 1268 ἐκεῖθεν
1168 1210 1318 1287 ἐπιπλτῖτῇ
1335 1207 1438 1287 Θάσῳ,
1457 1210 1502 1268 καί
1517 1208 1620 1277 άποδθς
1631 1210 1731 1289 λόγους
1745 1235 1836 1291 προσ-

228 1294 323 1359 χάλλος
338 1292 405 1367 αίιτῇ
425 1289 470 1349 καί
485 1290 577 1371 χρείαν
593 1292 738 1369 εἰναγκαίαν
760 1292 806 1350 καί
826 1292 1000 1373 ψυχαγωγίαν
1057 1295 1128 1375 φέρει
1150 1299 1254 1375 πρῶτον
1271 1296 1332 1375 περί
1346 1318 1374 1354 τε
1394 1296 1547 1372 Ευμύάσεων
1566 1300 1613 1356 καί
1633 1299 1768 1367 ἐνδόσεως
1795 1305 1841 1368 τῖς

227 1382 279 1439 τῶν
299 1376 465 1437 ἐνοικούντων
483 1376 588 1435 ἅπαντα
600 1378 801 1455 καθιστάμενος·
816 1453 819 1457 ¹
844 1382 915 1456 (ν)οθ
924 1379 1001 1453 μόνον
1055 1382 1135 1455 νήσου
1145 1392 1198 1450 τοῖς
1206 1384 1232 1441 ἐν
1242 1386 1280 1463 τῷ
1291 1383 1458 1464 ρρουρίῳτοῦ
1466 1384 1579 1462 λιμένος.
1591 1383 1638 1453 Ὡς
1646 1387 1669 1444 δ’
1677 1388 1732 1446 ούιι
1742 1385 1840 1461 ἔπειθε,

228 1465 272 1538 δέ,
288 1464 357 1526 θλλθ
375 1466 421 1523 καί
434 1465 468 1524 τίι
493 1464 542 1534 ἔξω
555 1464 642 1523 πάντα
660 1469 707 1537 τῆς
737 1468 827 1548 χώρας
849 1466 1002 1549 ίυνῴκιζιν,
1056 1472 1146 1551 κύκλῳ
1157 1470 1354 1551 περιλαδώντῇ
1372 1480 1484 1553 στρατιᾷ
1502 1471 1548 1532 καί
1561 1474 1733 1553 πανταχόθεν
1750 1497 1840 1553 προσ·

228 1558 371 1625 δποικίζων
392 1554 505 1621 πολλούς
524 1578 553 1614 τε
571 1558 623 1614 τῶν
639 1555 798 1635 Τριύαλλῶν
815 1557 861 1616 καί
876 1557 1000 1617 Παιόνων
1057 1558 1145 1619 ύαλθεν
1156 1561 1402 1641 οιθτῷίσχυρῶςκαὶ
1412 1558 1694 1641 κλίμακαςέπογτιγών
1705 1563 1839 1642 τῷτεὶχει

228 1651 274 1707 καὶ
297 1648 395 1706 Μυσῶν
410 1648 456 1717 τῆς
474 1645 575 1718 αὐτῶν,
597 1643 655 1713 τούς
675 1643 703 1704 δέ
716 1644 762 1705 καί
782 1646 934 1730 ληιζόμενος
954 1645 1002 1705 καὶ
1055 1648 1101 1708 καί
1118 1648 1257 1729 μηχανάς,
1279 1652 1349 1729 αἱρεῖ
1366 1648 1435 1709 κατά
1452 1640 1545 1727 κράτος
1565 1652 1595 1709 ἐκ
1613 1650 1727 1730 πρώτης
1750 1674 1838 1731 προα-

227 1734 381 1803 κατοικίζων
397 1736 423 1791 ἐν
439 1734 517 1813 αὐτῇ.
559 1732 745 1813 (ο)Ἔγνωστο
760 1732 811 1815 γάρ
826 1736 897 1813 αύτῷ
908 1742 998 1793 πᾶσαν
1055 1734 1148 1810 ύολῆς,
1164 1736 1210 1796 καί
1229 1740 1281 1795 τῶν
1295 1736 1418 1815 φυλάκων
1437 1736 1498 1805 τοίις
1519 1737 1566 1813 μέν
1582 1740 1706 1819 ἀναιρεῖ,
1723 1740 1788 1807 τοὺς
1807 1742 1834 1799 δὲ

226 1821 274 1895 τήν
288 1822 338 1891 ἔξω
351 1820 397 1881 καί
409 1819 462 1901 πρὸ
476 1825 522 1893 τῆς
534 1821 634 1888 πόλεως
644 1820 734 1902 χώραν
747 1821 889 1891 ξυνοικίσαι
903 1825 1000 1895 καλῶς,
1054 1827 1152 1896 ζῶντας
1165 1825 1241 1903 αἱρεῖ·
1256 1817 1325 1897 ήσαν
1341 1826 1393 1906 γὸρ
1413 1827 1439 1884 ἐν
1451 1825 1534 1906 τούτῳ
1548 1828 1655 1907 φρουροί
1668 1828 1763 1908 ἄνδρες
1779 1826 1836 1899 ίξή-

228 1911 286 1988 άμα
301 1909 348 1988 μίν
363 1910 395 1969 δι’
409 1909 503 1990 αἱρετήν
519 1913 566 1982 τῆς
575 1914 624 1987 γῆς
638 1908 709 1989 (ἔστι
722 1909 773 1991 γάρ
787 1910 872 1987 ἀγαθή
885 1910 1000 1992 σπείρειν
1054 1936 1134 1972 κοντα
1149 1918 1195 1972 τοῦ
1212 1912 1349 1992 βασιλέως.
1391 1913 1424 1992 (t)
1440 1915 1619 1987 Καταπλήξας
1634 1914 1662 1975 δὲ
1675 1918 1798 1995 ἰσχυρῶς
1807 1918 1836 1975 ἐκ

225 2024 255 2060 τε
269 2000 315 2059 καί
327 1997 444 2079 φυτεύειν
460 1997 505 2063 καί
518 1997 582 2076 πρὸς
594 1997 700 2065 άπάσας
714 1996 849 2078 ἐρρωμένη
863 1998 940 2074 γονίις
955 1998 1000 2058 καὶ
1055 1999 1146 2062 τούτου
1157 2000 1203 2061 καί
1213 2000 1305 2067 τοθςέν
1314 2009 1367 2069 τοῖς
1377 2001 1464 2069 ἄλλοις
1475 2004 1622 2079 πολίσμασι
1641 2004 1778 2081 λαμδιίνει
1789 2008 1834 2062 καὶ

225 2087 360 2170 καρπούς,
385 2087 431 2145 καί
455 2088 490 2145 τίι
512 2087 624 2166 μέγιστα
649 2085 805 2156 ξυντελέσειν
826 2086 920 2161 ἔμελλε
942 2089 1001 2154 ταῖς
1053 2089 1156 2156 τούτους
1176 2089 1302 2169 ὁμολογία
1320 2088 1428 2157 ίαυτούς
1444 2090 1533 2149 τεκαὶ
1548 2090 1581 2148 τά
1609 2092 1724 2171 φρούρια
1741 2114 1830 2171 παρα-

224 2176 324 2259 χρείαις
337 2181 385 2247 τῆς
393 2173 522 2252 πόλεως),
534 2172 591 2251 ἅμα
605 2171 634 2231 δί
643 2175 689 2234 καί
700 2173 747 2245 τήν
755 2173 846 2255 χώραν
858 2172 1000 2253 ἐξημερῶν,
1055 2176 1146 2243 δόντας
1168 2176 1265 2256 ᾄμαχί.
1308 2176 1344 2256 (ι)
1367 2176 1615 2256 Παραστησάμενος
1630 2178 1659 2237 δέ
1677 2190 1769 2239 πίέσαν
1784 2180 1831 2252 τήν

225 2264 327 2344 ἐρήμην
338 2286 368 2322 τε
381 2252 462 2321 ούσαν
475 2261 523 2321 καί
534 2259 657 2333 άοίκητον
672 2264 754 2331 αὐτῆς
767 2260 815 2331 τήν
830 2259 931 2333 πολλήν
955 2262 1000 2318 καὶ
1053 2267 1132 2335 νῆσον
1143 2262 1188 2323 καί
1200 2264 1343 2343 κατασχών
1353 2266 1459 2332 τελείως
1471 2267 1498 2325 ἐν
1511 2267 1702 2327 πεντεκαίδεκα
1716 2268 1831 2347 ἡμέραις

223 2362 277 2420 τοῖς
290 2354 468 2429 ὁδοιποροῦσιν
480 2350 625 2430 ἐπισφαλῆ.
640 2347 696 2410 Καί
710 2352 724 2407 ὁ
739 2348 787 2426 μὲν
802 2351 828 2407 ἐν
842 2346 942 2413 τούτοις
954 2339 997 2420 ήν.
1053 2362 1110 2417 ταῖς
1125 2352 1212 2429 θλαις,
1236 2352 1380 2412 διατίθεται
1391 2352 1424 2414 τίι
1442 2356 1503 2413 κατ’
1522 2354 1620 2427 αὐτὴν,
1639 2356 1684 2415 καί
1704 2357 1827 2438 φρουρὰν
1902 2368 1903 2429 i

264 2443 374 2505 Xxltl.
388 2440 518 2507 Νικόλαος
532 2437 559 2496 δέ
574 2441 588 2495 ὁ
602 2442 648 2508 τῆς
659 2436 767 2513 Ῥώμης
781 2435 916 2517 ἀρχιερεὺς
929 2436 999 2495 κατὰ
1052 2430 1725 2521 ἐγκατοστησάμενοςαθθιςᾶπέπλευσενέςΛήμνσι
1738 2446 1828 2503 παντί
1902 2432 1903 2505 ί

224 2532 268 2593 τδν
286 2528 364 2589 αθτθν
373 2526 466 2607 χρόνον
482 2526 607 2607 στρατιὰν
621 2525 739 2606 ήθροιζσν
752 2527 777 2591 ἐς
792 2524 927 2597 Ἰταλίαν,
950 2525 998 2583 καί
1050 2528 1090 2604 τῷ
1104 2524 1204 2605 στόλῳ,
1224 2525 1292 2605 ίχυιν
1307 2527 1354 2587 καί
1374 2528 1431 2595 τοὸς
1452 2528 1551 2606 ἄνδρας
1567 2528 1610 2595 οθτ
1620 2528 1693 2588 ἔλαθε
1715 2534 1823 2597 ζῶντας
1902 2556 1903 2605 γ

225 2618 318 2680 στόλον
334 2615 439 2696 ἐξήρτυε
460 2614 609 2674 διαπόντιον
627 2614 696 2673 κατίι
715 2615 767 2671 τῶν
787 2614 867 2694 ἐντῷ
890 2614 996 2692 Λίγσιίῳ
1052 2616 1103 2671 τῶν
1114 2616 1243 2695 ρρουρῶν.
1287 2616 1322 2693 (ο)
1341 2605 1480 2691 Γενόμενος
1496 2616 1518 2675 δ’
1533 2620 1560 2676 ἐν
1577 2616 1675 2697 Λήμνῳ
1688 2616 1828 2693 ἐκπέμπει
1902 2608 1903 2679 ί

224 2707 311 2781 κτίσων
324 2711 369 2765 τοῦ
390 2702 532 2786 βασιλέως,
552 2700 667 2782 Ἴμύρου
685 2700 730 2759 καί
750 2700 858 2779 Λήμνου
878 2704 995 2760 καὶτῶν
1052 2701 1718 2784 δέκατριήρειςίςῚμδρονκαλάρχονταμετάίιτῶν
1728 2706 1830 2764 Κόντον
1902 2690 1903 2767 ί

223 2798 331 2856 λοιπῶν.
345 2793 398 2854 Καὶ
407 2789 550 2871 πληρώσας
559 2788 818 2869 τριήρειςτριάκοντα
827 2790 873 2847 καί
882 2788 996 2855 ὁλκάδας
1051 2788 1118 2849 οὕτω
1128 2787 1301 2867 καλούμενον.
1317 2790 1459 2859 Λοδούίκος
1469 2792 1496 2851 δέ
1508 2792 1633 2871 τέτταρας
1641 2791 1723 2867 μόνας
1732 2792 1830 2871 ἡμέρας
1902 2812 1903 2871 γ

229 2882 276 2942 δύο
288 2885 341 2941 τῶν
362 2881 502 2960 μεγάλων,
518 2878 564 2937 καί
579 2878 689 2945 ὁπλίσας
708 2879 807 2953 καλῶς,
833 2875 996 2955 στρατιώτας
1050 2876 1184 2955 ἐπιμείνας
1195 2882 1226 2955 τῇ
1243 2874 1347 2957 Λήμνῳ
1360 2881 1392 2957 τῇ
1406 2880 1531 2961 ὁστιραίρ
1550 2879 1695 2940 διαλαθών
1711 2880 1770 2947 τοιλς
1787 2882 1827 2939 ἄν·

223 2994 251 3030 τε
263 2974 314 3029 τῶν
329 2968 457 3049 μαχίμων
472 2966 630 3032 ἐπιύιύάσας
644 2964 690 3023 καί
704 2963 774 3023 θπλα
789 2972 901 3023 παντοῖα
921 2962 995 3023 ἐνθέ-
1050 2968 1112 3044 δρας
1122 2964 1181 3029 τούς
1193 2989 1221 3023 τε
1233 2968 1262 3024 ἐκ
1277 2964 1385 3043 Λήμνου
1395 2965 1456 3033 τούς
1467 2989 1496 3025 τε
1508 2968 1640 3029 inertem
1650 2969 1826 3047 ζωγρηθέντας
1902 2984 1903 3031 t

223 3082 300 3139 μενος
313 3057 358 3117 καί
370 3054 509 3136 μηχανὰς,
520 3055 565 3113 καί
580 3053 726 3133 στρατηγὸν
739 3050 920 3131 αὐτοκράτορα
933 3050 996 3111 ίλό-
1051 3058 1095 3111 τού
1111 3052 1249 3130 βασιλέως,
1265 3052 1321 3111 ὅσοι
1336 3051 1374 3131 μή
1382 3053 1524 3126 ἀπέθανον,
1543 3051 1586 3123 ξίιν
1597 3058 1638 3135 ’τῷ
1647 3057 1735 3135 λοιπῷ
1745 3057 1823 3135 στόνῳ

224 3168 300 3224 μενος
319 3144 462 3203 Λοδούίκον
482 3142 527 3201 τὸν
542 3143 709 3221 άδιλριδοῶν,
722 3138 749 3197 δν
764 3139 810 3199 καί
827 3138 995 3219 πατριάρχην
1051 3137 1214 3200 ἀπέπλευσεν
1225 3138 1360 3207 ἐςῬόδον.
1390 3137 1822 3225 (τ)ΚόντοςὸἐάρικόμενοςέςῚμ·

222 3238 273 3291 τῶν
284 3234 444 3291 ἀνατολικῶν
460 3232 545 3309 μερῶν
566 3228 743 3301 κατέστησεν,
761 3227 818 3304 ἅμα
832 3217 877 3305 ήρι
893 3226 996 3303 ἐκπέμ-
1054 3226 1116 3306 ύρον
1133 3225 1177 3295 ξίν
1199 3237 1256 3293 ταῖς
1273 3227 1335 3288 δέκα
1348 3229 1482 3308 τριήρεσι,
1498 3227 1590 3307 λόγους
1603 3231 1747 3311 πρσαρὲρτε
1761 3235 1826 3309 ίίρι-
1902 3262 1903 3305 γ

221 3342 274 3381 πει.
319 3320 354 3396 [α]
374 3317 426 3377 Καί
441 3317 469 3383 θς
483 3316 603 3395 ἀναχθείς
623 3313 649 3383 ἐξ
663 3315 780 3382 Ἰταλίας
802 3314 949 3394 ἀφικνεῖται
969 3317 994 3380 ἐς
1048 3314 1823 3398 τούούλῳτῷταύτηςέπάρχοντιπερὶἐνὸόστωςτήςνήσου,

221 3406 333 3478 Ῥόδον,
351 3405 397 3465 καὶ
408 3404 500 3484 μικρόν
513 3427 540 3463 τι
555 3403 692 3484 διατρίψας
706 3406 803 3482 αθτοῶ,
816 3403 882 3482 ἄρας
896 3404 993 3461 ίκεῖθεν
1051 3402 1198 3483 ἐγχειρίσας
1213 3403 1342 3483 αὐτῷκαὶ
1357 3404 1503 3486 γράμματα
1524 3404 1587 3485 περὶ
1601 3406 1695 3465 τούτου
1708 3410 1752 3465 τού
1768 3412 1823 3466 Λο-

221 3495 327 3553 ἐπιπλεῐ
342 3493 400 3559 ταῖς
418 3491 505 3563 νήσοις
524 3495 571 3551 τοῦ
586 3490 730 3569 βασιλέως,
743 3492 787 3550 καί
801 3489 944 3571 προσσχών
963 3491 993 3550 τὸ
1050 3491 1164 3553 δεόίκου.
1210 3494 1243 3571 (ε)
1269 3493 1446 3571 Κρετόόονλος
1467 3489 1494 3553 δὲ
1514 3494 1620 3573 δέχεται
1640 3500 1734 3557 τοῦτον
1755 3498 1826 3577 φιλο-

219 3701 283 3739 ease.
298 3691 354 3745 Quo
365 3686 464 3747 audite,
479 3687 624 3751 praetectum
641 3686 789 3737 Semenrlriae
799 3686 920 3750 legatione
932 3686 965 3736 ad
979 3701 1063 3752 regem
1081 3684 1156 3736 missa
1171 3698 1252 3736 arcem
1270 3686 1407 3736 tradidisse.
1420 3686 1576 3738 Deditionem
1590 3689 1735 3739 Critobulus
1746 3694 1825 3739 narrat

219 3759 265 3810 lib.
284 3764 308 3820 3,
319 3774 344 3809 e.
361 3764 384 3819 2,
400 3758 447 3807 nub
464 3771 528 3808 annio
546 3761 616 3808 ῡθθο.

251 3830 329 3879 xxti.
343 3828 359 3891 §
372 3832 395 3877 3.
421 3826 564 3891 ξυνοικίσαι]
576 3829 686 3887 οίαήσαι,
699 3840 774 3890 supra
787 3825 872 3877 addito
888 3845 941 3889 συν,
960 3829 1044 3879 codex.

250 3897 394 3961 xxii1,§t.
407 3897 533 3961 Νικόλαος]
545 3901 598 3949 lmo
605 3897 725 3948 canutus
739 3899 783 3948 ili.
796 3899 910 3948 meniana
918 3900 998 3963 Viam
1010 3914 1049 3949 an·
1064 3896 1196 3948 rietatem
1207 3896 1308 3948 obierat.
1324 3898 1334 3961 [Ι
1347 3925 1378 3936 -
1386 3900 1483 3963 τριήρεις
1495 3900 1628 3965 τριάκοντα]
1641 3900 1766 3965 undecim,
1775 3916 1822 3952 ser.

219 3972 315 4019 numm
328 3982 352 4033 p.
366 3973 422 4029 338,
434 3968 525 4031 quihus
537 3968 562 4018 ἰα
574 3968 628 4031 ipso
638 3968 701 4018 mari
711 3970 794 4031 AEgzeo
807 3968 969 4031 quadraginta
983 3969 1123 4019 serenares
1141 3966 1252 4031 piratica
1265 3980 1292 4017 ee
1308 3968 1482 4031 adjunxerunt.
1497 3972 1535 4020 lta
1555 3984 1608 4020 rem
1624 3975 1707 4021 nueas
1720 3978 1822 4023 narrat:

222 4040 263 4089 Ἐν
276 4039 302 4088 ἃ
315 4039 394 4101 ,casti
403 4040 448 4088 ἔτει
463 4040 561 4096 ήλθασιν
575 4037 602 4087 ἐκ
613 4044 653 4098 τῆς
664 4038 759 4101 Ῥώμης
770 4040 866 4102 τριήρεις
878 4040 960 4088 ίνδεκοι
972 4040 1063 4103 ίχοντις
1076 4040 1180 4101 ἀρχηγὸν
1193 4038 1341 4103 πατριάρχην
1354 4048 1395 4099 τῆς
1406 4040 1534 4096 Ἆιεουιλίας
1542 4078 1548 4102 ,
1556 4042 1698 4105 πεμρθτῑοαι
1711 4044 1775 4105 παρὰ
1785 4051 1823 4093 τοῦ

219 4112 288 4161 πάπα
303 4111 437 4160 Καλλίστου
450 4112 484 4161 ete
496 4111 606 4173 βοήθειαν
620 4116 667 4159 τῶν
678 4110 757 4169 νήσων
770 4114 817 4159 τῶν
829 4110 1003 4167 πλησιαζόντων
1014 4117 1062 4167 τοῖς
1075 4110 1200 4173 Τούρκοις,
1216 4108 1264 4157 οίον
1278 4109 1374 4162 Ῥόδον,
1388 4110 1460 4170 Χίον,
1475 4110 1584 4173 Λέσθαν,
1597 4114 1707 4175 Λῆμνον,
1719 4113 1822 4175 Ίμύραι,

222 4180 376 4245 Σαμοθρᾴκην
387 4183 428 4229 καὶ
440 4182 529 4229 θάσον.
544 4182 699 4238 Κατήντησαν
712 4180 753 4230 οὖν
764 4180 872 4244 ὲνῬόδῳ
885 4184 917 4237 ὡς
928 4183 976 4231 ύπὸ
986 4182 1027 4231 τὸν
1036 4181 1117 4231 πάπαν
1128 4182 1241 4228 τελοῦσαν
1254 4181 1294 4229 καί
1307 4178 1390 4242 ρόρους
1404 4182 1437 4242 μή
1449 4182 1581 4237 θελήσασκν
1592 4182 1674 4231 δοῦναι
1690 4186 1741 4236 τοῖς
1752 4184 1821 4245 Tene·

219 4270 276 4308 κσις.
288 4250 344 4302 ’Λπδ
353 4250 379 4300 δέ
388 4250 471 4299 Ῥόδον
483 4250 612 4314 ἀπάραντες
622 4252 718 4309 ήλθοισιν
731 4252 756 4299 ίν
768 4250 834 4314 Χίῳ,
856 4253 975 4308 αἰτοῦντες
988 4257 1030 4301 τοῦ
1044 4253 1076 4314 μή
1088 4252 1168 4301 δοῦναι
1178 4249 1260 4312 φόρους
1268 4256 1318 4306 τοῖς
1332 4250 1443 4314 Τούριιοις
1451 4288 1457 4312 ,
1466 4252 1524 4300 ἀλλὰ
1536 4252 1615 4315 μάχην
1624 4252 1712 4313 μᾶλλον
1721 4253 1822 4302 nieuw

218 4327 241 4373 οί
259 4324 279 4373 δ’
297 4323 341 4371 ούκ
357 4322 507 4377 ίπείσθησαν·
519 4321 606 4382 ὁμοίως
621 4324 644 4371 et
662 4324 686 4373 ίν
701 4323 787 4385 Λίσύῳ
797 4321 837 4370 καί
849 4323 916 4371 αὐτοὶ
929 4322 959 4372 τὰ
972 4323 1051 4385 όμσια·
1060 4322 1110 4371 &ab
1120 4321 1146 4370 δὲ
1162 4322 1255 4370 Λέσύου
1266 4320 1415 4383 ἀθροισθέντα
1427 4322 1456 4369 τὰ
1472 4326 1513 4371 τοῦ
1529 4322 1599 4373 πάντα
1617 4321 1678 4386 [καί]
1689 4329 1738 4371 τιῖιν
1752 4326 1822 4375 iinte-

218 4397 295 4442 λανῶν
313 4394 353 4441 καί
371 4392 455 4455 ἐτέρων
468 4393 600 4455 ληστρικῶν
618 4392 707 4441 πλοίων
721 4394 761 4442 τὸν
775 4392 871 4455 ἀριθμὸν
886 4393 929 4449 ἕως
948 4393 972 4454 μ’
984 4394 1090 4456 ἀπήισαν
1104 4392 1127 4441 ἐν
1139 4396 1169 4453 τῇ
1184 4391 1286 4451 Λήμνῳ,
1302 4392 1343 4439 καὶ
1356 4390 1530 4455 παραλαύόντες
1542 4392 1584 4451 τὴν
1598 4397 1670 4451 νῆσον
1687 4392 1785 4449 tium
1799 4398 1819 4442 ἐν

219 4463 372 4525 Σαμοθρᾴκῃ,
385 4462 424 4508 καὶ
437 4461 544 4515 λαθόντες
554 4462 595 4511 καὶ
606 4461 692 4519 ταύτην
702 4464 735 4518 τίς
747 4464 829 4512 θάσον
842 4462 958 4523 ίγίνοντο.
973 4465 1019 4513 Καὶ
1032 4464 1135 4523 φύλακας
1146 4462 1245 4515 ἐνθέντες
1259 4462 1283 4509 ἐν
1298 4467 1350 4516 ταῖς
1363 4462 1443 4518 νήσοις
1456 4463 1497 4510 καί
1511 4462 1589 4517 καλῶς
1605 4460 1776 4524 άσραλίσαντες
1790 4468 1820 4521 τίς

221 4533 305 4584 Ῥόδον
314 4533 471 4593 ύπέστρεψαν.
483 4532 544 4580 Τότε
553 4532 567 4579 ὁ
575 4532 684 4595 τύραννος
694 4533 775 4593 μαθὼν
787 4534 816 4581 τὰ
829 4533 942 4595 γενόμενα
952 4536 995 4593 τήν
1006 4540 1085 4583 πᾶσαν
1097 4534 1173 4582 αἰτίαν
1187 4536 1221 4592 τῷ
1232 4531 1327 4594 ήγεμόνι
1336 4536 1377 4589 τῆς
1386 4531 1481 4581 Λέσθου
1489 4532 1647 4595 κατέγραψεν,
1658 4533 1699 4580 καί
1709 4532 1739 4590 δή
1749 4536 1820 4597 μάχην

220 4604 331 4668 κρατερὰν
342 4602 455 4659 ἐνστήσας
468 4600 522 4650 κατ’
530 4600 602 4650 αὐτοῦ
615 4602 698 4650 στόλον
710 4602 828 4664 ἀπαρτίζει
841 4604 926 4667 βαρὺν,
938 4606 979 4653 καὶ
993 4610 1026 4669 τῷ
1041 4604 1169 4667 Λθγούστιρ
1180 4604 1234 4664 μηνὶ
1246 4603 1331 4663 πέμπει
1346 4606 1428 4651 τοῦτον
1442 4604 1466 4651 ίν
1480 4604 1580 4666 Λέσύῳ,
1591 4604 1654 4665 έχων
1668 4603 1772 4668 ἀρχηγόν
1784 4608 1819 4656 τὸν

220 4676 319 4735 Ἰσραήλ
331 4676 372 4736 (v.
384 4672 478 4721 critob.
489 4676 513 4733 3,
524 4685 546 4722 e.
560 4673 607 4733 1⁰).
618 4671 825 4736 Ghaleucandyias
834 4688 858 4739 p.
870 4679 916 4725 τόν
928 4676 1150 4739 praeteriturum,
1160 4676 1279 4723 Lemnum
1290 4673 1315 4720 et
1328 4671 1502 4721 Samothrauen
1514 4672 1589 4721 etiam
1599 4672 1711 4723 imbrum
1721 4674 1818 4723 insulan

219 4758 236 4796 a
248 4744 341 4796 latinis
351 4746 497 4806 occupatam
511 4755 564 4793 esse
575 4742 648 4802 dicit,
658 4741 739 4806 pantio
748 4747 803 4808 post
813 4758 885 4806 vero,
898 4761 975 4810 quum
988 4747 1074 4798 elassis
1088 4744 1202 4796 itherium
1215 4741 1330 4803 abiisset,
1340 4741 1469 4792 lamuelem
1479 4744 1601 4793 anum
1616 4748 1642 4793 et
1653 4744 1764 4795 Imbrum
1780 4759 1818 4795 re·

221 4828 351 4880 euperasse
359 4852 366 4876 ,
375 4813 464 4863 deinde
475 4827 490 4862 a
502 4814 596 4877 lagano
607 4813 681 4863 etiam
690 4815 799 4863 Thasum
810 4819 835 4865 et
847 4816 1021 4867 Samothracen
1035 4819 1060 4867 in
1072 4816 1191 4867 <titionem
1204 4814 1285 4864 denuo
1298 4812 1411 4863 redactas
1419 4824 1481 4863 esse.
1494 4812 1637 4863 critobulus
1653 4815 1818 4866 Saninthrarm

220 4886 247 4937 Λ.
259 4885 276 4936 l.
288 4886 387 4937 omnino
395 4898 445 4933 non
456 4884 567 4934 meminit
579 4884 743 4947 (quamquam
751 4898 799 4933 unn
811 4898 869 4935 eum
879 4885 960 4935 Thaso
972 4886 1047 4936 etiam
1055 4886 1119 4936 hane
1130 4884 1235 4936 irrsulam
1244 4898 1259 4932 a
1267 4883 1359 4933 Latinis
1370 4886 1516 4947 oewpatam
1524 4894 1603 4932 essee
1614 4883 1670 4936 libr,
1678 4890 1704 4945 3,
1717 4899 1769 4951 cap.
1783 4890 1817 4943 rt.

221 4961 237 5007 4
249 4955 370 5020 colligas);
379 4966 457 5019 neque
467 4953 676 5017 quidquamnorit
685 4954 716 5004 de
730 4954 831 5004 ismaele
844 4955 954 5004 imbrum
970 4959 996 5006 et
1008 4959 1126 5007 Lemnum
1140 4958 1313 5019 recuperante,
1324 4953 1368 5003 sed
1379 4952 1489 5003 imbrum
1500 4965 1546 5002 sna
1557 4950 1667 5005 sotter-tia
1675 4958 1762 5007 Turris
1774 4971 1817 5005 νεα

221 5029 317 5084 ratem,
332 5038 347 5074 e
360 5027 451 5074 Lemno
463 5028 545 5073 antem
561 5037 606 5073 sua
617 5024 695 5087 ipsius
707 5036 781 5087 opera
791 5026 890 5075 Latinos
901 5026 984 5090 puisun
995 5040 1050 5076 esse
1062 5029 1146 5076 namet
1160 5026 1211 5089 (tib.
1229 5029 1253 5083 3,
1269 5036 1321 5086 cap.
1338 5034 1360 5073 ο.
1375 5026 1402 5073 tt
1413 5024 1472 5088 sq).

242 5092 267 5157 '§
279 5100 301 5144 2.
318 5092 458 5158 ἐφικνεῖται]
470 5094 506 5144 sic
515 5107 579 5156 mgo,
590 5096 694 5159 καταίριι
706 5098 767 5144 text.
783 5094 795 5158 [Ι
811 5122 837 5130 ·-
851 5096 924 5160 νεεδ]
937 5098 1006 5147 veut.
1023 5097 1078 5149 ced.
1092 5098 1102 5161 Ι]
1116 5096 1172 5160 -§
1190 5100 1213 5147 e.
1225 5092 1389 5159 ζωγρηθέντας]
1409 5094 1446 5144 siu
1458 5104 1528 5156 inge,
1548 5094 1675 5158 ληφθέντας
1693 5098 1755 5147 texi.
1770 5096 1818 5160 ]-
