<?xml version="1.0" encoding="UTF-8"?>
<!DOCTYPE html PUBLIC "-//W3C//DTD XHTML 1.0 Transitional//EN"
    "http://www.w3.org/TR/xhtml1/DTD/xhtml1-transitional.dtd">
<html xmlns="http://www.w3.org/1999/xhtml" xml:lang="en" lang="en">
 <head>
  <title>
</title>
<meta http-equiv="Content-Type" content="text/html;charset=utf-8" />
  <meta name='ocr-system' content='tesseract 3.04.00' />
  <meta name='ocr-capabilities' content='ocr_page ocr_carea ocr_par ocr_line ocrx_word'/>
</head>
<body>
  <div class='ocr_page' id='page_1' title='image "./fragmentahistor01langgoog/fragmentahistor01langgoog_0587.png"; bbox 0 0 3809 5859; ppageno 0'>
   <div class='ocr_carea' id='block_1_1' title="bbox 542 247 1738 318">
    <p class='ocr_par' dir='ltr' id='par_1_1' title="bbox 542 247 1738 318">
     <span class='ocr_line' id='line_1_1' title="bbox 542 247 1738 318; baseline 0.008 -10"><span class='ocrx_word' id='word_1_1' title='bbox 542 247 745 309; x_wconf 84' lang='lat' dir='ltr'>CRITOBULI</span> <span class='ocrx_word' id='word_1_2' title='bbox 764 248 950 311; x_wconf 77' lang='lat' dir='ltr'>EPISTOLA</span> <span class='ocrx_word' id='word_1_3' title='bbox 970 250 1024 311; x_wconf 83' lang='lat' dir='ltr'><strong>AD</strong></span> <span class='ocrx_word' id='word_1_4' title='bbox 1046 251 1328 313; x_wconf 81' lang='lat' dir='ltr'><strong>MECHEMETEM.</strong></span> <span class='ocrx_word' id='word_1_5' title='bbox 1698 258 1738 318; x_wconf 73' lang='lat'><strong>53</strong></span> 
     </span>
    </p>
   </div>
   <div class='ocr_carea' id='block_1_2' title="bbox 137 370 914 3279">
    <p class='ocr_par' dir='ltr' id='par_1_2' title="bbox 137 370 914 3279">
     <span class='ocr_line' id='line_1_2' title="bbox 178 370 913 461; baseline -0.004 -17"><span class='ocrx_word' id='word_1_6' title='bbox 178 405 200 444; x_wconf 85' lang='grc' dir='ltr'><strong>ν.</strong></span> <span class='ocrx_word' id='word_1_7' title='bbox 222 381 334 454; x_wconf 80' lang='grc' dir='ltr'><strong>Τοίνυν,</strong></span> <span class='ocrx_word' id='word_1_8' title='bbox 345 370 367 440; x_wconf 84' lang='grc' dir='ltr'><strong>ῶ</strong></span> <span class='ocrx_word' id='word_1_9' title='bbox 379 380 486 459; x_wconf 80' lang='grc' dir='ltr'>μέγιστε</span> <span class='ocrx_word' id='word_1_10' title='bbox 498 381 682 461; x_wconf 80' lang='grc' dir='ltr'><strong>αὐτοκράτωρ,</strong></span> <span class='ocrx_word' id='word_1_11' title='bbox 693 382 780 442; x_wconf 89' lang='grc' dir='ltr'><strong>πολλά</strong></span> <span class='ocrx_word' id='word_1_12' title='bbox 793 382 913 461; x_wconf 88' lang='grc' dir='ltr'><strong>μογήσας</strong></span> 
     </span>
     <span class='ocr_line' id='line_1_3' title="bbox 142 469 913 549; baseline -0.003 -18"><span class='ocrx_word' id='word_1_13' title='bbox 142 474 205 545; x_wconf 81' lang='grc' dir='ltr'><strong>ήδη,</strong></span> <span class='ocrx_word' id='word_1_14' title='bbox 220 469 279 531; x_wconf 83' lang='grc' dir='ltr'><strong>οὐδέ</strong></span> <span class='ocrx_word' id='word_1_15' title='bbox 294 470 346 549; x_wconf 90' lang='grc' dir='ltr'><strong>γάρ</strong></span> <span class='ocrx_word' id='word_1_16' title='bbox 361 469 437 535; x_wconf 76' lang='grc' dir='ltr'><strong>αὐτὸς</strong></span> <span class='ocrx_word' id='word_1_17' title='bbox 451 471 503 536; x_wconf 83' lang='grc' dir='ltr'><strong>τοῖς</strong></span> <span class='ocrx_word' id='word_1_18' title='bbox 516 469 602 549; x_wconf 81' lang='grc' dir='ltr'><strong>ἔργοις</strong></span> <span class='ocrx_word' id='word_1_19' title='bbox 614 472 744 544; x_wconf 84' lang='grc' dir='ltr'><strong>έπέστην,</strong></span> <span class='ocrx_word' id='word_1_20' title='bbox 756 469 803 529; x_wconf 76' lang='grc' dir='ltr'><strong>’ένα</strong></span> <span class='ocrx_word' id='word_1_21' title='bbox 819 472 850 543; x_wconf 81' lang='grc' dir='ltr'><strong>δή</strong></span> <span class='ocrx_word' id='word_1_22' title='bbox 867 471 913 529; x_wconf 81' lang='grc' dir='ltr'><strong>καί</strong></span> 
     </span>
     <span class='ocr_line' id='line_1_4' title="bbox 138 556 911 639; baseline -0.004 -19"><span class='ocrx_word' id='word_1_23' title='bbox 138 562 169 620; x_wconf 73' lang='grc' dir='ltr'><strong>τὸ</strong></span> <span class='ocrx_word' id='word_1_24' title='bbox 183 557 289 639; x_wconf 72' lang='grc' dir='ltr'><strong>ἀκριβές</strong></span> <span class='ocrx_word' id='word_1_25' title='bbox 304 556 402 616; x_wconf 79' lang='grc' dir='ltr'><strong>τούτων</strong></span> <span class='ocrx_word' id='word_1_26' title='bbox 416 556 528 630; x_wconf 75' lang='grc' dir='ltr'><strong>εἰδείην,</strong></span> <span class='ocrx_word' id='word_1_27' title='bbox 543 557 601 617; x_wconf 83' lang='grc' dir='ltr'><strong>ἀλλ’</strong></span> <span class='ocrx_word' id='word_1_28' title='bbox 616 559 725 639; x_wconf 80' lang='grc' dir='ltr'><strong>ἱστορῶν</strong></span> <span class='ocrx_word' id='word_1_29' title='bbox 744 580 772 617; x_wconf 89' lang='grc' dir='ltr'><strong>τε</strong></span> <span class='ocrx_word' id='word_1_30' title='bbox 793 558 851 632; x_wconf 80' lang='grc' dir='ltr'><strong>ἀμοι</strong></span> <span class='ocrx_word' id='word_1_31' title='bbox 865 558 911 617; x_wconf 88' lang='grc' dir='ltr'><strong>καλ</strong></span> 
     </span>
     <span class='ocr_line' id='line_1_5' title="bbox 137 644 912 725; baseline -0.005 -16"><span class='ocrx_word' id='word_1_32' title='bbox 137 646 329 724; x_wconf 88' lang='grc' dir='ltr'><strong>πυνθανόμενος</strong></span> <span class='ocrx_word' id='word_1_33' title='bbox 347 648 399 703; x_wconf 85' lang='grc' dir='ltr'><strong>τῶν</strong></span> <span class='ocrx_word' id='word_1_34' title='bbox 414 644 519 705; x_wconf 72' lang='grc' dir='ltr'><strong>εἰδότων</strong></span> <span class='ocrx_word' id='word_1_35' title='bbox 535 644 632 713; x_wconf 80' lang='grc' dir='ltr'><strong>καλῶς</strong></span> <span class='ocrx_word' id='word_1_36' title='bbox 648 649 707 716; x_wconf 77' lang='grc' dir='ltr'><strong>ἐνῆν</strong></span> <span class='ocrx_word' id='word_1_37' title='bbox 723 646 837 725; x_wconf 74' lang='grc' dir='ltr'><strong>άκριίῶς</strong></span> <span class='ocrx_word' id='word_1_38' title='bbox 857 646 912 715; x_wconf 78' lang='grc' dir='ltr'><strong>ἐξε-</strong></span> 
     </span>
     <span class='ocr_line' id='line_1_6' title="bbox 137 732 912 813; baseline -0.003 -19"><span class='ocrx_word' id='word_1_39' title='bbox 137 736 239 808; x_wconf 84' lang='grc' dir='ltr'><strong>τάζων,</strong></span> <span class='ocrx_word' id='word_1_40' title='bbox 254 733 399 813; x_wconf 75' lang='grc' dir='ltr'><strong>ξυντέταχα</strong></span> <span class='ocrx_word' id='word_1_41' title='bbox 415 738 492 792; x_wconf 82' lang='grc' dir='ltr'><strong>τοῦτο</strong></span> <span class='ocrx_word' id='word_1_42' title='bbox 503 732 533 791; x_wconf 86' lang='grc' dir='ltr'><strong>τδ</strong></span> <span class='ocrx_word' id='word_1_43' title='bbox 546 732 647 813; x_wconf 71' lang='grc' dir='ltr'><strong>βιδνιέον</strong></span> <span class='ocrx_word' id='word_1_44' title='bbox 663 736 689 792; x_wconf 85' lang='grc' dir='ltr'><strong>έν</strong></span> <span class='ocrx_word' id='word_1_45' title='bbox 701 734 777 795; x_wconf 82' lang='grc' dir='ltr'><strong>πέντε</strong></span> <span class='ocrx_word' id='word_1_46' title='bbox 788 734 912 810; x_wconf 81' lang='grc' dir='ltr'><strong>τμήμασι</strong></span> 
     </span>
     <span class='ocr_line' id='line_1_7' title="bbox 138 820 912 902; baseline -0.004 -19"><span class='ocrx_word' id='word_1_47' title='bbox 138 824 248 899; x_wconf 89' lang='grc' dir='ltr'><strong>διελών,</strong></span> <span class='ocrx_word' id='word_1_48' title='bbox 273 821 358 902; x_wconf 82' lang='grc' dir='ltr'><strong>ἀρχήν</strong></span> <span class='ocrx_word' id='word_1_49' title='bbox 384 826 431 893; x_wconf 78' lang='grc' dir='ltr'><strong>τῆς</strong></span> <span class='ocrx_word' id='word_1_50' title='bbox 459 820 607 902; x_wconf 74' lang='grc' dir='ltr'>ξυγγραφῆς</span> <span class='ocrx_word' id='word_1_51' title='bbox 631 820 806 897; x_wconf 86' lang='grc' dir='ltr'><strong>ποιησάμενος</strong></span> <span class='ocrx_word' id='word_1_52' title='bbox 829 820 912 901; x_wconf 84' lang='grc' dir='ltr'><strong>ἥνπερ</strong></span> 
     </span>
     <span class='ocr_line' id='line_1_8' title="bbox 138 908 910 989; baseline -0.003 -18"><span class='ocrx_word' id='word_1_53' title='bbox 138 913 185 971; x_wconf 82' lang='grc' dir='ltr'><strong>καί</strong></span> <span class='ocrx_word' id='word_1_54' title='bbox 209 910 286 977; x_wconf 80' lang='grc' dir='ltr'><strong>αδτδς</strong></span> <span class='ocrx_word' id='word_1_55' title='bbox 307 908 423 982; x_wconf 77' lang='grc' dir='ltr'><strong>ἐποιήσω</strong></span> <span class='ocrx_word' id='word_1_56' title='bbox 444 912 491 980; x_wconf 82' lang='grc' dir='ltr'><strong>τῆς</strong></span> <span class='ocrx_word' id='word_1_57' title='bbox 506 908 652 989; x_wconf 77' lang='grc' dir='ltr'><strong>βασιλείας,</strong></span> <span class='ocrx_word' id='word_1_58' title='bbox 670 913 700 969; x_wconf 82' lang='grc' dir='ltr'><strong>ἔκ</strong></span> <span class='ocrx_word' id='word_1_59' title='bbox 719 916 766 982; x_wconf 76' lang='grc' dir='ltr'><strong>τῆς</strong></span> <span class='ocrx_word' id='word_1_60' title='bbox 782 909 870 976; x_wconf 82' lang='grc' dir='ltr'><strong>Ἀσίας</strong></span> <span class='ocrx_word' id='word_1_61' title='bbox 884 912 910 977; x_wconf 89' lang='grc' dir='ltr'><strong>ές</strong></span> 
     </span>
     <span class='ocr_line' id='line_1_9' title="bbox 138 996 910 1077; baseline 0 -22"><span class='ocrx_word' id='word_1_62' title='bbox 138 998 186 1071; x_wconf 73' lang='grc' dir='ltr'><strong>τήν</strong></span> <span class='ocrx_word' id='word_1_63' title='bbox 201 997 332 1077; x_wconf 78' lang='grc' dir='ltr'><strong>Εθρώπην</strong></span> <span class='ocrx_word' id='word_1_64' title='bbox 344 998 373 1057; x_wconf 84' lang='grc' dir='ltr'><strong>τὸ</strong></span> <span class='ocrx_word' id='word_1_65' title='bbox 386 1001 490 1076; x_wconf 86' lang='grc' dir='ltr'><strong>πρῶτον</strong></span> <span class='ocrx_word' id='word_1_66' title='bbox 502 996 608 1070; x_wconf 80' lang='grc' dir='ltr'><strong>διαδοίς,</strong></span> <span class='ocrx_word' id='word_1_67' title='bbox 620 997 797 1075; x_wconf 78' lang='grc' dir='ltr'><strong>μεταστάντος</strong></span> <span class='ocrx_word' id='word_1_68' title='bbox 809 1021 849 1057; x_wconf 92' lang='grc' dir='ltr'><strong>σοι</strong></span> <span class='ocrx_word' id='word_1_69' title='bbox 863 1003 910 1057; x_wconf 83' lang='grc' dir='ltr'><strong>τοῦ</strong></span> 
     </span>
     <span class='ocr_line' id='line_1_10' title="bbox 138 1084 912 1166; baseline -0.004 -20"><span class='ocrx_word' id='word_1_70' title='bbox 138 1086 248 1166; x_wconf 86' lang='grc' dir='ltr'><strong>πατρός.</strong></span> <span class='ocrx_word' id='word_1_71' title='bbox 295 1086 330 1164; x_wconf 78' lang='grc' dir='ltr'><strong>(ο)</strong></span> <span class='ocrx_word' id='word_1_72' title='bbox 354 1085 480 1164; x_wconf 89' lang='grc' dir='ltr'><strong>Περιέχεε</strong></span> <span class='ocrx_word' id='word_1_73' title='bbox 495 1084 523 1143; x_wconf 81' lang='grc' dir='ltr'><strong>δέ</strong></span> <span class='ocrx_word' id='word_1_74' title='bbox 537 1084 582 1145; x_wconf 87' lang='grc' dir='ltr'><strong>τόν</strong></span> <span class='ocrx_word' id='word_1_75' title='bbox 596 1108 623 1145; x_wconf 91' lang='grc' dir='ltr'><strong>τε</strong></span> <span class='ocrx_word' id='word_1_76' title='bbox 638 1084 753 1162; x_wconf 89' lang='grc' dir='ltr'><strong>πόλεμον</strong></span> <span class='ocrx_word' id='word_1_77' title='bbox 774 1089 825 1144; x_wconf 87' lang='grc' dir='ltr'><strong>τῶν</strong></span> <span class='ocrx_word' id='word_1_78' title='bbox 841 1085 912 1146; x_wconf 83' lang='grc' dir='ltr'><strong>Ῥω-</strong></span> 
     </span>
     <span class='ocr_line' id='line_1_11' title="bbox 139 1172 912 1252; baseline -0.003 -20"><span class='ocrx_word' id='word_1_79' title='bbox 139 1174 226 1252; x_wconf 89' lang='grc' dir='ltr'><strong>μαίων</strong></span> <span class='ocrx_word' id='word_1_80' title='bbox 238 1172 284 1233; x_wconf 79' lang='grc' dir='ltr'><strong>καί</strong></span> <span class='ocrx_word' id='word_1_81' title='bbox 295 1172 344 1245; x_wconf 81' lang='grc' dir='ltr'><strong>τὴν</strong></span> <span class='ocrx_word' id='word_1_82' title='bbox 358 1177 404 1243; x_wconf 76' lang='grc' dir='ltr'><strong>τῆς</strong></span> <span class='ocrx_word' id='word_1_83' title='bbox 421 1173 522 1241; x_wconf 89' lang='grc' dir='ltr'><strong>πόλεως</strong></span> <span class='ocrx_word' id='word_1_84' title='bbox 544 1172 656 1245; x_wconf 73' lang='grc' dir='ltr'><strong>θέλωσιν,</strong></span> <span class='ocrx_word' id='word_1_85' title='bbox 671 1174 705 1233; x_wconf 92' lang='grc' dir='ltr'><strong>τά</strong></span> <span class='ocrx_word' id='word_1_86' title='bbox 720 1196 748 1232; x_wconf 91' lang='grc' dir='ltr'><strong>τε</strong></span> <span class='ocrx_word' id='word_1_87' title='bbox 763 1178 811 1245; x_wconf 75' lang='grc' dir='ltr'><strong>τῆς</strong></span> <span class='ocrx_word' id='word_1_88' title='bbox 831 1173 912 1234; x_wconf 76' lang='grc' dir='ltr'><strong>Λίνου</strong></span> 
     </span>
     <span class='ocr_line' id='line_1_12' title="bbox 138 1258 913 1341; baseline -0.004 -19"><span class='ocrx_word' id='word_1_89' title='bbox 138 1262 185 1323; x_wconf 85' lang='grc' dir='ltr'><strong>καλ</strong></span> <span class='ocrx_word' id='word_1_90' title='bbox 207 1264 260 1321; x_wconf 83' lang='grc' dir='ltr'><strong>τῶν</strong></span> <span class='ocrx_word' id='word_1_91' title='bbox 277 1261 426 1323; x_wconf 88' lang='grc' dir='ltr'><strong>Φωκαιέων</strong></span> <span class='ocrx_word' id='word_1_92' title='bbox 448 1261 494 1320; x_wconf 82' lang='grc' dir='ltr'><strong>καί</strong></span> <span class='ocrx_word' id='word_1_93' title='bbox 517 1258 549 1331; x_wconf 80' lang='grc' dir='ltr'><strong>δή</strong></span> <span class='ocrx_word' id='word_1_94' title='bbox 571 1260 686 1319; x_wconf 80' lang='grc' dir='ltr'><strong>καὶτῶν</strong></span> <span class='ocrx_word' id='word_1_95' title='bbox 705 1262 913 1341; x_wconf 78' lang='grc' dir='ltr'><strong>Τριόαλλῶνώς</strong></span> 
     </span>
     <span class='ocr_line' id='line_1_13' title="bbox 139 1346 912 1430; baseline -0.001 -22"><span class='ocrx_word' id='word_1_96' title='bbox 139 1348 278 1430; x_wconf 77' lang='grc' dir='ltr'><strong>ἐπράχθη,</strong></span> <span class='ocrx_word' id='word_1_97' title='bbox 296 1349 343 1408; x_wconf 84' lang='grc' dir='ltr'><strong>καλ</strong></span> <span class='ocrx_word' id='word_1_98' title='bbox 368 1346 416 1419; x_wconf 77' lang='grc' dir='ltr'><strong>τήν</strong></span> <span class='ocrx_word' id='word_1_99' title='bbox 445 1348 509 1421; x_wconf 75' lang='grc' dir='ltr'><strong>ὅλην</strong></span> <span class='ocrx_word' id='word_1_100' title='bbox 535 1347 634 1408; x_wconf 75' lang='grc' dir='ltr'><strong>τούτων</strong></span> <span class='ocrx_word' id='word_1_101' title='bbox 657 1347 842 1430; x_wconf 79' lang='grc' dir='ltr'><strong>καταστροφήν</strong></span> <span class='ocrx_word' id='word_1_102' title='bbox 866 1348 912 1408; x_wconf 87' lang='grc' dir='ltr'><strong>καλ</strong></span> 
     </span>
     <span class='ocr_line' id='line_1_14' title="bbox 140 1434 911 1516; baseline 0 -21"><span class='ocrx_word' id='word_1_103' title='bbox 140 1437 271 1511; x_wconf 80' lang='grc' dir='ltr'><strong>δουλείαν,</strong></span> <span class='ocrx_word' id='word_1_104' title='bbox 284 1437 317 1513; x_wconf 72' lang='grc'><strong>(8]</strong></span> <span class='ocrx_word' id='word_1_105' title='bbox 335 1434 374 1495; x_wconf 86' lang='grc' dir='ltr'><strong>έτι</strong></span> <span class='ocrx_word' id='word_1_106' title='bbox 388 1436 416 1495; x_wconf 87' lang='grc' dir='ltr'><strong>δέ</strong></span> <span class='ocrx_word' id='word_1_107' title='bbox 432 1435 481 1507; x_wconf 79' lang='grc' dir='ltr'><strong>τήν</strong></span> <span class='ocrx_word' id='word_1_108' title='bbox 497 1438 523 1503; x_wconf 86' lang='grc' dir='ltr'><strong>ές</strong></span> <span class='ocrx_word' id='word_1_109' title='bbox 534 1435 737 1509; x_wconf 88' lang='grc' dir='ltr'><strong>Πελοπόννησον</strong></span> <span class='ocrx_word' id='word_1_110' title='bbox 749 1437 854 1516; x_wconf 86' lang='grc' dir='ltr'><strong>πρώτην</strong></span> <span class='ocrx_word' id='word_1_111' title='bbox 867 1438 911 1497; x_wconf 86' lang='grc' dir='ltr'><strong>καλ</strong></span> 
     </span>
     <span class='ocr_line' id='line_1_15' title="bbox 140 1522 911 1603; baseline 0 -20"><span class='ocrx_word' id='word_1_112' title='bbox 140 1522 263 1603; x_wconf 80' lang='grc' dir='ltr'><strong>δευτέραν</strong></span> <span class='ocrx_word' id='word_1_113' title='bbox 286 1522 413 1595; x_wconf 81' lang='grc' dir='ltr'><strong>ίσόολήν,</strong></span> <span class='ocrx_word' id='word_1_114' title='bbox 429 1522 474 1581; x_wconf 83' lang='grc' dir='ltr'><strong>καί</strong></span> <span class='ocrx_word' id='word_1_115' title='bbox 493 1526 528 1591; x_wconf 87' lang='grc' dir='ltr'><strong>ώς</strong></span> <span class='ocrx_word' id='word_1_116' title='bbox 543 1522 672 1603; x_wconf 76' lang='grc' dir='ltr'><strong>ἐχειρώθη</strong></span> <span class='ocrx_word' id='word_1_117' title='bbox 687 1532 761 1581; x_wconf 78' lang='grc' dir='ltr'><strong>πᾶσα</strong></span> <span class='ocrx_word' id='word_1_118' title='bbox 776 1523 822 1581; x_wconf 81' lang='grc' dir='ltr'><strong>καί</strong></span> <span class='ocrx_word' id='word_1_119' title='bbox 842 1528 869 1581; x_wconf 80' lang='grc' dir='ltr'><strong>αἱ</strong></span> <span class='ocrx_word' id='word_1_120' title='bbox 885 1528 911 1585; x_wconf 86' lang='grc' dir='ltr'><strong>ἔν</strong></span> 
     </span>
     <span class='ocr_line' id='line_1_16' title="bbox 141 1610 911 1692; baseline 0 -22"><span class='ocrx_word' id='word_1_121' title='bbox 141 1614 208 1690; x_wconf 82' lang='grc' dir='ltr'><strong>αδτῇ</strong></span> <span class='ocrx_word' id='word_1_122' title='bbox 227 1610 314 1677; x_wconf 89' lang='grc' dir='ltr'><strong>πόλεις</strong></span> <span class='ocrx_word' id='word_1_123' title='bbox 329 1610 374 1670; x_wconf 87' lang='grc' dir='ltr'><strong>καλ</strong></span> <span class='ocrx_word' id='word_1_124' title='bbox 385 1610 418 1669; x_wconf 81' lang='grc' dir='ltr'><strong>τά</strong></span> <span class='ocrx_word' id='word_1_125' title='bbox 431 1610 556 1691; x_wconf 77' lang='grc' dir='ltr'><strong>φρούρια,</strong></span> <span class='ocrx_word' id='word_1_126' title='bbox 569 1610 614 1670; x_wconf 84' lang='grc' dir='ltr'><strong>καὶ</strong></span> <span class='ocrx_word' id='word_1_127' title='bbox 628 1610 743 1683; x_wconf 83' lang='grc' dir='ltr'><strong>κατέστη</strong></span> <span class='ocrx_word' id='word_1_128' title='bbox 758 1611 836 1692; x_wconf 86' lang='grc' dir='ltr'><strong>φόρου</strong></span> <span class='ocrx_word' id='word_1_129' title='bbox 852 1616 911 1670; x_wconf 84' lang='grc' dir='ltr'><strong>θπο·</strong></span> 
     </span>
     <span class='ocr_line' id='line_1_17' title="bbox 139 1696 912 1781; baseline 0.001 -23"><span class='ocrx_word' id='word_1_130' title='bbox 139 1698 233 1771; x_wconf 89' lang='grc' dir='ltr'><strong>τελής·</strong></span> <span class='ocrx_word' id='word_1_131' title='bbox 257 1699 290 1781; x_wconf 80' lang='grc'><strong>[7)</strong></span> <span class='ocrx_word' id='word_1_132' title='bbox 305 1697 413 1779; x_wconf 87' lang='grc' dir='ltr'><strong>προσέτι</strong></span> <span class='ocrx_word' id='word_1_133' title='bbox 427 1699 454 1757; x_wconf 78' lang='grc' dir='ltr'><strong>δέ</strong></span> <span class='ocrx_word' id='word_1_134' title='bbox 472 1697 507 1759; x_wconf 86' lang='grc' dir='ltr'><strong>τά</strong></span> <span class='ocrx_word' id='word_1_135' title='bbox 521 1696 590 1780; x_wconf 82' lang='grc' dir='ltr'><strong>κατά</strong></span> <span class='ocrx_word' id='word_1_136' title='bbox 605 1698 730 1771; x_wconf 81' lang='grc' dir='ltr'><strong>Σινώπην</strong></span> <span class='ocrx_word' id='word_1_137' title='bbox 744 1698 790 1757; x_wconf 84' lang='grc' dir='ltr'><strong>καί</strong></span> <span class='ocrx_word' id='word_1_138' title='bbox 803 1703 912 1781; x_wconf 89' lang='grc' dir='ltr'><strong>Τραπε-</strong></span> 
     </span>
     <span class='ocr_line' id='line_1_18' title="bbox 139 1784 912 1865; baseline 0.003 -20"><span class='ocrx_word' id='word_1_139' title='bbox 139 1790 246 1861; x_wconf 79' lang='grc' dir='ltr'><strong>ζοῦντα,</strong></span> <span class='ocrx_word' id='word_1_140' title='bbox 257 1786 345 1854; x_wconf 89' lang='grc' dir='ltr'><strong>πόλεις</strong></span> <span class='ocrx_word' id='word_1_141' title='bbox 358 1787 437 1865; x_wconf 90' lang='grc' dir='ltr'><strong>λόγου</strong></span> <span class='ocrx_word' id='word_1_142' title='bbox 455 1786 529 1855; x_wconf 80' lang='grc' dir='ltr'><strong>ἀξίας</strong></span> <span class='ocrx_word' id='word_1_143' title='bbox 546 1784 592 1844; x_wconf 86' lang='grc' dir='ltr'><strong>καί</strong></span> <span class='ocrx_word' id='word_1_144' title='bbox 609 1790 661 1844; x_wconf 87' lang='grc' dir='ltr'><strong>τῶν</strong></span> <span class='ocrx_word' id='word_1_145' title='bbox 676 1788 846 1863; x_wconf 79' lang='grc' dir='ltr'><strong>ὀνομαστῶν,</strong></span> <span class='ocrx_word' id='word_1_146' title='bbox 866 1787 912 1847; x_wconf 79' lang='grc' dir='ltr'><strong>καί</strong></span> 
     </span>
     <span class='ocr_line' id='line_1_19' title="bbox 138 1866 911 1957; baseline 0 -22"><span class='ocrx_word' id='word_1_147' title='bbox 138 1880 175 1943; x_wconf 87' lang='grc' dir='ltr'><strong>ώς</strong></span> <span class='ocrx_word' id='word_1_148' title='bbox 188 1868 381 1957; x_wconf 81' lang='grc' dir='ltr'><strong>παρεχώρησαν</strong></span> <span class='ocrx_word' id='word_1_149' title='bbox 399 1866 477 1933; x_wconf 70' lang='grc' dir='ltr'><strong>αὗται</strong></span> <span class='ocrx_word' id='word_1_150' title='bbox 490 1874 626 1955; x_wconf 76' lang='grc' dir='ltr'><strong>ὁμολογίᾳ,</strong></span> <span class='ocrx_word' id='word_1_151' title='bbox 638 1876 684 1933; x_wconf 82' lang='grc' dir='ltr'><strong>καί</strong></span> <span class='ocrx_word' id='word_1_152' title='bbox 693 1880 796 1947; x_wconf 78' lang='grc' dir='ltr'><strong>πᾶσαί,</strong></span> <span class='ocrx_word' id='word_1_153' title='bbox 811 1875 911 1935; x_wconf 79' lang='grc' dir='ltr'><strong>τούτων</strong></span> 
     </span>
     <span class='ocr_line' id='line_1_20' title="bbox 140 1960 913 2045; baseline -0.003 -22"><span class='ocrx_word' id='word_1_154' title='bbox 140 1962 189 2033; x_wconf 76' lang='grc' dir='ltr'><strong>ἔξω</strong></span> <span class='ocrx_word' id='word_1_155' title='bbox 205 1965 280 2044; x_wconf 89' lang='grc' dir='ltr'><strong>χώρα</strong></span> <span class='ocrx_word' id='word_1_156' title='bbox 295 1962 362 2041; x_wconf 82' lang='grc' dir='ltr'><strong>(καί)</strong></span> <span class='ocrx_word' id='word_1_157' title='bbox 376 1962 502 2035; x_wconf 80' lang='grc' dir='ltr'><strong>κατήκοος</strong></span> <span class='ocrx_word' id='word_1_158' title='bbox 516 1960 605 2041; x_wconf 88' lang='grc' dir='ltr'><strong>γέγονε</strong></span> <span class='ocrx_word' id='word_1_159' title='bbox 625 1965 663 2043; x_wconf 77' lang='grc' dir='ltr'><strong>τῷ</strong></span> <span class='ocrx_word' id='word_1_160' title='bbox 687 1964 805 2042; x_wconf 83' lang='grc' dir='ltr'><strong>βασιλεῖ·</strong></span> <span class='ocrx_word' id='word_1_161' title='bbox 823 1964 857 2045; x_wconf 75' lang='lat' dir='ltr'><strong>(a)</strong></span> <span class='ocrx_word' id='word_1_162' title='bbox 875 1963 913 2023; x_wconf 81' lang='grc' dir='ltr'><strong>ἔτι</strong></span> 
     </span>
     <span class='ocr_line' id='line_1_21' title="bbox 139 2048 911 2128; baseline 0 -18"><span class='ocrx_word' id='word_1_163' title='bbox 139 2073 170 2128; x_wconf 88' lang='grc' dir='ltr'><strong>γε</strong></span> <span class='ocrx_word' id='word_1_164' title='bbox 186 2051 237 2128; x_wconf 79' lang='grc' dir='ltr'><strong>μήν</strong></span> <span class='ocrx_word' id='word_1_165' title='bbox 255 2049 304 2122; x_wconf 81' lang='grc' dir='ltr'><strong>τὴν</strong></span> <span class='ocrx_word' id='word_1_166' title='bbox 325 2048 503 2109; x_wconf 76' lang='grc' dir='ltr'><strong>ἀπανάστασιν</strong></span> <span class='ocrx_word' id='word_1_167' title='bbox 522 2049 656 2128; x_wconf 87' lang='grc' dir='ltr'><strong>Δράκουλι</strong></span> <span class='ocrx_word' id='word_1_168' title='bbox 678 2050 723 2109; x_wconf 86' lang='grc' dir='ltr'><strong>καί</strong></span> <span class='ocrx_word' id='word_1_169' title='bbox 737 2053 824 2112; x_wconf 85' lang='grc' dir='ltr'><strong>Γετῶν</strong></span> <span class='ocrx_word' id='word_1_170' title='bbox 847 2054 911 2110; x_wconf 86' lang='grc' dir='ltr'><strong>άπο·</strong></span> 
     </span>
     <span class='ocr_line' id='line_1_22' title="bbox 141 2136 914 2217; baseline 0 -20"><span class='ocrx_word' id='word_1_171' title='bbox 141 2137 252 2197; x_wconf 86' lang='grc' dir='ltr'><strong>οτασίαν</strong></span> <span class='ocrx_word' id='word_1_172' title='bbox 271 2137 317 2196; x_wconf 82' lang='grc' dir='ltr'><strong>καί</strong></span> <span class='ocrx_word' id='word_1_173' title='bbox 332 2138 380 2209; x_wconf 84' lang='grc' dir='ltr'><strong>τήν</strong></span> <span class='ocrx_word' id='word_1_174' title='bbox 393 2138 418 2204; x_wconf 82' lang='grc' dir='ltr'><strong>ἔς</strong></span> <span class='ocrx_word' id='word_1_175' title='bbox 434 2136 481 2209; x_wconf 83' lang='grc' dir='ltr'><strong>τήν</strong></span> <span class='ocrx_word' id='word_1_176' title='bbox 497 2138 583 2195; x_wconf 82' lang='grc' dir='ltr'><strong>οὔτῶν</strong></span> <span class='ocrx_word' id='word_1_177' title='bbox 594 2136 705 2208; x_wconf 77' lang='grc' dir='ltr'><strong>ἔσδολὴν</strong></span> <span class='ocrx_word' id='word_1_178' title='bbox 720 2144 764 2197; x_wconf 74' lang='grc' dir='ltr'><strong>τοῦ</strong></span> <span class='ocrx_word' id='word_1_179' title='bbox 786 2138 914 2217; x_wconf 86' lang='grc' dir='ltr'><strong>βασιλέως</strong></span> 
     </span>
     <span class='ocr_line' id='line_1_23' title="bbox 141 2225 912 2307; baseline -0.003 -20"><span class='ocrx_word' id='word_1_180' title='bbox 141 2228 188 2288; x_wconf 84' lang='grc' dir='ltr'><strong>καί</strong></span> <span class='ocrx_word' id='word_1_181' title='bbox 203 2225 388 2307; x_wconf 82' lang='grc' dir='ltr'><strong>καταστροφήν</strong></span> <span class='ocrx_word' id='word_1_182' title='bbox 405 2226 450 2285; x_wconf 83' lang='grc' dir='ltr'><strong>καλ</strong></span> <span class='ocrx_word' id='word_1_183' title='bbox 465 2227 583 2285; x_wconf 79' lang='grc' dir='ltr'><strong>δουλείαν</strong></span> <span class='ocrx_word' id='word_1_184' title='bbox 598 2230 689 2306; x_wconf 87' lang='grc' dir='ltr'><strong>σφῶν,</strong></span> <span class='ocrx_word' id='word_1_185' title='bbox 699 2226 745 2286; x_wconf 86' lang='grc' dir='ltr'><strong>καί</strong></span> <span class='ocrx_word' id='word_1_186' title='bbox 755 2229 789 2294; x_wconf 85' lang='grc' dir='ltr'><strong>ὡς</strong></span> <span class='ocrx_word' id='word_1_187' title='bbox 799 2227 912 2300; x_wconf 83' lang='grc' dir='ltr'><strong>κατέστη</strong></span> 
     </span>
     <span class='ocr_line' id='line_1_24' title="bbox 139 2313 913 2395; baseline -0.004 -19"><span class='ocrx_word' id='word_1_188' title='bbox 139 2316 227 2395; x_wconf 84' lang='grc' dir='ltr'><strong>κύριος</strong></span> <span class='ocrx_word' id='word_1_189' title='bbox 244 2315 342 2375; x_wconf 88' lang='grc' dir='ltr'><strong>τούτων</strong></span> <span class='ocrx_word' id='word_1_190' title='bbox 357 2319 371 2375; x_wconf 83' lang='grc' dir='ltr'><strong>ό</strong></span> <span class='ocrx_word' id='word_1_191' title='bbox 387 2313 482 2382; x_wconf 82' lang='grc' dir='ltr'><strong>Ῥόδος</strong></span> <span class='ocrx_word' id='word_1_192' title='bbox 501 2314 573 2394; x_wconf 89' lang='grc' dir='ltr'><strong>παρά</strong></span> <span class='ocrx_word' id='word_1_193' title='bbox 586 2321 632 2374; x_wconf 72' lang='grc' dir='ltr'><strong>τοῖνΙ</strong></span> <span class='ocrx_word' id='word_1_194' title='bbox 655 2316 797 2394; x_wconf 87' lang='grc' dir='ltr'><strong>βασιλέως,</strong></span> <span class='ocrx_word' id='word_1_195' title='bbox 810 2318 913 2375; x_wconf 83' lang='grc' dir='ltr'><strong>ἀπελα-</strong></span> 
     </span>
     <span class='ocr_line' id='line_1_25' title="bbox 139 2402 912 2483; baseline -0.001 -20"><span class='ocrx_word' id='word_1_196' title='bbox 139 2404 226 2471; x_wconf 79' lang='grc' dir='ltr'><strong>θέντος</strong></span> <span class='ocrx_word' id='word_1_197' title='bbox 241 2403 373 2479; x_wconf 87' lang='grc' dir='ltr'><strong>Δράκοολι</strong></span> <span class='ocrx_word' id='word_1_198' title='bbox 391 2406 436 2460; x_wconf 78' lang='grc' dir='ltr'><strong>τοῦ</strong></span> <span class='ocrx_word' id='word_1_199' title='bbox 459 2403 586 2483; x_wconf 81' lang='grc' dir='ltr'><strong>ἀδελφοῦ,</strong></span> <span class='ocrx_word' id='word_1_200' title='bbox 600 2404 631 2481; x_wconf 78' lang='grc' dir='ltr'><strong>(ο)</strong></span> <span class='ocrx_word' id='word_1_201' title='bbox 649 2402 696 2473; x_wconf 90' lang='grc' dir='ltr'><strong>τήν</strong></span> <span class='ocrx_word' id='word_1_202' title='bbox 715 2427 744 2462; x_wconf 94' lang='grc' dir='ltr'><strong>τε</strong></span> <span class='ocrx_word' id='word_1_203' title='bbox 761 2402 912 2475; x_wconf 82' lang='grc' dir='ltr'><strong>Μιτυλήνης</strong></span> 
     </span>
     <span class='ocr_line' id='line_1_26' title="bbox 138 2488 913 2571; baseline 0 -22"><span class='ocrx_word' id='word_1_204' title='bbox 138 2490 184 2549; x_wconf 83' lang='grc' dir='ltr'><strong>καὶ</strong></span> <span class='ocrx_word' id='word_1_205' title='bbox 196 2489 300 2551; x_wconf 72' lang='grc' dir='ltr'><strong>Λέσβου</strong></span> <span class='ocrx_word' id='word_1_206' title='bbox 312 2488 409 2550; x_wconf 74' lang='grc' dir='ltr'><strong>ἅλωσιν</strong></span> <span class='ocrx_word' id='word_1_207' title='bbox 421 2489 521 2562; x_wconf 90' lang='grc' dir='ltr'><strong>πάσης,</strong></span> <span class='ocrx_word' id='word_1_208' title='bbox 531 2490 612 2563; x_wconf 92' lang='grc' dir='ltr'><strong>νήσου</strong></span> <span class='ocrx_word' id='word_1_209' title='bbox 626 2491 694 2569; x_wconf 87' lang='grc' dir='ltr'><strong>μετά</strong></span> <span class='ocrx_word' id='word_1_210' title='bbox 708 2513 737 2571; x_wconf 91' lang='grc' dir='ltr'><strong>γε</strong></span> <span class='ocrx_word' id='word_1_211' title='bbox 750 2489 797 2558; x_wconf 88' lang='grc' dir='ltr'><strong>τάς</strong></span> <span class='ocrx_word' id='word_1_212' title='bbox 807 2490 913 2569; x_wconf 88' lang='grc' dir='ltr'><strong>πρώτας</strong></span> 
     </span>
     <span class='ocr_line' id='line_1_27' title="bbox 139 2577 912 2658; baseline 0 -21"><span class='ocrx_word' id='word_1_213' title='bbox 139 2588 200 2655; x_wconf 82' lang='grc' dir='ltr'><strong>μιᾶς</strong></span> <span class='ocrx_word' id='word_1_214' title='bbox 215 2577 248 2651; x_wconf 84' lang='grc' dir='ltr'><strong>δή</strong></span> <span class='ocrx_word' id='word_1_215' title='bbox 262 2581 314 2637; x_wconf 89' lang='grc' dir='ltr'><strong>τῶν</strong></span> <span class='ocrx_word' id='word_1_216' title='bbox 329 2580 482 2654; x_wconf 76' lang='grc' dir='ltr'><strong>ὀνομαστῶν</strong></span> <span class='ocrx_word' id='word_1_217' title='bbox 502 2578 548 2637; x_wconf 86' lang='grc' dir='ltr'><strong>καί</strong></span> <span class='ocrx_word' id='word_1_218' title='bbox 569 2580 637 2639; x_wconf 88' lang='grc' dir='ltr'><strong>πάνυ</strong></span> <span class='ocrx_word' id='word_1_219' title='bbox 660 2578 798 2658; x_wconf 83' lang='grc' dir='ltr'><strong>γνωρίμων</strong></span> <span class='ocrx_word' id='word_1_220' title='bbox 818 2579 863 2637; x_wconf 84' lang='grc' dir='ltr'><strong>έπέ</strong></span> <span class='ocrx_word' id='word_1_221' title='bbox 883 2600 912 2637; x_wconf 89' lang='grc' dir='ltr'><strong>τε</strong></span> 
     </span>
     <span class='ocr_line' id='line_1_28' title="bbox 139 2664 913 2747; baseline -0.003 -22"><span class='ocrx_word' id='word_1_222' title='bbox 139 2665 201 2745; x_wconf 76' lang='grc' dir='ltr'><strong>δόξῃ</strong></span> <span class='ocrx_word' id='word_1_223' title='bbox 215 2668 261 2725; x_wconf 85' lang='grc' dir='ltr'><strong>καλ</strong></span> <span class='ocrx_word' id='word_1_224' title='bbox 274 2666 378 2743; x_wconf 85' lang='grc' dir='ltr'><strong>μεγέθει</strong></span> <span class='ocrx_word' id='word_1_225' title='bbox 394 2666 439 2725; x_wconf 82' lang='grc' dir='ltr'><strong>καί</strong></span> <span class='ocrx_word' id='word_1_226' title='bbox 454 2666 593 2747; x_wconf 80' lang='grc' dir='ltr'><strong>δυναστείορ</strong></span> <span class='ocrx_word' id='word_1_227' title='bbox 614 2666 660 2725; x_wconf 83' lang='grc' dir='ltr'><strong>καὶ</strong></span> <span class='ocrx_word' id='word_1_228' title='bbox 679 2666 797 2747; x_wconf 85' lang='grc' dir='ltr'><strong>πλούτῳ·</strong></span> <span class='ocrx_word' id='word_1_229' title='bbox 811 2667 858 2743; x_wconf 86' lang='grc' dir='ltr'><strong>(ιο)</strong></span> <span class='ocrx_word' id='word_1_230' title='bbox 874 2664 913 2724; x_wconf 85' lang='grc' dir='ltr'><strong>έτι</strong></span> 
     </span>
     <span class='ocr_line' id='line_1_29' title="bbox 140 2754 913 2833; baseline -0.003 -20"><span class='ocrx_word' id='word_1_231' title='bbox 140 2754 168 2813; x_wconf 78' lang='grc' dir='ltr'><strong>δέ</strong></span> <span class='ocrx_word' id='word_1_232' title='bbox 201 2756 249 2825; x_wconf 83' lang='grc' dir='ltr'><strong>τήν</strong></span> <span class='ocrx_word' id='word_1_233' title='bbox 274 2756 299 2823; x_wconf 81' lang='grc' dir='ltr'><strong>ές</strong></span> <span class='ocrx_word' id='word_1_234' title='bbox 323 2755 468 2831; x_wconf 87' lang='grc' dir='ltr'><strong>Δαλμάτας</strong></span> <span class='ocrx_word' id='word_1_235' title='bbox 493 2756 539 2814; x_wconf 84' lang='grc' dir='ltr'><strong>καλ</strong></span> <span class='ocrx_word' id='word_1_236' title='bbox 564 2754 694 2833; x_wconf 86' lang='grc' dir='ltr'><strong>Βόστρους</strong></span> <span class='ocrx_word' id='word_1_237' title='bbox 721 2756 767 2814; x_wconf 86' lang='grc' dir='ltr'><strong>καί</strong></span> <span class='ocrx_word' id='word_1_238' title='bbox 797 2754 913 2821; x_wconf 83' lang='grc' dir='ltr'><strong>Παίονας</strong></span> 
     </span>
     <span class='ocr_line' id='line_1_30' title="bbox 140 2842 912 2922; baseline -0.001 -21"><span class='ocrx_word' id='word_1_239' title='bbox 140 2842 247 2922; x_wconf 91' lang='grc' dir='ltr'><strong>πρώτην</strong></span> <span class='ocrx_word' id='word_1_240' title='bbox 259 2844 304 2903; x_wconf 83' lang='grc' dir='ltr'><strong>καλ</strong></span> <span class='ocrx_word' id='word_1_241' title='bbox 317 2842 439 2922; x_wconf 85' lang='grc' dir='ltr'><strong>δευτέραν</strong></span> <span class='ocrx_word' id='word_1_242' title='bbox 455 2842 636 2920; x_wconf 79' lang='grc' dir='ltr'><strong>έσθολήν,καλ</strong></span> <span class='ocrx_word' id='word_1_243' title='bbox 646 2845 682 2909; x_wconf 83' lang='grc' dir='ltr'><strong>ὡς</strong></span> <span class='ocrx_word' id='word_1_244' title='bbox 698 2842 825 2922; x_wconf 74' lang='grc' dir='ltr'><strong>ἐχειρώθη</strong></span> <span class='ocrx_word' id='word_1_245' title='bbox 838 2851 912 2903; x_wconf 80' lang='grc' dir='ltr'><strong>πᾶσα</strong></span> 
     </span>
     <span class='ocr_line' id='line_1_31' title="bbox 140 2930 913 3014; baseline -0.003 -24"><span class='ocrx_word' id='word_1_246' title='bbox 140 2930 271 3003; x_wconf 82' lang='grc' dir='ltr'><strong>ήτοιίτων</strong></span> <span class='ocrx_word' id='word_1_247' title='bbox 291 2930 336 2991; x_wconf 84' lang='grc' dir='ltr'><strong>καλ</strong></span> <span class='ocrx_word' id='word_1_248' title='bbox 357 2931 541 3014; x_wconf 89' lang='grc' dir='ltr'><strong>κατεστράφη,</strong></span> <span class='ocrx_word' id='word_1_249' title='bbox 556 2932 710 3008; x_wconf 88' lang='grc' dir='ltr'><strong>πολίσματά</strong></span> <span class='ocrx_word' id='word_1_250' title='bbox 732 2954 761 2990; x_wconf 90' lang='grc' dir='ltr'><strong>τε</strong></span> <span class='ocrx_word' id='word_1_251' title='bbox 782 2932 851 2990; x_wconf 84' lang='grc' dir='ltr'><strong>ίάλω</strong></span> <span class='ocrx_word' id='word_1_252' title='bbox 868 2930 913 2989; x_wconf 82' lang='grc' dir='ltr'><strong>καί</strong></span> 
     </span>
     <span class='ocr_line' id='line_1_32' title="bbox 140 3016 913 3101; baseline -0.005 -21"><span class='ocrx_word' id='word_1_253' title='bbox 140 3020 250 3101; x_wconf 83' lang='grc' dir='ltr'><strong>φρούρια</strong></span> <span class='ocrx_word' id='word_1_254' title='bbox 261 3018 349 3098; x_wconf 86' lang='grc' dir='ltr'><strong>ὀλίγου</strong></span> <span class='ocrx_word' id='word_1_255' title='bbox 361 3019 413 3078; x_wconf 81' lang='grc' dir='ltr'><strong>δεῖν</strong></span> <span class='ocrx_word' id='word_1_256' title='bbox 425 3019 579 3098; x_wconf 83' lang='grc' dir='ltr'><strong>τριακόσια,</strong></span> <span class='ocrx_word' id='word_1_257' title='bbox 590 3019 635 3078; x_wconf 85' lang='grc' dir='ltr'><strong>καί</strong></span> <span class='ocrx_word' id='word_1_258' title='bbox 646 3021 670 3077; x_wconf 87' lang='grc' dir='ltr'><strong>οἱ</strong></span> <span class='ocrx_word' id='word_1_259' title='bbox 680 3016 778 3077; x_wconf 77' lang='grc' dir='ltr'><strong>τούτων</strong></span> <span class='ocrx_word' id='word_1_260' title='bbox 788 3018 913 3096; x_wconf 80' lang='grc' dir='ltr'><strong>ἡγεμόνες</strong></span> 
     </span>
     <span class='ocr_line' id='line_1_33' title="bbox 139 3105 913 3188; baseline -0.006 -20"><span class='ocrx_word' id='word_1_261' title='bbox 139 3108 303 3187; x_wconf 83' lang='grc' dir='ltr'><strong>έλήφθησαν·</strong></span> <span class='ocrx_word' id='word_1_262' title='bbox 318 3106 381 3188; x_wconf 88' lang='grc' dir='ltr'><strong>πρδς</strong></span> <span class='ocrx_word' id='word_1_263' title='bbox 396 3106 424 3165; x_wconf 87' lang='grc' dir='ltr'><strong>δέ</strong></span> <span class='ocrx_word' id='word_1_264' title='bbox 444 3129 473 3185; x_wconf 93' lang='grc' dir='ltr'><strong>γε</strong></span> <span class='ocrx_word' id='word_1_265' title='bbox 491 3107 539 3178; x_wconf 85' lang='grc' dir='ltr'><strong>τήν</strong></span> <span class='ocrx_word' id='word_1_266' title='bbox 556 3109 581 3173; x_wconf 83' lang='grc' dir='ltr'><strong>ές</strong></span> <span class='ocrx_word' id='word_1_267' title='bbox 593 3105 736 3186; x_wconf 79' lang='grc' dir='ltr'><strong>Ἰλλυριοὺς</strong></span> <span class='ocrx_word' id='word_1_268' title='bbox 749 3106 808 3173; x_wconf 79' lang='grc' dir='ltr'><strong>τοὺς</strong></span> <span class='ocrx_word' id='word_1_269' title='bbox 829 3108 856 3164; x_wconf 84' lang='grc' dir='ltr'><strong>έν</strong></span> <span class='ocrx_word' id='word_1_270' title='bbox 876 3109 913 3184; x_wconf 79' lang='grc' dir='ltr'><strong>τῷ</strong></span> 
     </span>
     <span class='ocr_line' id='line_1_34' title="bbox 139 3192 913 3279; baseline -0.009 -22"><span class='ocrx_word' id='word_1_271' title='bbox 139 3195 222 3279; x_wconf 83' lang='grc' dir='ltr'><strong>Ἰονίιρ</strong></span> <span class='ocrx_word' id='word_1_272' title='bbox 235 3196 326 3276; x_wconf 82' lang='grc' dir='ltr'><strong>κόλπῳ</strong></span> <span class='ocrx_word' id='word_1_273' title='bbox 343 3194 451 3275; x_wconf 88' lang='grc' dir='ltr'><strong>πρώτην</strong></span> <span class='ocrx_word' id='word_1_274' title='bbox 470 3194 516 3253; x_wconf 85' lang='grc' dir='ltr'><strong>καί</strong></span> <span class='ocrx_word' id='word_1_275' title='bbox 534 3192 657 3273; x_wconf 87' lang='grc' dir='ltr'><strong>δευτέραν</strong></span> <span class='ocrx_word' id='word_1_276' title='bbox 674 3193 786 3264; x_wconf 75' lang='grc' dir='ltr'><strong>ἔσθολήν</strong></span> <span class='ocrx_word' id='word_1_277' title='bbox 807 3194 851 3251; x_wconf 86' lang='grc' dir='ltr'><strong>καί</strong></span> <span class='ocrx_word' id='word_1_278' title='bbox 865 3194 913 3265; x_wconf 82' lang='grc' dir='ltr'><strong>τήν</strong></span> 
     </span>
    </p>
   </div>
   <div class='ocr_carea' id='block_1_3' title="bbox 967 382 1739 815">
    <p class='ocr_par' dir='ltr' id='par_1_3' title="bbox 967 382 1739 815">
     <span class='ocr_line' id='line_1_35' title="bbox 968 382 1739 465; baseline 0.006 -24"><span class='ocrx_word' id='word_1_279' title='bbox 968 383 1067 443; x_wconf 76' lang='grc' dir='ltr'><strong>τούτων</strong></span> <span class='ocrx_word' id='word_1_280' title='bbox 1081 382 1279 465; x_wconf 88' lang='grc' dir='ltr'><strong>καταστροφήν·</strong></span> <span class='ocrx_word' id='word_1_281' title='bbox 1295 383 1340 463; x_wconf 76' lang='grc' dir='ltr'><strong>[ιε]</strong></span> <span class='ocrx_word' id='word_1_282' title='bbox 1360 382 1405 441; x_wconf 90' lang='grc' dir='ltr'><strong>τόν</strong></span> <span class='ocrx_word' id='word_1_283' title='bbox 1428 406 1456 442; x_wconf 89' lang='grc' dir='ltr'><strong>τε</strong></span> <span class='ocrx_word' id='word_1_284' title='bbox 1475 388 1606 457; x_wconf 82' lang='grc' dir='ltr'><strong>πενταετῆ</strong></span> <span class='ocrx_word' id='word_1_285' title='bbox 1624 386 1739 465; x_wconf 88' lang='grc' dir='ltr'><strong>πόλεμον</strong></span> 
     </span>
     <span class='ocr_line' id='line_1_36' title="bbox 969 467 1739 553; baseline 0.003 -23"><span class='ocrx_word' id='word_1_286' title='bbox 969 470 1081 531; x_wconf 84' lang='grc' dir='ltr'><strong>Ἐνετῶν</strong></span> <span class='ocrx_word' id='word_1_287' title='bbox 1095 470 1141 529; x_wconf 87' lang='grc' dir='ltr'><strong>καλ</strong></span> <span class='ocrx_word' id='word_1_288' title='bbox 1154 472 1202 543; x_wconf 84' lang='grc' dir='ltr'><strong>τήν</strong></span> <span class='ocrx_word' id='word_1_289' title='bbox 1217 470 1315 530; x_wconf 81' lang='grc' dir='ltr'><strong>τούτων</strong></span> <span class='ocrx_word' id='word_1_290' title='bbox 1329 471 1436 553; x_wconf 89' lang='grc' dir='ltr'><strong>πρώτην</strong></span> <span class='ocrx_word' id='word_1_291' title='bbox 1451 470 1496 529; x_wconf 85' lang='grc' dir='ltr'><strong>καλ</strong></span> <span class='ocrx_word' id='word_1_292' title='bbox 1517 473 1638 553; x_wconf 82' lang='grc' dir='ltr'><strong>δευτέραν</strong></span> <span class='ocrx_word' id='word_1_293' title='bbox 1655 467 1739 546; x_wconf 80' lang='grc' dir='ltr'><strong>ήτταν</strong></span> 
     </span>
     <span class='ocr_line' id='line_1_37' title="bbox 968 558 1736 639; baseline 0.005 -21"><span class='ocrx_word' id='word_1_294' title='bbox 968 561 996 618; x_wconf 84' lang='grc' dir='ltr'><strong>ἔν</strong></span> <span class='ocrx_word' id='word_1_295' title='bbox 1007 558 1204 639; x_wconf 84' lang='grc' dir='ltr'><strong>’Πελοποννήσῳ</strong></span> <span class='ocrx_word' id='word_1_296' title='bbox 1222 558 1297 639; x_wconf 91' lang='grc' dir='ltr'><strong>παρά</strong></span> <span class='ocrx_word' id='word_1_297' title='bbox 1309 562 1361 617; x_wconf 88' lang='grc' dir='ltr'><strong>τῶν</strong></span> <span class='ocrx_word' id='word_1_298' title='bbox 1377 563 1534 639; x_wconf 79' lang='grc' dir='ltr'><strong>σατραπῶν,</strong></span> <span class='ocrx_word' id='word_1_299' title='bbox 1553 560 1598 619; x_wconf 83' lang='grc' dir='ltr'><strong>καί</strong></span> <span class='ocrx_word' id='word_1_300' title='bbox 1613 564 1649 627; x_wconf 82' lang='grc' dir='ltr'><strong>ὡς’</strong></span> <span class='ocrx_word' id='word_1_301' title='bbox 1662 562 1736 622; x_wconf 82' lang='grc' dir='ltr'><strong>ἔστό·</strong></span> 
     </span>
     <span class='ocr_line' id='line_1_38' title="bbox 968 644 1739 729; baseline 0.003 -23"><span class='ocrx_word' id='word_1_302' title='bbox 968 670 1026 726; x_wconf 93' lang='grc' dir='ltr'><strong>ρεσε</strong></span> <span class='ocrx_word' id='word_1_303' title='bbox 1033 647 1063 705; x_wconf 85' lang='grc' dir='ltr'><strong>τδ</strong></span> <span class='ocrx_word' id='word_1_304' title='bbox 1070 646 1168 706; x_wconf 76' lang='grc' dir='ltr'><strong>τούτων</strong></span> <span class='ocrx_word' id='word_1_305' title='bbox 1179 647 1301 727; x_wconf 89' lang='grc' dir='ltr'><strong>φρόνημα</strong></span> <span class='ocrx_word' id='word_1_306' title='bbox 1310 650 1325 705; x_wconf 86' lang='grc' dir='ltr'><strong>θ</strong></span> <span class='ocrx_word' id='word_1_307' title='bbox 1335 644 1466 726; x_wconf 83' lang='grc' dir='ltr'><strong>βασιλεύς·</strong></span> <span class='ocrx_word' id='word_1_308' title='bbox 1475 646 1522 729; x_wconf 72' lang='grc' dir='ltr'><strong>ήεσ)</strong></span> <span class='ocrx_word' id='word_1_309' title='bbox 1530 648 1593 726; x_wconf 80' lang='grc' dir='ltr'><strong>πρὸς</strong></span> <span class='ocrx_word' id='word_1_310' title='bbox 1603 649 1631 707; x_wconf 75' lang='grc' dir='ltr'><strong>δέ</strong></span> <span class='ocrx_word' id='word_1_311' title='bbox 1641 650 1739 716; x_wconf 86' lang='grc' dir='ltr'><strong>τούτοις</strong></span> 
     </span>
     <span class='ocr_line' id='line_1_39' title="bbox 967 733 1739 815; baseline 0.008 -24"><span class='ocrx_word' id='word_1_312' title='bbox 967 733 1105 811; x_wconf 78' lang='grc' dir='ltr'><strong>οἰκοδομάς</strong></span> <span class='ocrx_word' id='word_1_313' title='bbox 1118 758 1148 793; x_wconf 88' lang='grc' dir='ltr'><strong>τε</strong></span> <span class='ocrx_word' id='word_1_314' title='bbox 1158 734 1284 813; x_wconf 81' lang='grc' dir='ltr'><strong>λαμπράς</strong></span> <span class='ocrx_word' id='word_1_315' title='bbox 1297 736 1323 793; x_wconf 87' lang='grc' dir='ltr'><strong>έν</strong></span> <span class='ocrx_word' id='word_1_316' title='bbox 1336 738 1370 815; x_wconf 81' lang='grc' dir='ltr'><strong>τῇ</strong></span> <span class='ocrx_word' id='word_1_317' title='bbox 1383 734 1472 806; x_wconf 81' lang='grc' dir='ltr'><strong>πολει,</strong></span> <span class='ocrx_word' id='word_1_318' title='bbox 1490 738 1555 793; x_wconf 87' lang='grc' dir='ltr'><strong>νεῶν</strong></span> <span class='ocrx_word' id='word_1_319' title='bbox 1569 759 1597 794; x_wconf 88' lang='grc' dir='ltr'><strong>τε</strong></span> <span class='ocrx_word' id='word_1_320' title='bbox 1611 737 1657 795; x_wconf 81' lang='grc' dir='ltr'><strong>καί</strong></span> <span class='ocrx_word' id='word_1_321' title='bbox 1671 761 1739 797; x_wconf 89' lang='grc' dir='ltr'><strong>νεω-</strong></span> 
     </span>
    </p>
   </div>
   <div class='ocr_carea' id='block_1_4' title="bbox 966 909 1743 3272">
    <p class='ocr_par' dir='ltr' id='par_1_4' title="bbox 966 909 1743 3272">
     <span class='ocr_line' id='line_1_40' title="bbox 966 909 1740 992; baseline 0.001 -23"><span class='ocrx_word' id='word_1_322' title='bbox 966 910 1011 969; x_wconf 82' lang='grc' dir='ltr'><strong>καλ</strong></span> <span class='ocrx_word' id='word_1_323' title='bbox 1025 911 1057 984; x_wconf 83' lang='grc' dir='ltr'><strong>δή</strong></span> <span class='ocrx_word' id='word_1_324' title='bbox 1074 909 1224 992; x_wconf 86' lang='grc' dir='ltr'><strong>τειχισμοός</strong></span> <span class='ocrx_word' id='word_1_325' title='bbox 1244 935 1274 970; x_wconf 85' lang='grc' dir='ltr'><strong>τε</strong></span> <span class='ocrx_word' id='word_1_326' title='bbox 1295 910 1342 968; x_wconf 81' lang='grc' dir='ltr'><strong>καί</strong></span> <span class='ocrx_word' id='word_1_327' title='bbox 1358 910 1517 981; x_wconf 79' lang='grc' dir='ltr'><strong>ξυνοικήσεις</strong></span> <span class='ocrx_word' id='word_1_328' title='bbox 1540 913 1670 992; x_wconf 77' lang='grc' dir='ltr'><strong>φρουρίων</strong></span> <span class='ocrx_word' id='word_1_329' title='bbox 1693 915 1740 972; x_wconf 85' lang='grc' dir='ltr'><strong>καλ</strong></span> 
     </span>
     <span class='ocr_line' id='line_1_41' title="bbox 966 998 1739 1079; baseline 0.003 -22"><span class='ocrx_word' id='word_1_330' title='bbox 966 1000 1137 1075; x_wconf 79' lang='grc' dir='ltr'><strong>πολισμάτων</strong></span> <span class='ocrx_word' id='word_1_331' title='bbox 1158 999 1227 1058; x_wconf 90' lang='grc' dir='ltr'><strong>πάνυ</strong></span> <span class='ocrx_word' id='word_1_332' title='bbox 1248 999 1387 1078; x_wconf 89' lang='grc' dir='ltr'><strong>χρησίμων</strong></span> <span class='ocrx_word' id='word_1_333' title='bbox 1401 998 1446 1057; x_wconf 84' lang='grc' dir='ltr'><strong>καὶ</strong></span> <span class='ocrx_word' id='word_1_334' title='bbox 1462 1000 1628 1076; x_wconf 89' lang='grc' dir='ltr'><strong>ἀναγκαίων,</strong></span> <span class='ocrx_word' id='word_1_335' title='bbox 1639 1004 1692 1061; x_wconf 86' lang='grc' dir='ltr'><strong>τῶν</strong></span> <span class='ocrx_word' id='word_1_336' title='bbox 1709 1025 1739 1079; x_wconf 91' lang='grc' dir='ltr'><strong>γε</strong></span> 
     </span>
     <span class='ocr_line' id='line_1_42' title="bbox 967 1085 1738 1169; baseline 0.001 -24"><span class='ocrx_word' id='word_1_337' title='bbox 967 1085 1037 1145; x_wconf 89' lang='grc' dir='ltr'><strong>κατά</strong></span> <span class='ocrx_word' id='word_1_338' title='bbox 1056 1086 1100 1144; x_wconf 80' lang='grc' dir='ltr'><strong>τὸν</strong></span> <span class='ocrx_word' id='word_1_339' title='bbox 1114 1091 1160 1143; x_wconf 79' lang='grc' dir='ltr'><strong>τοῦ</strong></span> <span class='ocrx_word' id='word_1_340' title='bbox 1176 1085 1375 1157; x_wconf 83' lang='grc' dir='ltr'><strong>Ἑλλησπόντου</strong></span> <span class='ocrx_word' id='word_1_341' title='bbox 1386 1086 1431 1145; x_wconf 80' lang='grc' dir='ltr'><strong>καί</strong></span> <span class='ocrx_word' id='word_1_342' title='bbox 1443 1087 1609 1167; x_wconf 78' lang='grc' dir='ltr'><strong>Χερρονήσου</strong></span> <span class='ocrx_word' id='word_1_343' title='bbox 1622 1089 1738 1169; x_wconf 83' lang='grc' dir='ltr'><strong>πορθμόν</strong></span> 
     </span>
     <span class='ocr_line' id='line_1_43' title="bbox 966 1172 1737 1254; baseline 0.003 -22"><span class='ocrx_word' id='word_1_344' title='bbox 966 1172 1011 1233; x_wconf 90' lang='grc' dir='ltr'><strong>καλ</strong></span> <span class='ocrx_word' id='word_1_345' title='bbox 1025 1172 1070 1232; x_wconf 85' lang='grc' dir='ltr'><strong>τὸν</strong></span> <span class='ocrx_word' id='word_1_346' title='bbox 1086 1178 1131 1231; x_wconf 84' lang='grc' dir='ltr'><strong>τοῦ</strong></span> <span class='ocrx_word' id='word_1_347' title='bbox 1145 1173 1298 1252; x_wconf 87' lang='grc' dir='ltr'><strong>Βοσπόρου,</strong></span> <span class='ocrx_word' id='word_1_348' title='bbox 1310 1174 1356 1233; x_wconf 85' lang='grc' dir='ltr'><strong>κοιλ</strong></span> <span class='ocrx_word' id='word_1_349' title='bbox 1370 1174 1447 1254; x_wconf 84' lang='grc' dir='ltr'><strong>έτερα</strong></span> <span class='ocrx_word' id='word_1_350' title='bbox 1462 1176 1510 1233; x_wconf 80' lang='grc' dir='ltr'><strong>οὐκ</strong></span> <span class='ocrx_word' id='word_1_351' title='bbox 1524 1175 1600 1253; x_wconf 86' lang='grc' dir='ltr'><strong>όλίγα</strong></span> <span class='ocrx_word' id='word_1_352' title='bbox 1614 1183 1737 1247; x_wconf 69' lang='grc' dir='ltr'><strong>τοιαῦτα,</strong></span> 
     </span>
     <span class='ocr_line' id='line_1_44' title="bbox 971 1260 1740 1344; baseline 0.004 -25"><span class='ocrx_word' id='word_1_353' title='bbox 971 1261 1019 1320; x_wconf 88' lang='grc' dir='ltr'><strong>καί</strong></span> <span class='ocrx_word' id='word_1_354' title='bbox 1034 1260 1067 1331; x_wconf 87' lang='grc' dir='ltr'><strong>δή</strong></span> <span class='ocrx_word' id='word_1_355' title='bbox 1083 1260 1129 1319; x_wconf 84' lang='grc' dir='ltr'><strong>καί</strong></span> <span class='ocrx_word' id='word_1_356' title='bbox 1144 1260 1306 1340; x_wconf 85' lang='grc' dir='ltr'><strong>δημηγορίας</strong></span> <span class='ocrx_word' id='word_1_357' title='bbox 1320 1264 1372 1319; x_wconf 86' lang='grc' dir='ltr'><strong>τῶν</strong></span> <span class='ocrx_word' id='word_1_358' title='bbox 1385 1262 1453 1320; x_wconf 87' lang='grc' dir='ltr'><strong>πάνυ</strong></span> <span class='ocrx_word' id='word_1_359' title='bbox 1468 1262 1615 1323; x_wconf 88' lang='grc' dir='ltr'><strong>σπουδαίων</strong></span> <span class='ocrx_word' id='word_1_360' title='bbox 1630 1268 1676 1323; x_wconf 81' lang='grc' dir='ltr'><strong>τοῦ</strong></span> <span class='ocrx_word' id='word_1_361' title='bbox 1690 1268 1740 1344; x_wconf 87' lang='grc' dir='ltr'><strong>βα-</strong></span> 
     </span>
     <span class='ocr_line' id='line_1_45' title="bbox 971 1340 1741 1426; baseline 0.006 -20"><span class='ocrx_word' id='word_1_362' title='bbox 971 1346 1138 1424; x_wconf 62' lang='grc' dir='ltr'><strong>σιλέωςθβν]</strong></span> <span class='ocrx_word' id='word_1_363' title='bbox 1153 1348 1254 1426; x_wconf 86' lang='grc' dir='ltr'><strong>Χρόνου</strong></span> <span class='ocrx_word' id='word_1_364' title='bbox 1269 1347 1298 1406; x_wconf 77' lang='grc' dir='ltr'><strong>δέ</strong></span> <span class='ocrx_word' id='word_1_365' title='bbox 1310 1351 1408 1419; x_wconf 74' lang='grc' dir='ltr'><strong>πλῆθος</strong></span> <span class='ocrx_word' id='word_1_366' title='bbox 1428 1351 1455 1408; x_wconf 80' lang='grc' dir='ltr'><strong>ἐν</strong></span> <span class='ocrx_word' id='word_1_367' title='bbox 1474 1340 1512 1415; x_wconf 83' lang='grc' dir='ltr'><strong>οἷς</strong></span> <span class='ocrx_word' id='word_1_368' title='bbox 1533 1354 1618 1410; x_wconf 80' lang='grc' dir='ltr'><strong>ταῦτα</strong></span> <span class='ocrx_word' id='word_1_369' title='bbox 1638 1352 1741 1426; x_wconf 86' lang='grc' dir='ltr'><strong>ίγένετο</strong></span> 
     </span>
     <span class='ocr_line' id='line_1_46' title="bbox 970 1434 1740 1517; baseline 0.005 -23"><span class='ocrx_word' id='word_1_370' title='bbox 970 1434 1016 1508; x_wconf 84' lang='grc' dir='ltr'><strong>ἔτη</strong></span> <span class='ocrx_word' id='word_1_371' title='bbox 1043 1436 1114 1495; x_wconf 81' lang='grc' dir='ltr'><strong>ίπτίι</strong></span> <span class='ocrx_word' id='word_1_372' title='bbox 1138 1436 1202 1515; x_wconf 76' lang='grc' dir='ltr'><strong>πρὸς</strong></span> <span class='ocrx_word' id='word_1_373' title='bbox 1230 1445 1283 1503; x_wconf 84' lang='grc' dir='ltr'><strong>τοῖς</strong></span> <span class='ocrx_word' id='word_1_374' title='bbox 1304 1436 1378 1499; x_wconf 89' lang='grc' dir='ltr'><strong>δέκα.</strong></span> <span class='ocrx_word' id='word_1_375' title='bbox 1421 1438 1468 1517; x_wconf 82' lang='grc' dir='ltr'><strong>(ιο)</strong></span> <span class='ocrx_word' id='word_1_376' title='bbox 1483 1440 1576 1497; x_wconf 81' lang='grc' dir='ltr'><strong>Ταῦτα</strong></span> <span class='ocrx_word' id='word_1_377' title='bbox 1601 1438 1633 1510; x_wconf 82' lang='grc' dir='ltr'><strong>δὴ</strong></span> <span class='ocrx_word' id='word_1_378' title='bbox 1653 1440 1740 1499; x_wconf 89' lang='grc' dir='ltr'><strong>πάντα</strong></span> 
     </span>
     <span class='ocr_line' id='line_1_47' title="bbox 968 1524 1740 1608; baseline 0.005 -25"><span class='ocrx_word' id='word_1_379' title='bbox 968 1524 1181 1605; x_wconf 78' lang='grc' dir='ltr'><strong>ξυγγραψάμενός</strong></span> <span class='ocrx_word' id='word_1_380' title='bbox 1194 1547 1224 1581; x_wconf 92' lang='grc' dir='ltr'><strong>τε</strong></span> <span class='ocrx_word' id='word_1_381' title='bbox 1238 1524 1284 1583; x_wconf 82' lang='grc' dir='ltr'><strong>καί</strong></span> <span class='ocrx_word' id='word_1_382' title='bbox 1301 1524 1505 1606; x_wconf 76' lang='grc' dir='ltr'><strong>ἀφηγησάμενος</strong></span> <span class='ocrx_word' id='word_1_383' title='bbox 1519 1526 1546 1583; x_wconf 83' lang='grc' dir='ltr'><strong>έν</strong></span> <span class='ocrx_word' id='word_1_384' title='bbox 1559 1528 1627 1607; x_wconf 83' lang='grc' dir='ltr'><strong>τῷδε</strong></span> <span class='ocrx_word' id='word_1_385' title='bbox 1645 1530 1683 1607; x_wconf 80' lang='grc' dir='ltr'><strong>τῶ</strong></span> <span class='ocrx_word' id='word_1_386' title='bbox 1697 1532 1740 1608; x_wconf 82' lang='grc' dir='ltr'><strong>βι·</strong></span> 
     </span>
     <span class='ocr_line' id='line_1_48' title="bbox 968 1612 1741 1695; baseline 0.004 -24"><span class='ocrx_word' id='word_1_387' title='bbox 968 1613 1051 1691; x_wconf 76' lang='grc' dir='ltr'><strong>ὅλίῳ,</strong></span> <span class='ocrx_word' id='word_1_388' title='bbox 1065 1612 1164 1688; x_wconf 86' lang='grc' dir='ltr'><strong>πέμποι</strong></span> <span class='ocrx_word' id='word_1_389' title='bbox 1183 1616 1260 1672; x_wconf 82' lang='grc' dir='ltr'><strong>τοῦτο</strong></span> <span class='ocrx_word' id='word_1_390' title='bbox 1274 1615 1308 1690; x_wconf 82' lang='grc' dir='ltr'><strong>τῇ</strong></span> <span class='ocrx_word' id='word_1_391' title='bbox 1324 1613 1449 1693; x_wconf 77' lang='grc' dir='ltr'><strong>βασιλικῇ</strong></span> <span class='ocrx_word' id='word_1_392' title='bbox 1468 1638 1514 1674; x_wconf 91' lang='grc' dir='ltr'><strong>σου</strong></span> <span class='ocrx_word' id='word_1_393' title='bbox 1529 1615 1670 1695; x_wconf 65' lang='grc' dir='ltr'><strong>ἐπιστασίᾳ</strong></span> <span class='ocrx_word' id='word_1_394' title='bbox 1693 1616 1741 1676; x_wconf 85' lang='grc' dir='ltr'><strong>καλ</strong></span> 
     </span>
     <span class='ocr_line' id='line_1_49' title="bbox 969 1698 1741 1782; baseline 0.008 -26"><span class='ocrx_word' id='word_1_395' title='bbox 969 1699 1047 1778; x_wconf 78' lang='grc' dir='ltr'><strong>σοφίᾳ</strong></span> <span class='ocrx_word' id='word_1_396' title='bbox 1057 1699 1315 1776; x_wconf 87' lang='grc' dir='ltr'><strong>δοκιμασθησόμενόν</strong></span> <span class='ocrx_word' id='word_1_397' title='bbox 1325 1722 1353 1758; x_wconf 88' lang='grc' dir='ltr'><strong>τε</strong></span> <span class='ocrx_word' id='word_1_398' title='bbox 1363 1698 1611 1778; x_wconf 79' lang='grc' dir='ltr'><strong>καίκριθησόμενον.</strong></span> <span class='ocrx_word' id='word_1_399' title='bbox 1625 1702 1672 1782; x_wconf 86' lang='grc' dir='ltr'><strong>(νε)</strong></span> <span class='ocrx_word' id='word_1_400' title='bbox 1683 1701 1741 1763; x_wconf 85' lang='grc' dir='ltr'><strong>Ιίάν</strong></span> 
     </span>
     <span class='ocr_line' id='line_1_50' title="bbox 970 1786 1741 1871; baseline 0.009 -28"><span class='ocrx_word' id='word_1_401' title='bbox 970 1786 1018 1861; x_wconf 86' lang='grc' dir='ltr'><strong>μέν</strong></span> <span class='ocrx_word' id='word_1_402' title='bbox 1040 1812 1066 1846; x_wconf 91' lang='grc' dir='ltr'><strong>τι</strong></span> <span class='ocrx_word' id='word_1_403' title='bbox 1084 1790 1201 1865; x_wconf 83' lang='grc' dir='ltr'><strong>γενναῖον</strong></span> <span class='ocrx_word' id='word_1_404' title='bbox 1229 1791 1320 1866; x_wconf 80' lang='grc' dir='ltr'><strong>εὑρεθῇ</strong></span> <span class='ocrx_word' id='word_1_405' title='bbox 1343 1791 1407 1866; x_wconf 83' lang='grc' dir='ltr'><strong>παρ’</strong></span> <span class='ocrx_word' id='word_1_406' title='bbox 1426 1790 1557 1868; x_wconf 78' lang='grc' dir='ltr'><strong>αθτῇ,τῇ</strong></span> <span class='ocrx_word' id='word_1_407' title='bbox 1581 1814 1609 1849; x_wconf 90' lang='grc' dir='ltr'><strong>τε</strong></span> <span class='ocrx_word' id='word_1_408' title='bbox 1632 1791 1741 1871; x_wconf 71' lang='grc' dir='ltr'><strong>ἀληθεία</strong></span> 
     </span>
     <span class='ocr_line' id='line_1_51' title="bbox 968 1874 1740 1956; baseline 0.005 -23"><span class='ocrx_word' id='word_1_409' title='bbox 968 1874 1111 1952; x_wconf 77' lang='grc' dir='ltr'><strong>ξυμόαῖνον</strong></span> <span class='ocrx_word' id='word_1_410' title='bbox 1132 1876 1178 1934; x_wconf 90' lang='grc' dir='ltr'><strong>καλ</strong></span> <span class='ocrx_word' id='word_1_411' title='bbox 1192 1878 1243 1934; x_wconf 87' lang='grc' dir='ltr'><strong>τῶν</strong></span> <span class='ocrx_word' id='word_1_412' title='bbox 1258 1879 1312 1934; x_wconf 88' lang='grc' dir='ltr'><strong>σῶν</strong></span> <span class='ocrx_word' id='word_1_413' title='bbox 1327 1876 1410 1953; x_wconf 87' lang='grc' dir='ltr'><strong>ἔργων</strong></span> <span class='ocrx_word' id='word_1_414' title='bbox 1425 1877 1567 1956; x_wconf 79' lang='grc' dir='ltr'><strong>ἐφάμιλλον</strong></span> <span class='ocrx_word' id='word_1_415' title='bbox 1575 1921 1584 1948; x_wconf 92' lang='grc'><strong>,</strong></span> <span class='ocrx_word' id='word_1_416' title='bbox 1596 1900 1630 1955; x_wconf 86' lang='grc' dir='ltr'><strong>τη</strong></span> <span class='ocrx_word' id='word_1_417' title='bbox 1644 1900 1673 1935; x_wconf 88' lang='grc' dir='ltr'><strong>τε</strong></span> <span class='ocrx_word' id='word_1_418' title='bbox 1689 1882 1740 1956; x_wconf 91' lang='grc' dir='ltr'><strong>βα-</strong></span> 
     </span>
     <span class='ocr_line' id='line_1_52' title="bbox 969 1962 1741 2045; baseline 0.004 -23"><span class='ocrx_word' id='word_1_419' title='bbox 969 1968 1058 2043; x_wconf 76' lang='grc' dir='ltr'><strong>σιλικῇ</strong></span> <span class='ocrx_word' id='word_1_420' title='bbox 1072 1963 1200 2044; x_wconf 90' lang='grc' dir='ltr'><strong>κυρωθείη</strong></span> <span class='ocrx_word' id='word_1_421' title='bbox 1212 1962 1307 2044; x_wconf 84' lang='grc' dir='ltr'><strong>ψήφερ,</strong></span> <span class='ocrx_word' id='word_1_422' title='bbox 1318 1964 1395 2042; x_wconf 86' lang='grc' dir='ltr'><strong>χάριν</strong></span> <span class='ocrx_word' id='word_1_423' title='bbox 1410 1986 1437 2022; x_wconf 90' lang='grc' dir='ltr'><strong>τε</strong></span> <span class='ocrx_word' id='word_1_424' title='bbox 1452 1963 1648 2041; x_wconf 81' lang='grc' dir='ltr'><strong>ὁμολογήσομεν</strong></span> <span class='ocrx_word' id='word_1_425' title='bbox 1662 1967 1701 2045; x_wconf 81' lang='grc' dir='ltr'><strong>τῷ</strong></span> <span class='ocrx_word' id='word_1_426' title='bbox 1711 1988 1741 2025; x_wconf 92' lang='grc' dir='ltr'><strong>τε</strong></span> 
     </span>
     <span class='ocr_line' id='line_1_53' title="bbox 968 2050 1740 2133; baseline 0.001 -23"><span class='ocrx_word' id='word_1_427' title='bbox 968 2054 1018 2131; x_wconf 77' lang='grc' dir='ltr'><strong>θεῷ</strong></span> <span class='ocrx_word' id='word_1_428' title='bbox 1028 2052 1074 2110; x_wconf 84' lang='grc' dir='ltr'><strong>καί</strong></span> <span class='ocrx_word' id='word_1_429' title='bbox 1082 2052 1140 2122; x_wconf 89' lang='grc' dir='ltr'><strong>σοί,</strong></span> <span class='ocrx_word' id='word_1_430' title='bbox 1153 2054 1278 2129; x_wconf 70' lang='grc' dir='ltr'><strong>βασιλεῦ,</strong></span> <span class='ocrx_word' id='word_1_431' title='bbox 1291 2050 1415 2123; x_wconf 80' lang='grc' dir='ltr'><strong>τοιαύτην</strong></span> <span class='ocrx_word' id='word_1_432' title='bbox 1426 2050 1491 2123; x_wconf 76' lang='grc' dir='ltr'><strong>ὕλην</strong></span> <span class='ocrx_word' id='word_1_433' title='bbox 1503 2056 1566 2127; x_wconf 87' lang='grc' dir='ltr'><strong>ήμῖν</strong></span> <span class='ocrx_word' id='word_1_434' title='bbox 1575 2053 1740 2133; x_wconf 86' lang='grc' dir='ltr'><strong>παρασχόντι</strong></span> 
     </span>
     <span class='ocr_line' id='line_1_54' title="bbox 967 2138 1741 2219; baseline 0.001 -22"><span class='ocrx_word' id='word_1_435' title='bbox 967 2142 1025 2205; x_wconf 86' lang='grc' dir='ltr'><strong>ταῖς</strong></span> <span class='ocrx_word' id='word_1_436' title='bbox 1039 2138 1158 2219; x_wconf 79' lang='grc' dir='ltr'><strong>ἀρίσταις</strong></span> <span class='ocrx_word' id='word_1_437' title='bbox 1169 2141 1222 2197; x_wconf 84' lang='grc' dir='ltr'><strong>τῶν</strong></span> <span class='ocrx_word' id='word_1_438' title='bbox 1235 2138 1354 2217; x_wconf 72' lang='grc' dir='ltr'><strong>πράξεων</strong></span> <span class='ocrx_word' id='word_1_439' title='bbox 1364 2141 1399 2206; x_wconf 82' lang='grc' dir='ltr'><strong>είς</strong></span> <span class='ocrx_word' id='word_1_440' title='bbox 1410 2138 1531 2207; x_wconf 76' lang='grc' dir='ltr'><strong>ἐπίδειξιν</strong></span> <span class='ocrx_word' id='word_1_441' title='bbox 1543 2142 1595 2199; x_wconf 88' lang='grc' dir='ltr'><strong>τῶν</strong></span> <span class='ocrx_word' id='word_1_442' title='bbox 1606 2140 1741 2219; x_wconf 73' lang='grc' dir='ltr'><strong>ἡμετέρων</strong></span> 
     </span>
     <span class='ocr_line' id='line_1_55' title="bbox 968 2225 1740 2307; baseline 0.003 -22"><span class='ocrx_word' id='word_1_443' title='bbox 968 2229 1070 2304; x_wconf 89' lang='grc' dir='ltr'><strong>λόγων,</strong></span> <span class='ocrx_word' id='word_1_444' title='bbox 1084 2227 1130 2285; x_wconf 84' lang='grc' dir='ltr'><strong>καὶ</strong></span> <span class='ocrx_word' id='word_1_445' title='bbox 1143 2226 1201 2303; x_wconf 74' lang='grc' dir='ltr'><strong>ἅμα</strong></span> <span class='ocrx_word' id='word_1_446' title='bbox 1215 2231 1369 2306; x_wconf 80' lang='grc' dir='ltr'><strong>θαρροῦντες</strong></span> <span class='ocrx_word' id='word_1_447' title='bbox 1380 2225 1444 2303; x_wconf 77' lang='grc' dir='ltr'><strong>πρὸς</strong></span> <span class='ocrx_word' id='word_1_448' title='bbox 1456 2227 1515 2285; x_wconf 88' lang='grc' dir='ltr'><strong>ὁλον</strong></span> <span class='ocrx_word' id='word_1_449' title='bbox 1525 2228 1569 2285; x_wconf 84' lang='grc' dir='ltr'><strong>τόν</strong></span> <span class='ocrx_word' id='word_1_450' title='bbox 1581 2225 1640 2299; x_wconf 75' lang='grc' dir='ltr'><strong>ἑξῆς</strong></span> <span class='ocrx_word' id='word_1_451' title='bbox 1650 2230 1740 2307; x_wconf 86' lang='grc' dir='ltr'><strong>ἀγῶνα</strong></span> 
     </span>
     <span class='ocr_line' id='line_1_56' title="bbox 968 2312 1740 2395; baseline 0.003 -22"><span class='ocrx_word' id='word_1_452' title='bbox 968 2313 1169 2391; x_wconf 77' lang='grc' dir='ltr'><strong>ἀποδυσώμεθα,</strong></span> <span class='ocrx_word' id='word_1_453' title='bbox 1183 2314 1229 2373; x_wconf 83' lang='grc' dir='ltr'><strong>καλ</strong></span> <span class='ocrx_word' id='word_1_454' title='bbox 1250 2312 1319 2390; x_wconf 85' lang='grc' dir='ltr'><strong>μετά</strong></span> <span class='ocrx_word' id='word_1_455' title='bbox 1339 2323 1424 2394; x_wconf 74' lang='grc' dir='ltr'><strong>χαρᾶς</strong></span> <span class='ocrx_word' id='word_1_456' title='bbox 1444 2315 1509 2395; x_wconf 80' lang='grc' dir='ltr'><strong>πρὸς</strong></span> <span class='ocrx_word' id='word_1_457' title='bbox 1529 2317 1562 2375; x_wconf 87' lang='grc' dir='ltr'><strong>τά</strong></span> <span class='ocrx_word' id='word_1_458' title='bbox 1583 2316 1663 2375; x_wconf 90' lang='grc' dir='ltr'><strong>λοιπά</strong></span> <span class='ocrx_word' id='word_1_459' title='bbox 1687 2322 1740 2377; x_wconf 84' lang='grc' dir='ltr'><strong>τῶν</strong></span> 
     </span>
     <span class='ocr_line' id='line_1_57' title="bbox 968 2400 1743 2483; baseline 0.004 -22"><span class='ocrx_word' id='word_1_460' title='bbox 968 2402 1050 2482; x_wconf 82' lang='grc' dir='ltr'><strong>ἔργων</strong></span> <span class='ocrx_word' id='word_1_461' title='bbox 1069 2400 1226 2483; x_wconf 87' lang='grc' dir='ltr'><strong>χωρήσομεν</strong></span> <span class='ocrx_word' id='word_1_462' title='bbox 1236 2400 1274 2475; x_wconf 86' lang='grc' dir='ltr'><strong>,ἀ</strong></span> <span class='ocrx_word' id='word_1_463' title='bbox 1289 2400 1332 2471; x_wconf 76' lang='grc' dir='ltr'><strong>ξὺν</strong></span> <span class='ocrx_word' id='word_1_464' title='bbox 1349 2406 1399 2482; x_wconf 81' lang='grc' dir='ltr'><strong>θεῷ</strong></span> <span class='ocrx_word' id='word_1_465' title='bbox 1411 2424 1451 2461; x_wconf 92' lang='grc' dir='ltr'><strong>σοι</strong></span> <span class='ocrx_word' id='word_1_466' title='bbox 1465 2402 1642 2482; x_wconf 79' lang='grc' dir='ltr'><strong>πεπράξεται,</strong></span> <span class='ocrx_word' id='word_1_467' title='bbox 1656 2404 1743 2464; x_wconf 89' lang='grc' dir='ltr'><strong>πυθό-</strong></span> 
     </span>
     <span class='ocr_line' id='line_1_58' title="bbox 970 2489 1742 2570; baseline 0.004 -20"><span class='ocrx_word' id='word_1_468' title='bbox 970 2514 1043 2568; x_wconf 89' lang='grc' dir='ltr'><strong>μενοι</strong></span> <span class='ocrx_word' id='word_1_469' title='bbox 1058 2491 1091 2563; x_wconf 83' lang='grc' dir='ltr'><strong>δὴ</strong></span> <span class='ocrx_word' id='word_1_470' title='bbox 1107 2490 1185 2566; x_wconf 90' lang='grc' dir='ltr'><strong>μόνον</strong></span> <span class='ocrx_word' id='word_1_471' title='bbox 1196 2490 1243 2549; x_wconf 85' lang='grc' dir='ltr'><strong>καλ</strong></span> <span class='ocrx_word' id='word_1_472' title='bbox 1256 2489 1344 2551; x_wconf 89' lang='grc' dir='ltr'><strong>πολλά</strong></span> <span class='ocrx_word' id='word_1_473' title='bbox 1355 2494 1407 2548; x_wconf 85' lang='grc' dir='ltr'><strong>τῶν</strong></span> <span class='ocrx_word' id='word_1_474' title='bbox 1419 2489 1517 2570; x_wconf 83' lang='grc' dir='ltr'><strong>σφόδρα</strong></span> <span class='ocrx_word' id='word_1_475' title='bbox 1533 2492 1680 2569; x_wconf 86' lang='grc' dir='ltr'><strong>ἀναγκαίων</strong></span> <span class='ocrx_word' id='word_1_476' title='bbox 1696 2494 1742 2553; x_wconf 85' lang='grc' dir='ltr'><strong>καὶ</strong></span> 
     </span>
     <span class='ocr_line' id='line_1_59' title="bbox 970 2575 1742 2661; baseline 0.003 -24"><span class='ocrx_word' id='word_1_477' title='bbox 970 2578 1149 2656; x_wconf 83' lang='grc' dir='ltr'><strong>ἀγνοουμένων</strong></span> <span class='ocrx_word' id='word_1_478' title='bbox 1161 2582 1236 2654; x_wconf 75' lang='grc' dir='ltr'><strong>ἡμῖν.</strong></span> <span class='ocrx_word' id='word_1_479' title='bbox 1280 2579 1327 2655; x_wconf 77' lang='lat'><strong>(17)</strong></span> <span class='ocrx_word' id='word_1_480' title='bbox 1345 2579 1379 2637; x_wconf 68' lang='lat' dir='ltr'><strong>Ei</strong></span> <span class='ocrx_word' id='word_1_481' title='bbox 1393 2575 1421 2634; x_wconf 84' lang='grc' dir='ltr'><strong>δέ</strong></span> <span class='ocrx_word' id='word_1_482' title='bbox 1435 2581 1549 2656; x_wconf 81' lang='grc' dir='ltr'><strong>φανῶσιν</strong></span> <span class='ocrx_word' id='word_1_483' title='bbox 1572 2583 1596 2638; x_wconf 86' lang='grc' dir='ltr'><strong>οί</strong></span> <span class='ocrx_word' id='word_1_484' title='bbox 1616 2580 1742 2661; x_wconf 85' lang='grc' dir='ltr'><strong>ἡμέτεροι</strong></span> 
     </span>
     <span class='ocr_line' id='line_1_60' title="bbox 969 2664 1743 2747; baseline 0.001 -20"><span class='ocrx_word' id='word_1_485' title='bbox 969 2668 1041 2746; x_wconf 92' lang='grc' dir='ltr'><strong>λόγοι</strong></span> <span class='ocrx_word' id='word_1_486' title='bbox 1055 2670 1146 2747; x_wconf 79' lang='grc' dir='ltr'><strong>πολλῷ</strong></span> <span class='ocrx_word' id='word_1_487' title='bbox 1159 2670 1212 2726; x_wconf 90' lang='grc' dir='ltr'><strong>τῶν</strong></span> <span class='ocrx_word' id='word_1_488' title='bbox 1224 2671 1277 2727; x_wconf 91' lang='grc' dir='ltr'><strong>σῶν</strong></span> <span class='ocrx_word' id='word_1_489' title='bbox 1292 2666 1374 2747; x_wconf 86' lang='grc' dir='ltr'><strong>ἔργων</strong></span> <span class='ocrx_word' id='word_1_490' title='bbox 1397 2664 1468 2731; x_wconf 80' lang='grc' dir='ltr'><strong>ὄντες</strong></span> <span class='ocrx_word' id='word_1_491' title='bbox 1486 2667 1684 2747; x_wconf 87' lang='grc' dir='ltr'><strong>καταδεέστεροι</strong></span> <span class='ocrx_word' id='word_1_492' title='bbox 1697 2669 1743 2728; x_wconf 77' lang='grc' dir='ltr'><strong>καί</strong></span> 
     </span>
     <span class='ocr_line' id='line_1_61' title="bbox 969 2752 1741 2835; baseline -0.001 -21"><span class='ocrx_word' id='word_1_493' title='bbox 969 2757 1034 2835; x_wconf 82' lang='grc' dir='ltr'><strong>πρὸς</strong></span> <span class='ocrx_word' id='word_1_494' title='bbox 1056 2754 1087 2814; x_wconf 86' lang='grc' dir='ltr'><strong>τδ</strong></span> <span class='ocrx_word' id='word_1_495' title='bbox 1109 2754 1216 2831; x_wconf 82' lang='grc' dir='ltr'><strong>μέγεθος</strong></span> <span class='ocrx_word' id='word_1_496' title='bbox 1238 2754 1337 2813; x_wconf 83' lang='grc' dir='ltr'><strong>τούτων</strong></span> <span class='ocrx_word' id='word_1_497' title='bbox 1360 2755 1408 2813; x_wconf 79' lang='grc' dir='ltr'><strong>οὐκ</strong></span> <span class='ocrx_word' id='word_1_498' title='bbox 1427 2752 1645 2830; x_wconf 79' lang='grc' dir='ltr'><strong>ίξικνοιίμενοι,δ</strong></span> <span class='ocrx_word' id='word_1_499' title='bbox 1668 2764 1741 2815; x_wconf 78' lang='grc' dir='ltr'><strong>πᾶσα</strong></span> 
     </span>
     <span class='ocr_line' id='line_1_62' title="bbox 968 2840 1742 2920; baseline -0.003 -19"><span class='ocrx_word' id='word_1_500' title='bbox 968 2848 1060 2902; x_wconf 83' lang='grc' dir='ltr'><strong>παθεῖν</strong></span> <span class='ocrx_word' id='word_1_501' title='bbox 1084 2840 1178 2909; x_wconf 71' lang='grc' dir='ltr'><strong>αὐτοθς</strong></span> <span class='ocrx_word' id='word_1_502' title='bbox 1199 2840 1319 2920; x_wconf 88' lang='grc' dir='ltr'><strong>ἀνάγκη,</strong></span> <span class='ocrx_word' id='word_1_503' title='bbox 1343 2840 1373 2901; x_wconf 89' lang='grc' dir='ltr'><strong>τό</strong></span> <span class='ocrx_word' id='word_1_504' title='bbox 1397 2864 1427 2899; x_wconf 92' lang='grc' dir='ltr'><strong>τε</strong></span> <span class='ocrx_word' id='word_1_505' title='bbox 1454 2840 1554 2920; x_wconf 79' lang='grc' dir='ltr'><strong>βιδλίον</strong></span> <span class='ocrx_word' id='word_1_506' title='bbox 1575 2843 1611 2907; x_wconf 79' lang='grc' dir='ltr'><strong>ὡς</strong></span> <span class='ocrx_word' id='word_1_507' title='bbox 1636 2844 1742 2920; x_wconf 84' lang='grc' dir='ltr'><strong>ἀχρεῖον</strong></span> 
     </span>
     <span class='ocr_line' id='line_1_63' title="bbox 970 2927 1741 3012; baseline 0.001 -24"><span class='ocrx_word' id='word_1_508' title='bbox 970 2933 1186 3012; x_wconf 81' lang='grc' dir='ltr'><strong>ἀποδοκιμασθῇ,</strong></span> <span class='ocrx_word' id='word_1_509' title='bbox 1209 2935 1354 3002; x_wconf 80' lang='grc' dir='ltr'><strong>τηνικαῦτα</strong></span> <span class='ocrx_word' id='word_1_510' title='bbox 1379 2927 1411 3000; x_wconf 84' lang='grc' dir='ltr'><strong>δή</strong></span> <span class='ocrx_word' id='word_1_511' title='bbox 1437 2929 1483 2988; x_wconf 82' lang='grc' dir='ltr'><strong>καί</strong></span> <span class='ocrx_word' id='word_1_512' title='bbox 1505 2929 1587 2996; x_wconf 80' lang='grc' dir='ltr'><strong>αὐτὸς</strong></span> <span class='ocrx_word' id='word_1_513' title='bbox 1610 2931 1741 3010; x_wconf 88' lang='grc' dir='ltr'><strong>πόρρωθεν</strong></span> 
     </span>
     <span class='ocr_line' id='line_1_64' title="bbox 971 3009 1741 3099; baseline -0.001 -20"><span class='ocrx_word' id='word_1_514' title='bbox 971 3020 1154 3099; x_wconf 86' lang='grc' dir='ltr'><strong>προσκυνήσας</strong></span> <span class='ocrx_word' id='word_1_515' title='bbox 1168 3019 1214 3079; x_wconf 86' lang='grc' dir='ltr'><strong>καί</strong></span> <span class='ocrx_word' id='word_1_516' title='bbox 1229 3018 1331 3088; x_wconf 84' lang='grc' dir='ltr'><strong>σιωπήν</strong></span> <span class='ocrx_word' id='word_1_517' title='bbox 1349 3009 1550 3095; x_wconf 81' lang='grc' dir='ltr'><strong>ἀσπασάμενος,</strong></span> <span class='ocrx_word' id='word_1_518' title='bbox 1566 3017 1662 3097; x_wconf 83' lang='grc' dir='ltr'><strong>ἑτέροις</strong></span> <span class='ocrx_word' id='word_1_519' title='bbox 1683 3042 1741 3078; x_wconf 92' lang='grc' dir='ltr'><strong>πα-</strong></span> 
     </span>
     <span class='ocr_line' id='line_1_65' title="bbox 970 3103 1742 3187; baseline 0 -22"><span class='ocrx_word' id='word_1_520' title='bbox 970 3106 1121 3187; x_wconf 88' lang='grc' dir='ltr'><strong>ραχωρήσω</strong></span> <span class='ocrx_word' id='word_1_521' title='bbox 1143 3110 1190 3179; x_wconf 76' lang='grc' dir='ltr'><strong>τῆς</strong></span> <span class='ocrx_word' id='word_1_522' title='bbox 1213 3105 1344 3186; x_wconf 82' lang='grc' dir='ltr'><strong>ἱστορίας,</strong></span> <span class='ocrx_word' id='word_1_523' title='bbox 1369 3106 1460 3185; x_wconf 79' lang='grc' dir='ltr'><strong>πολλῷ</strong></span> <span class='ocrx_word' id='word_1_524' title='bbox 1484 3103 1517 3163; x_wconf 91' lang='grc' dir='ltr'><strong>τά</strong></span> <span class='ocrx_word' id='word_1_525' title='bbox 1546 3110 1654 3165; x_wconf 84' lang='grc' dir='ltr'><strong>τοιαῦτα</strong></span> <span class='ocrx_word' id='word_1_526' title='bbox 1678 3108 1742 3184; x_wconf 79' lang='grc' dir='ltr'><strong>έμοῶ</strong></span> 
     </span>
     <span class='ocr_line' id='line_1_66' title="bbox 970 3194 1110 3272; baseline 0.014 -20"><span class='ocrx_word' id='word_1_527' title='bbox 970 3194 1110 3272; x_wconf 88' lang='grc' dir='ltr'><strong>βελτίοσιν.</strong></span> 
     </span>
    </p>
   </div>
   <div class='ocr_carea' id='block_1_5' title="bbox 136 3356 1742 3494">
    <p class='ocr_par' dir='ltr' id='par_1_5' title="bbox 136 3356 1742 3494">
     <span class='ocr_line' id='line_1_67' title="bbox 167 3356 1742 3427; baseline -0.004 -14"><span class='ocrx_word' id='word_1_528' title='bbox 167 3364 217 3427; x_wconf 60' lang='grc' dir='ltr'><strong>δέ,</strong></span> <span class='ocrx_word' id='word_1_529' title='bbox 232 3363 346 3427; x_wconf 82' lang='grc' dir='ltr'><strong>μογήσας]</strong></span> <span class='ocrx_word' id='word_1_530' title='bbox 364 3363 467 3421; x_wconf 77' lang='grc' dir='ltr'><strong>πονήσας</strong></span> <span class='ocrx_word' id='word_1_531' title='bbox 485 3360 701 3424; x_wconf 81' lang='grc' dir='ltr'><strong>Α.1]-έπε’στην]</strong></span> <span class='ocrx_word' id='word_1_532' title='bbox 721 3368 796 3423; x_wconf 83' lang='grc' dir='ltr'><strong>παρῆν</strong></span> <span class='ocrx_word' id='word_1_533' title='bbox 817 3364 846 3410; x_wconf 82' lang='grc' dir='ltr'><strong>Α.</strong></span> <span class='ocrx_word' id='word_1_534' title='bbox 866 3360 876 3423; x_wconf 90' lang='grc' dir='ltr'><strong>ΙΙ</strong></span> <span class='ocrx_word' id='word_1_535' title='bbox 890 3386 922 3395; x_wconf 92' lang='grc'>-</span> <span class='ocrx_word' id='word_1_536' title='bbox 934 3359 1029 3424; x_wconf 81' lang='grc' dir='ltr'><strong>εἰδείην]</strong></span> <span class='ocrx_word' id='word_1_537' title='bbox 1043 3361 1128 3409; x_wconf 80' lang='grc' dir='ltr'><strong>εἰδέναι</strong></span> <span class='ocrx_word' id='word_1_538' title='bbox 1138 3362 1217 3424; x_wconf 84' lang='grc' dir='ltr'><strong>ἔχοιμι</strong></span> <span class='ocrx_word' id='word_1_539' title='bbox 1233 3364 1262 3411; x_wconf 77' lang='grc' dir='ltr'><strong>Α.</strong></span> <span class='ocrx_word' id='word_1_540' title='bbox 1283 3359 1294 3422; x_wconf 87' lang='grc' dir='ltr'><strong>ΙΙ</strong></span> <span class='ocrx_word' id='word_1_541' title='bbox 1315 3386 1343 3394; x_wconf 94' lang='grc'><strong>-</strong></span> <span class='ocrx_word' id='word_1_542' title='bbox 1364 3360 1491 3421; x_wconf 77' lang='grc' dir='ltr'><strong>ξυντέταχα</strong></span> <span class='ocrx_word' id='word_1_543' title='bbox 1508 3356 1589 3421; x_wconf 76' lang='grc' dir='ltr'><strong>τοῦτο]</strong></span> <span class='ocrx_word' id='word_1_544' title='bbox 1608 3360 1742 3422; x_wconf 81' lang='grc' dir='ltr'><strong>συνέγραψα</strong></span> 
     </span>
     <span class='ocr_line' id='line_1_68' title="bbox 136 3429 1440 3494; baseline -0.005 -11"><span class='ocrx_word' id='word_1_545' title='bbox 136 3434 201 3483; x_wconf 82' lang='grc' dir='ltr'><strong>τουτί</strong></span> <span class='ocrx_word' id='word_1_546' title='bbox 214 3435 242 3482; x_wconf 78' lang='grc' dir='ltr'><strong>Α.</strong></span> <span class='ocrx_word' id='word_1_547' title='bbox 255 3432 305 3493; x_wconf 75' lang='grc'><strong>11-</strong></span> <span class='ocrx_word' id='word_1_548' title='bbox 320 3432 344 3481; x_wconf 76' lang='grc' dir='ltr'><strong>ἐν</strong></span> <span class='ocrx_word' id='word_1_549' title='bbox 356 3432 424 3481; x_wconf 81' lang='grc' dir='ltr'><strong>πέντι</strong></span> <span class='ocrx_word' id='word_1_550' title='bbox 431 3432 537 3494; x_wconf 82' lang='grc' dir='ltr'><strong>τμήμασι</strong></span> <span class='ocrx_word' id='word_1_551' title='bbox 550 3430 641 3494; x_wconf 84' lang='grc' dir='ltr'><strong>διελών]</strong></span> <span class='ocrx_word' id='word_1_552' title='bbox 652 3432 740 3480; x_wconf 79' lang='grc' dir='ltr'><strong>ΗεοοΛ</strong></span> <span class='ocrx_word' id='word_1_553' title='bbox 752 3429 847 3479; x_wconf 87' lang='lat' dir='ltr'>nonnisi</span> <span class='ocrx_word' id='word_1_554' title='bbox 864 3429 888 3478; x_wconf 87' lang='lat' dir='ltr'><strong>in</strong></span> <span class='ocrx_word' id='word_1_555' title='bbox 898 3430 1006 3492; x_wconf 73' lang='lat' dir='ltr'><strong>margine</strong></span> <span class='ocrx_word' id='word_1_556' title='bbox 1012 3429 1097 3479; x_wconf 72' lang='lat' dir='ltr'><strong>habet.</strong></span> <span class='ocrx_word' id='word_1_557' title='bbox 1110 3429 1121 3492; x_wconf 76' lang='grc' dir='ltr'><strong>ΙΙ</strong></span> <span class='ocrx_word' id='word_1_558' title='bbox 1131 3457 1159 3465; x_wconf 97' lang='grc'>-</span> <span class='ocrx_word' id='word_1_559' title='bbox 1168 3429 1306 3492; x_wconf 76' lang='grc' dir='ltr'><strong>ξυγγραφῆς]</strong></span> <span class='ocrx_word' id='word_1_560' title='bbox 1317 3444 1398 3491; x_wconf 89' lang='grc' dir='ltr'><strong>συγγρ.</strong></span> <span class='ocrx_word' id='word_1_561' title='bbox 1410 3430 1440 3477; x_wconf 79' lang='grc' dir='ltr'><strong>Α.</strong></span> 
     </span>
    </p>
   </div>
   <div class='ocr_carea' id='block_1_6' title="bbox 137 3496 1743 5049">
    <p class='ocr_par' dir='ltr' id='par_1_6' title="bbox 140 3496 1743 3634">
     <span class='ocr_line' id='line_1_69' title="bbox 167 3496 1743 3568; baseline -0.004 -15"><span class='ocrx_word' id='word_1_562' title='bbox 167 3504 219 3568; x_wconf 80' lang='lat'><strong>§5.</strong></span> <span class='ocrx_word' id='word_1_563' title='bbox 230 3510 276 3553; x_wconf 82' lang='grc' dir='ltr'><strong>τῶν</strong></span> <span class='ocrx_word' id='word_1_564' title='bbox 284 3502 419 3567; x_wconf 83' lang='grc' dir='ltr'><strong>Ῥωμαίων]</strong></span> <span class='ocrx_word' id='word_1_565' title='bbox 432 3508 479 3551; x_wconf 83' lang='grc' dir='ltr'><strong>τῶν</strong></span> <span class='ocrx_word' id='word_1_566' title='bbox 488 3504 580 3552; x_wconf 86' lang='lat' dir='ltr'>om.B.</span> <span class='ocrx_word' id='word_1_567' title='bbox 593 3501 604 3564; x_wconf 87' lang='grc' dir='ltr'><strong>Ι]</strong></span> <span class='ocrx_word' id='word_1_568' title='bbox 616 3528 646 3539; x_wconf 93' lang='lat'>-</span> <span class='ocrx_word' id='word_1_569' title='bbox 658 3500 800 3563; x_wconf 81' lang='grc' dir='ltr'><strong>Φωκαιέων]</strong></span> <span class='ocrx_word' id='word_1_570' title='bbox 814 3502 920 3550; x_wconf 81' lang='grc' dir='ltr'><strong>Φωκέων</strong></span> <span class='ocrx_word' id='word_1_571' title='bbox 941 3503 995 3551; x_wconf 78' lang='grc' dir='ltr'><strong>ΑΒ.</strong></span> <span class='ocrx_word' id='word_1_572' title='bbox 1011 3502 1047 3551; x_wconf 82' lang='lat' dir='ltr'><strong>De</strong></span> <span class='ocrx_word' id='word_1_573' title='bbox 1064 3501 1168 3551; x_wconf 61' lang='lat' dir='ltr'><strong>Phocea</strong></span> <span class='ocrx_word' id='word_1_574' title='bbox 1185 3513 1250 3551; x_wconf 76' lang='lat' dir='ltr'>nova</span> <span class='ocrx_word' id='word_1_575' title='bbox 1268 3499 1337 3550; x_wconf 80' lang='lat' dir='ltr'><strong>chiis</strong></span> <span class='ocrx_word' id='word_1_576' title='bbox 1355 3501 1440 3562; x_wconf 67' lang='lat' dir='ltr'><strong>erepta</strong></span> <span class='ocrx_word' id='word_1_577' title='bbox 1466 3497 1516 3547; x_wconf 82' lang='lat' dir='ltr'>vid.</span> <span class='ocrx_word' id='word_1_578' title='bbox 1534 3498 1576 3548; x_wconf 84' lang='lat' dir='ltr'>lib.</span> <span class='ocrx_word' id='word_1_579' title='bbox 1588 3504 1611 3557; x_wconf 84' lang='lat'><strong>2,</strong></span> <span class='ocrx_word' id='word_1_580' title='bbox 1627 3510 1650 3548; x_wconf 82' lang='grc' dir='ltr'><strong>ο.</strong></span> <span class='ocrx_word' id='word_1_581' title='bbox 1664 3502 1692 3555; x_wconf 74' lang='grc' dir='ltr'><strong>ἀς</strong></span> <span class='ocrx_word' id='word_1_582' title='bbox 1711 3496 1743 3547; x_wconf 83' lang='lat' dir='ltr'><strong>de</strong></span> 
     </span>
     <span class='ocr_line' id='line_1_70' title="bbox 140 3569 1539 3634; baseline -0.006 -10"><span class='ocrx_word' id='word_1_583' title='bbox 140 3574 196 3624; x_wconf 82' lang='lat' dir='ltr'><strong>AEni</strong></span> <span class='ocrx_word' id='word_1_584' title='bbox 210 3573 284 3623; x_wconf 78' lang='lat' dir='ltr'>rebus</span> <span class='ocrx_word' id='word_1_585' title='bbox 297 3572 340 3621; x_wconf 81' lang='lat' dir='ltr'>lib.</span> <span class='ocrx_word' id='word_1_586' title='bbox 351 3580 375 3633; x_wconf 76' lang='grc' dir='ltr'><strong>ο,</strong></span> <span class='ocrx_word' id='word_1_587' title='bbox 385 3585 408 3622; x_wconf 86' lang='grc' dir='ltr'><strong>ο.</strong></span> <span class='ocrx_word' id='word_1_588' title='bbox 425 3576 467 3631; x_wconf 75' lang='grc' dir='ltr'><strong>νος</strong></span> <span class='ocrx_word' id='word_1_589' title='bbox 480 3571 512 3621; x_wconf 78' lang='lat' dir='ltr'><strong>de</strong></span> <span class='ocrx_word' id='word_1_590' title='bbox 529 3572 684 3634; x_wconf 77' lang='lat' dir='ltr'>expeditione</span> <span class='ocrx_word' id='word_1_591' title='bbox 698 3574 783 3621; x_wconf 75' lang='grc' dir='ltr'><strong>σοολπι</strong></span> <span class='ocrx_word' id='word_1_592' title='bbox 801 3570 920 3619; x_wconf 77' lang='lat' dir='ltr'>Triballos</span> <span class='ocrx_word' id='word_1_593' title='bbox 932 3570 985 3620; x_wconf 77' lang='lat' dir='ltr'><strong>sive</strong></span> <span class='ocrx_word' id='word_1_594' title='bbox 996 3570 1094 3621; x_wconf 82' lang='lat' dir='ltr'>Servios</span> <span class='ocrx_word' id='word_1_595' title='bbox 1105 3570 1147 3619; x_wconf 89' lang='lat' dir='ltr'><strong>lih.</strong></span> <span class='ocrx_word' id='word_1_596' title='bbox 1159 3578 1182 3628; x_wconf 79' lang='grc' dir='ltr'><strong>ν,</strong></span> <span class='ocrx_word' id='word_1_597' title='bbox 1194 3584 1215 3619; x_wconf 83' lang='grc' dir='ltr'><strong>ε.</strong></span> <span class='ocrx_word' id='word_1_598' title='bbox 1227 3574 1281 3627; x_wconf 84' lang='grc'><strong>6-9,</strong></span> <span class='ocrx_word' id='word_1_599' title='bbox 1297 3569 1468 3629; x_wconf 78' lang='grc' dir='ltr'><strong>17·21,1θν.3,</strong></span> <span class='ocrx_word' id='word_1_600' title='bbox 1483 3581 1505 3616; x_wconf 90' lang='lat' dir='ltr'><strong>c.</strong></span> <span class='ocrx_word' id='word_1_601' title='bbox 1516 3574 1539 3617; x_wconf 74' lang='grc' dir='ltr'><strong>ν,</strong></span> 
     </span>
    </p>

    <p class='ocr_par' dir='ltr' id='par_1_7' title="bbox 137 3635 1743 4341">
     <span class='ocr_line' id='line_1_71' title="bbox 169 3635 1742 3708; baseline -0.004 -15"><span class='ocrx_word' id='word_1_602' title='bbox 169 3644 184 3708; x_wconf 91' lang='lat'><em>§</em></span> <span class='ocrx_word' id='word_1_603' title='bbox 198 3651 221 3693; x_wconf 80' lang='grc' dir='ltr'><strong>ο.</strong></span> <span class='ocrx_word' id='word_1_604' title='bbox 236 3646 299 3701; x_wconf 71' lang='lat' dir='ltr'><strong>Qum</strong></span> <span class='ocrx_word' id='word_1_605' title='bbox 309 3643 335 3691; x_wconf 84' lang='lat' dir='ltr'><strong>in</strong></span> <span class='ocrx_word' id='word_1_606' title='bbox 346 3656 400 3705; x_wconf 78' lang='lat' dir='ltr'>sqq.</span> <span class='ocrx_word' id='word_1_607' title='bbox 410 3642 435 3705; x_wconf 88' lang='lat'><strong>(§</strong></span> <span class='ocrx_word' id='word_1_608' title='bbox 453 3647 523 3700; x_wconf 76' lang='grc' dir='ltr'><strong>ο-ισ)</strong></span> <span class='ocrx_word' id='word_1_609' title='bbox 536 3643 650 3705; x_wconf 72' lang='lat' dir='ltr'><strong>leguntur</strong></span> <span class='ocrx_word' id='word_1_610' title='bbox 660 3641 692 3691; x_wconf 78' lang='lat' dir='ltr'><strong>de</strong></span> <span class='ocrx_word' id='word_1_611' title='bbox 708 3641 810 3705; x_wconf 76' lang='lat' dir='ltr'><strong>singulis</strong></span> <span class='ocrx_word' id='word_1_612' title='bbox 817 3641 965 3691; x_wconf 76' lang='lat' dir='ltr'>narrationis</span> <span class='ocrx_word' id='word_1_613' title='bbox 978 3641 1110 3705; x_wconf 66' lang='lat' dir='ltr'>capitibus,</span> <span class='ocrx_word' id='word_1_614' title='bbox 1125 3641 1204 3690; x_wconf 79' lang='lat' dir='ltr'><strong>multo</strong></span> <span class='ocrx_word' id='word_1_615' title='bbox 1216 3640 1329 3689; x_wconf 77' lang='lat' dir='ltr'><strong>breviora</strong></span> <span class='ocrx_word' id='word_1_616' title='bbox 1342 3642 1401 3689; x_wconf 77' lang='lat' dir='ltr'><strong>sunt</strong></span> <span class='ocrx_word' id='word_1_617' title='bbox 1414 3639 1440 3687; x_wconf 90' lang='lat' dir='ltr'><strong>in</strong></span> <span class='ocrx_word' id='word_1_618' title='bbox 1453 3639 1485 3700; x_wconf 76' lang='lat' dir='ltr'><strong>A,</strong></span> <span class='ocrx_word' id='word_1_619' title='bbox 1495 3638 1538 3687; x_wconf 87' lang='lat' dir='ltr'><strong>uhi</strong></span> <span class='ocrx_word' id='word_1_620' title='bbox 1547 3641 1615 3687; x_wconf 77' lang='lat' dir='ltr'><strong>totus</strong></span> <span class='ocrx_word' id='word_1_621' title='bbox 1623 3635 1742 3687; x_wconf 83' lang='grc' dir='ltr'><strong>ΙιίεΙοοαε</strong></span> 
     </span>
     <span class='ocr_line' id='line_1_72' title="bbox 137 3708 1742 3777; baseline -0.005 -12"><span class='ocrx_word' id='word_1_622' title='bbox 137 3716 172 3765; x_wconf 70' lang='lat' dir='ltr'><strong>ita</strong></span> <span class='ocrx_word' id='word_1_623' title='bbox 185 3714 259 3764; x_wconf 75' lang='lat' dir='ltr'><strong>habet</strong></span> <span class='ocrx_word' id='word_1_624' title='bbox 272 3734 278 3764; x_wconf 83' lang='lat'>2</span> <span class='ocrx_word' id='word_1_625' title='bbox 294 3714 345 3763; x_wconf 85' lang='grc' dir='ltr'><strong>Ἐτι</strong></span> <span class='ocrx_word' id='word_1_626' title='bbox 359 3715 384 3763; x_wconf 76' lang='grc' dir='ltr'><strong>δέ</strong></span> <span class='ocrx_word' id='word_1_627' title='bbox 399 3716 441 3772; x_wconf 84' lang='grc' dir='ltr'><strong>τήν</strong></span> <span class='ocrx_word' id='word_1_628' title='bbox 458 3714 482 3770; x_wconf 77' lang='grc' dir='ltr'><strong>ἔς</strong></span> <span class='ocrx_word' id='word_1_629' title='bbox 493 3714 673 3772; x_wconf 86' lang='grc' dir='ltr'><strong>Πελοπόννησον</strong></span> <span class='ocrx_word' id='word_1_630' title='bbox 689 3715 783 3777; x_wconf 86' lang='grc' dir='ltr'><strong>πρώτην</strong></span> <span class='ocrx_word' id='word_1_631' title='bbox 795 3715 835 3762; x_wconf 81' lang='grc' dir='ltr'><strong>καὶ</strong></span> <span class='ocrx_word' id='word_1_632' title='bbox 847 3714 955 3775; x_wconf 82' lang='grc' dir='ltr'><strong>δευτέραν</strong></span> <span class='ocrx_word' id='word_1_633' title='bbox 974 3714 1073 3769; x_wconf 81' lang='grc' dir='ltr'><strong>έσδο).ι“ςν</strong></span> <span class='ocrx_word' id='word_1_634' title='bbox 1085 3717 1128 3761; x_wconf 82' lang='grc' dir='ltr'><strong>τοῦ</strong></span> <span class='ocrx_word' id='word_1_635' title='bbox 1140 3712 1268 3774; x_wconf 83' lang='grc' dir='ltr'><strong>βασιλέως,</strong></span> <span class='ocrx_word' id='word_1_636' title='bbox 1279 3713 1319 3760; x_wconf 86' lang='grc' dir='ltr'><strong>καὶ</strong></span> <span class='ocrx_word' id='word_1_637' title='bbox 1329 3714 1362 3765; x_wconf 82' lang='grc' dir='ltr'><strong>ὡς</strong></span> <span class='ocrx_word' id='word_1_638' title='bbox 1380 3711 1487 3771; x_wconf 80' lang='grc' dir='ltr'><strong>θπήγαγε</strong></span> <span class='ocrx_word' id='word_1_639' title='bbox 1498 3714 1593 3769; x_wconf 82' lang='grc' dir='ltr'><strong>πᾶσαν,</strong></span> <span class='ocrx_word' id='word_1_640' title='bbox 1606 3709 1646 3756; x_wconf 85' lang='grc' dir='ltr'><strong>καὶ</strong></span> <span class='ocrx_word' id='word_1_641' title='bbox 1663 3709 1704 3761; x_wconf 83' lang='grc' dir='ltr'><strong>τὰς</strong></span> <span class='ocrx_word' id='word_1_642' title='bbox 1715 3708 1742 3757; x_wconf 80' lang='grc' dir='ltr'><strong>έν</strong></span> 
     </span>
     <span class='ocr_line' id='line_1_73' title="bbox 138 3778 1741 3851; baseline -0.008 -14"><span class='ocrx_word' id='word_1_643' title='bbox 138 3789 197 3851; x_wconf 68' lang='grc' dir='ltr'><strong>αὐτὶ</strong></span> <span class='ocrx_word' id='word_1_644' title='bbox 211 3786 288 3842; x_wconf 85' lang='grc' dir='ltr'><strong>πόλεις</strong></span> <span class='ocrx_word' id='word_1_645' title='bbox 304 3784 462 3849; x_wconf 81' lang='grc' dir='ltr'><strong>ἐχειρώσατο,</strong></span> <span class='ocrx_word' id='word_1_646' title='bbox 479 3785 521 3839; x_wconf 82' lang='grc' dir='ltr'><strong>τὰς</strong></span> <span class='ocrx_word' id='word_1_647' title='bbox 542 3786 584 3847; x_wconf 75' lang='grc' dir='ltr'><strong>μέν</strong></span> <span class='ocrx_word' id='word_1_648' title='bbox 604 3786 731 3850; x_wconf 71' lang='grc' dir='ltr'><strong>ὁμολογίᾳ,</strong></span> <span class='ocrx_word' id='word_1_649' title='bbox 748 3783 790 3839; x_wconf 84' lang='grc' dir='ltr'><strong>τάς</strong></span> <span class='ocrx_word' id='word_1_650' title='bbox 803 3785 827 3833; x_wconf 80' lang='grc' dir='ltr'><strong>δέ</strong></span> <span class='ocrx_word' id='word_1_651' title='bbox 841 3786 881 3833; x_wconf 85' lang='grc' dir='ltr'><strong>καλ</strong></span> <span class='ocrx_word' id='word_1_652' title='bbox 892 3785 1002 3846; x_wconf 84' lang='grc' dir='ltr'><strong>πολέμῳ,</strong></span> <span class='ocrx_word' id='word_1_653' title='bbox 1014 3782 1161 3847; x_wconf 79' lang='grc' dir='ltr'><strong>ἐχυρωτάτας</strong></span> <span class='ocrx_word' id='word_1_654' title='bbox 1170 3799 1198 3831; x_wconf 89' lang='grc' dir='ltr'><strong>τε</strong></span> <span class='ocrx_word' id='word_1_655' title='bbox 1212 3782 1285 3838; x_wconf 85' lang='grc' dir='ltr'><strong>οὔσας</strong></span> <span class='ocrx_word' id='word_1_656' title='bbox 1293 3783 1333 3830; x_wconf 77' lang='grc' dir='ltr'><strong>καὶ</strong></span> <span class='ocrx_word' id='word_1_657' title='bbox 1343 3781 1415 3842; x_wconf 90' lang='grc' dir='ltr'><strong>λόγου</strong></span> <span class='ocrx_word' id='word_1_658' title='bbox 1432 3780 1509 3841; x_wconf 74' lang='grc' dir='ltr'><strong>ἀξίας,</strong></span> <span class='ocrx_word' id='word_1_659' title='bbox 1519 3779 1630 3841; x_wconf 83' lang='grc' dir='ltr'><strong>Κόρινθόν</strong></span> <span class='ocrx_word' id='word_1_660' title='bbox 1643 3778 1669 3827; x_wconf 82' lang='grc' dir='ltr'><strong>τί</strong></span> <span class='ocrx_word' id='word_1_661' title='bbox 1683 3796 1741 3840; x_wconf 85' lang='grc' dir='ltr'><strong>φημι</strong></span> 
     </span>
     <span class='ocr_line' id='line_1_74' title="bbox 137 3850 1741 3920; baseline -0.006 -12"><span class='ocrx_word' id='word_1_662' title='bbox 137 3860 177 3908; x_wconf 84' lang='grc' dir='ltr'><strong>καλ</strong></span> <span class='ocrx_word' id='word_1_663' title='bbox 191 3857 297 3915; x_wconf 81' lang='grc' dir='ltr'><strong>Σπάρτην</strong></span> <span class='ocrx_word' id='word_1_664' title='bbox 316 3858 356 3905; x_wconf 87' lang='grc' dir='ltr'><strong>καὶ</strong></span> <span class='ocrx_word' id='word_1_665' title='bbox 375 3856 462 3914; x_wconf 85' lang='grc' dir='ltr'><strong>Τέγεαν</strong></span> <span class='ocrx_word' id='word_1_666' title='bbox 482 3857 523 3904; x_wconf 86' lang='grc' dir='ltr'><strong>καὶ</strong></span> <span class='ocrx_word' id='word_1_667' title='bbox 542 3856 636 3920; x_wconf 84' lang='grc' dir='ltr'><strong>Πάτρας</strong></span> <span class='ocrx_word' id='word_1_668' title='bbox 650 3862 690 3914; x_wconf 78' lang='grc' dir='ltr'><strong>τῆς</strong></span> <span class='ocrx_word' id='word_1_669' title='bbox 710 3856 806 3918; x_wconf 72' lang='grc' dir='ltr'><strong>Ἀχαίας</strong></span> <span class='ocrx_word' id='word_1_670' title='bbox 826 3857 868 3904; x_wconf 83' lang='grc' dir='ltr'><strong>καλ</strong></span> <span class='ocrx_word' id='word_1_671' title='bbox 880 3855 976 3918; x_wconf 82' lang='grc' dir='ltr'><strong>φρούρια</strong></span> <span class='ocrx_word' id='word_1_672' title='bbox 990 3857 1091 3905; x_wconf 85' lang='grc' dir='ltr'><strong>πλεῖστα</strong></span> <span class='ocrx_word' id='word_1_673' title='bbox 1106 3856 1147 3903; x_wconf 84' lang='grc' dir='ltr'><strong>καί</strong></span> <span class='ocrx_word' id='word_1_674' title='bbox 1161 3853 1321 3915; x_wconf 83' lang='grc' dir='ltr'><strong>ἔρυμνότατα,</strong></span> <span class='ocrx_word' id='word_1_675' title='bbox 1339 3853 1379 3901; x_wconf 84' lang='grc' dir='ltr'><strong>καὶ</strong></span> <span class='ocrx_word' id='word_1_676' title='bbox 1397 3854 1528 3909; x_wconf 80' lang='grc' dir='ltr'><strong>κατέστησε</strong></span> <span class='ocrx_word' id='word_1_677' title='bbox 1541 3856 1620 3901; x_wconf 85' lang='grc' dir='ltr'><strong>πᾶσαν</strong></span> <span class='ocrx_word' id='word_1_678' title='bbox 1637 3851 1679 3905; x_wconf 80' lang='grc' dir='ltr'><strong>τήν</strong></span> <span class='ocrx_word' id='word_1_679' title='bbox 1692 3850 1741 3899; x_wconf 71' lang='lat'><strong>116-</strong></span> 
     </span>
     <span class='ocr_line' id='line_1_75' title="bbox 138 3916 1743 3993; baseline -0.009 -14"><span class='ocrx_word' id='word_1_680' title='bbox 138 3932 210 3987; x_wconf 93' lang='grc' dir='ltr'><strong>λοπος</strong></span> <span class='ocrx_word' id='word_1_681' title='bbox 221 3928 293 3993; x_wconf 78' lang='grc' dir='ltr'><strong>φόρου</strong></span> <span class='ocrx_word' id='word_1_682' title='bbox 303 3928 404 3986; x_wconf 74' lang='grc' dir='ltr'><strong>ὑποτελῆ</strong></span> <span class='ocrx_word' id='word_1_683' title='bbox 413 3964 421 3987; x_wconf 94' lang='grc'><strong>,</strong></span> <span class='ocrx_word' id='word_1_684' title='bbox 430 3927 472 3984; x_wconf 85' lang='grc' dir='ltr'><strong>τήν</strong></span> <span class='ocrx_word' id='word_1_685' title='bbox 484 3944 510 3976; x_wconf 89' lang='grc' dir='ltr'><strong>τι</strong></span> <span class='ocrx_word' id='word_1_686' title='bbox 525 3928 549 3983; x_wconf 82' lang='grc' dir='ltr'><strong>ές</strong></span> <span class='ocrx_word' id='word_1_687' title='bbox 560 3930 603 3985; x_wconf 82' lang='grc' dir='ltr'><strong>τήν</strong></span> <span class='ocrx_word' id='word_1_688' title='bbox 614 3928 727 3989; x_wconf 77' lang='grc' dir='ltr'><strong>Ἰλλυρίδα</strong></span> <span class='ocrx_word' id='word_1_689' title='bbox 743 3928 838 3989; x_wconf 85' lang='grc' dir='ltr'><strong>πρώτην</strong></span> <span class='ocrx_word' id='word_1_690' title='bbox 853 3927 952 3984; x_wconf 77' lang='grc' dir='ltr'><strong>θσδολήν</strong></span> <span class='ocrx_word' id='word_1_691' title='bbox 964 3926 1003 3975; x_wconf 81' lang='grc' dir='ltr'><strong>καὶ</strong></span> <span class='ocrx_word' id='word_1_692' title='bbox 1014 3928 1103 3989; x_wconf 83' lang='grc' dir='ltr'><strong>δήωσιν</strong></span> <span class='ocrx_word' id='word_1_693' title='bbox 1117 3924 1201 3982; x_wconf 79' lang='grc' dir='ltr'><strong>ταύτης</strong></span> <span class='ocrx_word' id='word_1_694' title='bbox 1217 3924 1259 3973; x_wconf 82' lang='grc' dir='ltr'><strong>καὶ</strong></span> <span class='ocrx_word' id='word_1_695' title='bbox 1265 3924 1328 3977; x_wconf 85' lang='grc' dir='ltr'><strong>λείας</strong></span> <span class='ocrx_word' id='word_1_696' title='bbox 1342 3924 1422 3971; x_wconf 72' lang='grc' dir='ltr'><strong>ἔλασιν</strong></span> <span class='ocrx_word' id='word_1_697' title='bbox 1430 3923 1466 3970; x_wconf 87' lang='grc' dir='ltr'><strong>δτι</strong></span> <span class='ocrx_word' id='word_1_698' title='bbox 1475 3938 1503 3980; x_wconf 88' lang='grc' dir='ltr'><strong>γε</strong></span> <span class='ocrx_word' id='word_1_699' title='bbox 1511 3921 1632 3981; x_wconf 86' lang='grc' dir='ltr'><strong>πλείστην,</strong></span> <span class='ocrx_word' id='word_1_700' title='bbox 1643 3920 1700 3983; x_wconf 86' lang='grc' dir='ltr'><strong>πρδς</strong></span> <span class='ocrx_word' id='word_1_701' title='bbox 1716 3916 1743 3970; x_wconf 73' lang='grc' dir='ltr'><strong>δὲ</strong></span> 
     </span>
     <span class='ocr_line' id='line_1_76' title="bbox 137 3990 1741 4061; baseline -0.006 -12"><span class='ocrx_word' id='word_1_702' title='bbox 137 4000 228 4057; x_wconf 76' lang='grc' dir='ltr'><strong>τούτοις</strong></span> <span class='ocrx_word' id='word_1_703' title='bbox 239 3998 269 4048; x_wconf 87' lang='grc' dir='ltr'><strong>τά</strong></span> <span class='ocrx_word' id='word_1_704' title='bbox 280 4015 306 4048; x_wconf 93' lang='grc' dir='ltr'><strong>τε</strong></span> <span class='ocrx_word' id='word_1_705' title='bbox 322 3998 384 4047; x_wconf 75' lang='grc' dir='ltr'><strong>κατὰ</strong></span> <span class='ocrx_word' id='word_1_706' title='bbox 396 3992 503 4055; x_wconf 81' lang='grc' dir='ltr'><strong>Σινώπην</strong></span> <span class='ocrx_word' id='word_1_707' title='bbox 516 3999 557 4046; x_wconf 85' lang='grc' dir='ltr'><strong>καὶ</strong></span> <span class='ocrx_word' id='word_1_708' title='bbox 573 3998 751 4061; x_wconf 80' lang='grc' dir='ltr'><strong>Τραπεζοῦντα,</strong></span> <span class='ocrx_word' id='word_1_709' title='bbox 762 3996 840 4053; x_wconf 87' lang='grc' dir='ltr'><strong>πόλεις</strong></span> <span class='ocrx_word' id='word_1_710' title='bbox 854 3994 957 4058; x_wconf 84' lang='grc' dir='ltr'><strong>μεγάλας</strong></span> <span class='ocrx_word' id='word_1_711' title='bbox 968 4013 994 4045; x_wconf 92' lang='grc' dir='ltr'><strong>τε</strong></span> <span class='ocrx_word' id='word_1_712' title='bbox 1006 3998 1046 4045; x_wconf 80' lang='grc' dir='ltr'><strong>καὶ</strong></span> <span class='ocrx_word' id='word_1_713' title='bbox 1062 3995 1200 4057; x_wconf 82' lang='grc' dir='ltr'><strong>εθδαίμονας</strong></span> <span class='ocrx_word' id='word_1_714' title='bbox 1212 3996 1252 4043; x_wconf 85' lang='grc' dir='ltr'><strong>καὶ</strong></span> <span class='ocrx_word' id='word_1_715' title='bbox 1263 3994 1372 4056; x_wconf 80' lang='grc' dir='ltr'><strong>βασίλειαι</strong></span> <span class='ocrx_word' id='word_1_716' title='bbox 1382 3992 1469 4053; x_wconf 83' lang='grc' dir='ltr'><strong>οὔσας,</strong></span> <span class='ocrx_word' id='word_1_717' title='bbox 1480 3993 1521 4040; x_wconf 82' lang='grc' dir='ltr'><strong>καί</strong></span> <span class='ocrx_word' id='word_1_718' title='bbox 1533 3994 1565 4045; x_wconf 81' lang='grc' dir='ltr'><strong>ὡς</strong></span> <span class='ocrx_word' id='word_1_719' title='bbox 1575 3990 1741 4053; x_wconf 81' lang='grc' dir='ltr'><strong>παρεστήσατο</strong></span> 
     </span>
     <span class='ocr_line' id='line_1_77' title="bbox 137 4059 1739 4134; baseline -0.006 -16"><span class='ocrx_word' id='word_1_720' title='bbox 137 4069 222 4125; x_wconf 78' lang='grc' dir='ltr'><strong>ταύτας</strong></span> <span class='ocrx_word' id='word_1_721' title='bbox 234 4069 347 4134; x_wconf 81' lang='grc' dir='ltr'><strong>δμολογέφι</strong></span> <span class='ocrx_word' id='word_1_722' title='bbox 356 4069 396 4117; x_wconf 81' lang='grc' dir='ltr'><strong>καί</strong></span> <span class='ocrx_word' id='word_1_723' title='bbox 408 4072 487 4117; x_wconf 83' lang='grc' dir='ltr'><strong>πᾶσαν</strong></span> <span class='ocrx_word' id='word_1_724' title='bbox 500 4067 542 4125; x_wconf 82' lang='grc' dir='ltr'><strong>τήν</strong></span> <span class='ocrx_word' id='word_1_725' title='bbox 554 4069 598 4123; x_wconf 79' lang='grc' dir='ltr'><strong>ἔξω</strong></span> <span class='ocrx_word' id='word_1_726' title='bbox 607 4069 686 4131; x_wconf 82' lang='grc' dir='ltr'><strong>χώραν</strong></span> <span class='ocrx_word' id='word_1_727' title='bbox 696 4068 773 4117; x_wconf 81' lang='grc' dir='ltr'><strong>αὐτῶν</strong></span> <span class='ocrx_word' id='word_1_728' title='bbox 782 4066 935 4131; x_wconf 72' lang='grc' dir='ltr'><strong>ἐχειρώσατο,</strong></span> <span class='ocrx_word' id='word_1_729' title='bbox 951 4068 1008 4129; x_wconf 84' lang='grc' dir='ltr'><strong>πρὸς</strong></span> <span class='ocrx_word' id='word_1_730' title='bbox 1015 4067 1039 4115; x_wconf 86' lang='grc' dir='ltr'><strong>δὲ</strong></span> <span class='ocrx_word' id='word_1_731' title='bbox 1047 4065 1110 4128; x_wconf 84' lang='grc' dir='ltr'><strong>(πρός</strong></span> <span class='ocrx_word' id='word_1_732' title='bbox 1119 4082 1146 4125; x_wconf 88' lang='grc' dir='ltr'><strong>γε</strong></span> <span class='ocrx_word' id='word_1_733' title='bbox 1152 4077 1226 4128; x_wconf 76' lang='lat' dir='ltr'><strong>supra</strong></span> <span class='ocrx_word' id='word_1_734' title='bbox 1237 4061 1334 4125; x_wconf 75' lang='lat' dir='ltr'><strong>script.)</strong></span> <span class='ocrx_word' id='word_1_735' title='bbox 1345 4061 1472 4123; x_wconf 74' lang='grc' dir='ltr'><strong>οἰκοδομὰς</strong></span> <span class='ocrx_word' id='word_1_736' title='bbox 1482 4062 1507 4110; x_wconf 79' lang='grc' dir='ltr'><strong>έν</strong></span> <span class='ocrx_word' id='word_1_737' title='bbox 1518 4066 1548 4123; x_wconf 68' lang='grc' dir='ltr'><strong>τῇ</strong></span> <span class='ocrx_word' id='word_1_738' title='bbox 1557 4060 1622 4109; x_wconf 88' lang='grc' dir='ltr'><strong>πόλει</strong></span> <span class='ocrx_word' id='word_1_739' title='bbox 1633 4059 1739 4123; x_wconf 84' lang='grc' dir='ltr'><strong>λαμπράς</strong></span> 
     </span>
     <span class='ocr_line' id='line_1_78' title="bbox 138 4130 1739 4201; baseline -0.007 -11"><span class='ocrx_word' id='word_1_740' title='bbox 138 4156 164 4190; x_wconf 89' lang='grc' dir='ltr'><strong>τε</strong></span> <span class='ocrx_word' id='word_1_741' title='bbox 180 4141 220 4188; x_wconf 81' lang='grc' dir='ltr'><strong>καὶ</strong></span> <span class='ocrx_word' id='word_1_742' title='bbox 232 4140 363 4193; x_wconf 86' lang='grc' dir='ltr'><strong>πολυτελεῖς</strong></span> <span class='ocrx_word' id='word_1_743' title='bbox 377 4142 435 4187; x_wconf 89' lang='grc' dir='ltr'><strong>νεῶν</strong></span> <span class='ocrx_word' id='word_1_744' title='bbox 448 4154 474 4187; x_wconf 91' lang='grc' dir='ltr'><strong>τε</strong></span> <span class='ocrx_word' id='word_1_745' title='bbox 485 4140 535 4196; x_wconf 87' lang='grc' dir='ltr'><strong>(καὶ</strong></span> <span class='ocrx_word' id='word_1_746' title='bbox 549 4138 650 4200; x_wconf 85' lang='grc' dir='ltr'><strong>νεωρίων</strong></span> <span class='ocrx_word' id='word_1_747' title='bbox 664 4136 721 4187; x_wconf 79' lang='lat' dir='ltr'><strong>add.</strong></span> <span class='ocrx_word' id='word_1_748' title='bbox 737 4138 802 4201; x_wconf 77' lang='lat' dir='ltr'><strong>lngo)</strong></span> <span class='ocrx_word' id='word_1_749' title='bbox 819 4138 859 4186; x_wconf 86' lang='grc' dir='ltr'><strong>καλ</strong></span> <span class='ocrx_word' id='word_1_750' title='bbox 879 4136 1004 4199; x_wconf 64' lang='grc' dir='ltr'><strong>βαιτλείων</strong></span> <span class='ocrx_word' id='word_1_751' title='bbox 1024 4138 1065 4185; x_wconf 84' lang='grc' dir='ltr'><strong>καί</strong></span> <span class='ocrx_word' id='word_1_752' title='bbox 1083 4137 1175 4199; x_wconf 81' lang='grc' dir='ltr'><strong>ἀγορῶν</strong></span> <span class='ocrx_word' id='word_1_753' title='bbox 1187 4136 1227 4183; x_wconf 80' lang='grc' dir='ltr'><strong>καί</strong></span> <span class='ocrx_word' id='word_1_754' title='bbox 1248 4133 1370 4197; x_wconf 84' lang='grc' dir='ltr'><strong>φρουρίων,</strong></span> <span class='ocrx_word' id='word_1_755' title='bbox 1384 4133 1414 4181; x_wconf 81' lang='grc' dir='ltr'><strong>τά</strong></span> <span class='ocrx_word' id='word_1_756' title='bbox 1425 4148 1450 4179; x_wconf 91' lang='grc' dir='ltr'><strong>τε</strong></span> <span class='ocrx_word' id='word_1_757' title='bbox 1461 4132 1520 4179; x_wconf 84' lang='grc' dir='ltr'><strong>ἀλλα</strong></span> <span class='ocrx_word' id='word_1_758' title='bbox 1533 4136 1580 4179; x_wconf 81' lang='grc' dir='ltr'><strong>τῶν</strong></span> <span class='ocrx_word' id='word_1_759' title='bbox 1596 4130 1670 4193; x_wconf 82' lang='grc' dir='ltr'><strong>ἔργων</strong></span> <span class='ocrx_word' id='word_1_760' title='bbox 1687 4131 1739 4187; x_wconf 62' lang='lat' dir='ltr'><strong>iu:</strong></span> 
     </span>
     <span class='ocr_line' id='line_1_79' title="bbox 141 4200 1741 4271; baseline -0.006 -14"><span class='ocrx_word' id='word_1_761' title='bbox 141 4212 174 4265; x_wconf 78' lang='grc' dir='ltr'><strong>ὡς</strong></span> <span class='ocrx_word' id='word_1_762' title='bbox 190 4208 296 4271; x_wconf 80' lang='grc' dir='ltr'><strong>δπράχθη</strong></span> <span class='ocrx_word' id='word_1_763' title='bbox 314 4206 404 4265; x_wconf 84' lang='grc' dir='ltr'><strong>πάντα,</strong></span> <span class='ocrx_word' id='word_1_764' title='bbox 414 4208 454 4255; x_wconf 83' lang='grc' dir='ltr'><strong>καλ</strong></span> <span class='ocrx_word' id='word_1_765' title='bbox 470 4208 499 4265; x_wconf 84' lang='grc' dir='ltr'><strong>δή</strong></span> <span class='ocrx_word' id='word_1_766' title='bbox 513 4208 553 4255; x_wconf 86' lang='grc' dir='ltr'><strong>καί</strong></span> <span class='ocrx_word' id='word_1_767' title='bbox 567 4207 710 4269; x_wconf 84' lang='grc' dir='ltr'><strong>δημηγορίας</strong></span> <span class='ocrx_word' id='word_1_768' title='bbox 727 4212 774 4255; x_wconf 86' lang='grc' dir='ltr'><strong>τῶν</strong></span> <span class='ocrx_word' id='word_1_769' title='bbox 785 4206 847 4255; x_wconf 87' lang='grc' dir='ltr'><strong>πάνυ</strong></span> <span class='ocrx_word' id='word_1_770' title='bbox 861 4206 962 4255; x_wconf 71' lang='grc' dir='ltr'><strong>σπουδα,</strong></span> <span class='ocrx_word' id='word_1_771' title='bbox 983 4224 997 4241; x_wconf 63' lang='grc' dir='ltr'><strong>ν</strong></span> <span class='ocrx_word' id='word_1_772' title='bbox 1010 4210 1052 4254; x_wconf 87' lang='grc' dir='ltr'><strong>τοῦ</strong></span> <span class='ocrx_word' id='word_1_773' title='bbox 1064 4205 1246 4267; x_wconf 81' lang='grc' dir='ltr'><strong>αὐτοκράτορος,</strong></span> <span class='ocrx_word' id='word_1_774' title='bbox 1261 4203 1346 4266; x_wconf 84' lang='grc' dir='ltr'><strong>χρόνον</strong></span> <span class='ocrx_word' id='word_1_775' title='bbox 1364 4218 1390 4249; x_wconf 88' lang='grc' dir='ltr'><strong>τε</strong></span> <span class='ocrx_word' id='word_1_776' title='bbox 1401 4202 1486 4258; x_wconf 81' lang='grc' dir='ltr'><strong>πλῆθος</strong></span> <span class='ocrx_word' id='word_1_777' title='bbox 1499 4201 1539 4255; x_wconf 77' lang='grc' dir='ltr'><strong>ἔτη</strong></span> <span class='ocrx_word' id='word_1_778' title='bbox 1551 4200 1610 4248; x_wconf 76' lang='grc' dir='ltr'><strong>ἔπτὰ</strong></span> <span class='ocrx_word' id='word_1_779' title='bbox 1623 4200 1680 4261; x_wconf 85' lang='grc' dir='ltr'><strong>πρδς</strong></span> <span class='ocrx_word' id='word_1_780' title='bbox 1692 4204 1741 4254; x_wconf 86' lang='grc' dir='ltr'><strong>τοῖς</strong></span> 
     </span>
     <span class='ocr_line' id='line_1_80' title="bbox 139 4266 1741 4341; baseline -0.007 -12"><span class='ocrx_word' id='word_1_781' title='bbox 139 4280 204 4329; x_wconf 77' lang='grc' dir='ltr'><strong>δέκα.</strong></span> <span class='ocrx_word' id='word_1_782' title='bbox 223 4280 313 4340; x_wconf 84' lang='grc' dir='ltr'><strong>Πέμπω</strong></span> <span class='ocrx_word' id='word_1_783' title='bbox 325 4278 400 4325; x_wconf 90' lang='grc' dir='ltr'><strong>τοίνυν</strong></span> <span class='ocrx_word' id='word_1_784' title='bbox 413 4283 442 4339; x_wconf 77' lang='grc' dir='ltr'><strong>τῇ</strong></span> <span class='ocrx_word' id='word_1_785' title='bbox 453 4278 561 4340; x_wconf 80' lang='grc' dir='ltr'><strong>βασιλικῇ</strong></span> <span class='ocrx_word' id='word_1_786' title='bbox 579 4284 623 4327; x_wconf 82' lang='grc' dir='ltr'><strong>σοῦ</strong></span> <span class='ocrx_word' id='word_1_787' title='bbox 638 4278 765 4339; x_wconf 78' lang='grc' dir='ltr'><strong>ἐπιστασίᾳ</strong></span> <span class='ocrx_word' id='word_1_788' title='bbox 779 4280 819 4326; x_wconf 79' lang='grc' dir='ltr'><strong>καὶ</strong></span> <span class='ocrx_word' id='word_1_789' title='bbox 834 4277 906 4341; x_wconf 78' lang='grc' dir='ltr'><strong>σοφίᾳ</strong></span> <span class='ocrx_word' id='word_1_790' title='bbox 923 4276 1169 4338; x_wconf 82' lang='grc' dir='ltr'><strong>δοκιμασθησόμενον,</strong></span> <span class='ocrx_word' id='word_1_791' title='bbox 1181 4276 1225 4322; x_wconf 73' lang='grc' dir='ltr'><strong>κάν</strong></span> <span class='ocrx_word' id='word_1_792' title='bbox 1240 4275 1282 4335; x_wconf 69' lang='grc' dir='ltr'><strong>μέν</strong></span> <span class='ocrx_word' id='word_1_793' title='bbox 1292 4290 1314 4321; x_wconf 88' lang='grc' dir='ltr'><strong>τι</strong></span> <span class='ocrx_word' id='word_1_794' title='bbox 1328 4276 1440 4333; x_wconf 77' lang='grc' dir='ltr'><strong>γενναῖον</strong></span> <span class='ocrx_word' id='word_1_795' title='bbox 1457 4272 1538 4333; x_wconf 79' lang='grc' dir='ltr'><strong>εθρεθή</strong></span> <span class='ocrx_word' id='word_1_796' title='bbox 1549 4272 1610 4331; x_wconf 72' lang='grc' dir='ltr'><strong>σία,</strong></span> <span class='ocrx_word' id='word_1_797' title='bbox 1625 4272 1653 4319; x_wconf 88' lang='lat' dir='ltr'><strong>ut</strong></span> <span class='ocrx_word' id='word_1_798' title='bbox 1663 4269 1689 4319; x_wconf 85' lang='lat' dir='ltr'><strong>in</strong></span> <span class='ocrx_word' id='word_1_799' title='bbox 1708 4266 1741 4318; x_wconf 82' lang='lat' dir='ltr'><strong>B.</strong></span> 
     </span>
    </p>

    <p class='ocr_par' dir='ltr' id='par_1_8' title="bbox 139 4341 1742 5049">
     <span class='ocr_line' id='line_1_81' title="bbox 173 4341 1740 4413; baseline -0.008 -14"><span class='ocrx_word' id='word_1_800' title='bbox 173 4349 188 4412; x_wconf 94' lang='lat'>§</span> <span class='ocrx_word' id='word_1_801' title='bbox 210 4352 236 4399; x_wconf 76' lang='grc' dir='ltr'><strong>Β.</strong></span> <span class='ocrx_word' id='word_1_802' title='bbox 265 4346 391 4413; x_wconf 84' lang='grc' dir='ltr'><strong>Δράκουλι]</strong></span> <span class='ocrx_word' id='word_1_803' title='bbox 411 4349 463 4397; x_wconf 82' lang='lat' dir='ltr'><strong>Hoc</strong></span> <span class='ocrx_word' id='word_1_804' title='bbox 475 4348 529 4398; x_wconf 87' lang='grc' dir='ltr'><strong>Ιοοο</strong></span> <span class='ocrx_word' id='word_1_805' title='bbox 547 4362 636 4398; x_wconf 75' lang='grc' dir='ltr'><strong>ποιησει</strong></span> <span class='ocrx_word' id='word_1_806' title='bbox 656 4348 838 4408; x_wconf 76' lang='grc' dir='ltr'><strong>ἰοθσσλίπνόὶλος</strong></span> <span class='ocrx_word' id='word_1_807' title='bbox 852 4348 915 4397; x_wconf 73' lang='lat' dir='ltr'>infra</span> <span class='ocrx_word' id='word_1_808' title='bbox 931 4347 974 4397; x_wconf 88' lang='lat' dir='ltr'>lib.</span> <span class='ocrx_word' id='word_1_809' title='bbox 993 4351 1017 4406; x_wconf 81' lang='grc'><strong>4,</strong></span> <span class='ocrx_word' id='word_1_810' title='bbox 1036 4360 1058 4396; x_wconf 88' lang='grc' dir='ltr'><strong>ο.</strong></span> <span class='ocrx_word' id='word_1_811' title='bbox 1081 4352 1118 4403; x_wconf 81' lang='grc'><strong>10,</strong></span> <span class='ocrx_word' id='word_1_812' title='bbox 1133 4350 1143 4394; x_wconf 87' lang='grc'>1</span> <span class='ocrx_word' id='word_1_813' title='bbox 1161 4350 1184 4394; x_wconf 78' lang='grc' dir='ltr'><strong>οε</strong></span> <span class='ocrx_word' id='word_1_814' title='bbox 1195 4350 1211 4393; x_wconf 80' lang='grc'><strong>9</strong></span> <span class='ocrx_word' id='word_1_815' title='bbox 1223 4344 1312 4405; x_wconf 70' lang='lat' dir='ltr'>legitur</span> <span class='ocrx_word' id='word_1_816' title='bbox 1332 4343 1458 4406; x_wconf 81' lang='grc' dir='ltr'><strong>Δράκονλις</strong></span> <span class='ocrx_word' id='word_1_817' title='bbox 1479 4346 1505 4390; x_wconf 79' lang='grc' dir='ltr'><strong>ει</strong></span> <span class='ocrx_word' id='word_1_818' title='bbox 1518 4341 1658 4390; x_wconf 74' lang='lat' dir='ltr'><strong>accusativo</strong></span> <span class='ocrx_word' id='word_1_819' title='bbox 1680 4352 1740 4388; x_wconf 77' lang='lat' dir='ltr'><strong>casu</strong></span> 
     </span>
     <span class='ocr_line' id='line_1_82' title="bbox 142 4408 1742 4485; baseline -0.008 -15"><span class='ocrx_word' id='word_1_820' title='bbox 142 4421 280 4485; x_wconf 82' lang='grc' dir='ltr'><strong>Δράκουλιν.</strong></span> <span class='ocrx_word' id='word_1_821' title='bbox 296 4417 367 4482; x_wconf 73' lang='lat' dir='ltr'>Apud</span> <span class='ocrx_word' id='word_1_822' title='bbox 386 4418 518 4469; x_wconf 63' lang='lat' dir='ltr'><strong>[monicum</strong></span> <span class='ocrx_word' id='word_1_823' title='bbox 538 4419 758 4482; x_wconf 78' lang='lat' dir='ltr'><strong>Chalcocondylam</strong></span> <span class='ocrx_word' id='word_1_824' title='bbox 772 4433 796 4483; x_wconf 86' lang='lat' dir='ltr'><strong>p.</strong></span> <span class='ocrx_word' id='word_1_825' title='bbox 815 4422 859 4469; x_wconf 83' lang='grc'><strong>518</strong></span> <span class='ocrx_word' id='word_1_826' title='bbox 876 4418 915 4469; x_wconf 83' lang='lat' dir='ltr'><strong>ed.</strong></span> <span class='ocrx_word' id='word_1_827' title='bbox 929 4421 1005 4469; x_wconf 75' lang='lat' dir='ltr'>noun.</span> <span class='ocrx_word' id='word_1_828' title='bbox 1017 4416 1106 4481; x_wconf 80' lang='lat' dir='ltr'><strong>legitur</strong></span> <span class='ocrx_word' id='word_1_829' title='bbox 1117 4415 1263 4478; x_wconf 83' lang='grc' dir='ltr'><strong>Δρακούλης,</strong></span> <span class='ocrx_word' id='word_1_830' title='bbox 1276 4412 1341 4477; x_wconf 76' lang='lat' dir='ltr'><strong>apud</strong></span> <span class='ocrx_word' id='word_1_831' title='bbox 1353 4415 1449 4461; x_wconf 75' lang='lat' dir='ltr'><strong>Ducam</strong></span> <span class='ocrx_word' id='word_1_832' title='bbox 1466 4426 1491 4475; x_wconf 86' lang='grc' dir='ltr'><strong>ρ.</strong></span> <span class='ocrx_word' id='word_1_833' title='bbox 1510 4416 1555 4460; x_wconf 83' lang='lat'><strong>202</strong></span> <span class='ocrx_word' id='word_1_834' title='bbox 1565 4424 1619 4475; x_wconf 71' lang='lat' dir='ltr'>sqq.</span> <span class='ocrx_word' id='word_1_835' title='bbox 1639 4408 1742 4472; x_wconf 81' lang='grc' dir='ltr'><strong>Δραγοό·</strong></span> 
     </span>
     <span class='ocr_line' id='line_1_83' title="bbox 140 4482 1740 4553; baseline -0.008 -13"><span class='ocrx_word' id='word_1_836' title='bbox 140 4492 200 4548; x_wconf 84' lang='grc' dir='ltr'><strong>λιος.</strong></span> <span class='ocrx_word' id='word_1_837' title='bbox 207 4489 290 4553; x_wconf 74' lang='grc' dir='ltr'><strong>οΑρυά</strong></span> <span class='ocrx_word' id='word_1_838' title='bbox 307 4488 368 4539; x_wconf 75' lang='lat' dir='ltr'><strong>alios</strong></span> <span class='ocrx_word' id='word_1_839' title='bbox 382 4488 422 4538; x_wconf 83' lang='lat' dir='ltr'><strong>hic</strong></span> <span class='ocrx_word' id='word_1_840' title='bbox 434 4490 539 4541; x_wconf 78' lang='lat' dir='ltr'>Joannes</span> <span class='ocrx_word' id='word_1_841' title='bbox 554 4491 705 4542; x_wconf 82' lang='lat' dir='ltr'><strong>wladislaus</strong></span> <span class='ocrx_word' id='word_1_842' title='bbox 716 4492 761 4550; x_wconf 85' lang='lat' dir='ltr'><strong>lv,</strong></span> <span class='ocrx_word' id='word_1_843' title='bbox 773 4490 907 4540; x_wconf 77' lang='lat' dir='ltr'>Walachiae</span> <span class='ocrx_word' id='word_1_844' title='bbox 918 4490 1039 4540; x_wconf 82' lang='lat' dir='ltr'>woiwoda</span> <span class='ocrx_word' id='word_1_845' title='bbox 1052 4486 1235 4552; x_wconf 74' lang='lat' dir='ltr'><strong>wgnominatur</strong></span> <span class='ocrx_word' id='word_1_846' title='bbox 1250 4484 1369 4535; x_wconf 77' lang='lat' dir='ltr'><strong><em>Dracula</em></strong></span> <span class='ocrx_word' id='word_1_847' title='bbox 1381 4483 1422 4532; x_wconf 82' lang='grc' dir='ltr'><strong>τοΙ</strong></span> <span class='ocrx_word' id='word_1_848' title='bbox 1437 4482 1560 4531; x_wconf 77' lang='grc' dir='ltr'><strong>ὒνασοὶο.</strong></span> <span class='ocrx_word' id='word_1_849' title='bbox 1579 4483 1608 4529; x_wconf 87' lang='lat' dir='ltr'><strong>ln</strong></span> <span class='ocrx_word' id='word_1_850' title='bbox 1621 4494 1693 4529; x_wconf 81' lang='lat' dir='ltr'><strong>muro</strong></span> <span class='ocrx_word' id='word_1_851' title='bbox 1703 4492 1740 4529; x_wconf 79' lang='lat' dir='ltr'><strong>ec·</strong></span> 
     </span>
     <span class='ocr_line' id='line_1_84' title="bbox 141 4546 1742 4623; baseline -0.009 -12"><span class='ocrx_word' id='word_1_852' title='bbox 141 4561 223 4611; x_wconf 72' lang='lat' dir='ltr'>elesioe</span> <span class='ocrx_word' id='word_1_853' title='bbox 237 4558 434 4609; x_wconf 72' lang='lat' dir='ltr'><strong>xronstadtianae</strong></span> <span class='ocrx_word' id='word_1_854' title='bbox 448 4559 558 4623; x_wconf 72' lang='lat' dir='ltr'><strong>legitur:</strong></span> <span class='ocrx_word' id='word_1_855' title='bbox 581 4574 625 4611; x_wconf 82' lang='lat' dir='ltr'><strong>an.</strong></span> <span class='ocrx_word' id='word_1_856' title='bbox 644 4567 702 4611; x_wconf 66' lang='lat'><strong>1462</strong></span> <span class='ocrx_word' id='word_1_857' title='bbox 718 4559 833 4611; x_wconf 72' lang='grc' dir='ltr'><strong>Μαιλίου</strong></span> <span class='ocrx_word' id='word_1_858' title='bbox 853 4574 902 4611; x_wconf 80' lang='grc' dir='ltr'><strong>νεα</strong></span> <span class='ocrx_word' id='word_1_859' title='bbox 915 4560 1059 4611; x_wconf 72' lang='lat' dir='ltr'><em>meolam</em></span> <span class='ocrx_word' id='word_1_860' title='bbox 1081 4556 1241 4621; x_wconf 78' lang='grc' dir='ltr'><strong>ευομιεοάονι</strong></span> <span class='ocrx_word' id='word_1_861' title='bbox 1263 4556 1337 4619; x_wconf 76' lang='lat' dir='ltr'><strong><em>cepit.</em></strong></span> <span class='ocrx_word' id='word_1_862' title='bbox 1358 4553 1415 4604; x_wconf 72' lang='lat' dir='ltr'>vid.</span> <span class='ocrx_word' id='word_1_863' title='bbox 1435 4551 1566 4601; x_wconf 74' lang='lat' dir='ltr'>Zinkeisen</span> <span class='ocrx_word' id='word_1_864' title='bbox 1589 4548 1677 4600; x_wconf 72' lang='grc' dir='ltr'><strong>σεεελ,</strong></span> <span class='ocrx_word' id='word_1_865' title='bbox 1696 4546 1742 4598; x_wconf 74' lang='lat' dir='ltr'><strong>des</strong></span> 
     </span>
     <span class='ocr_line' id='line_1_85' title="bbox 141 4619 1741 4697; baseline -0.009 -14"><span class='ocrx_word' id='word_1_866' title='bbox 141 4645 243 4684; x_wconf 82' lang='grc' dir='ltr'><strong>οννιιαιι.</strong></span> <span class='ocrx_word' id='word_1_867' title='bbox 259 4628 374 4690; x_wconf 71' lang='grc' dir='ltr'><strong>λαλείτω,</strong></span> <span class='ocrx_word' id='word_1_868' title='bbox 390 4631 439 4681; x_wconf 74' lang='lat' dir='ltr'><strong>vol.</strong></span> <span class='ocrx_word' id='word_1_869' title='bbox 455 4633 524 4695; x_wconf 84' lang='lat' dir='ltr'>11‚p.</span> <span class='ocrx_word' id='word_1_870' title='bbox 540 4636 583 4682; x_wconf 75' lang='lat'><strong>17⁶</strong></span> <span class='ocrx_word' id='word_1_871' title='bbox 593 4636 645 4683; x_wconf 88' lang='lat' dir='ltr'><strong>not.</strong></span> <span class='ocrx_word' id='word_1_872' title='bbox 661 4634 672 4696; x_wconf 83' lang='grc'><strong>11</strong></span> <span class='ocrx_word' id='word_1_873' title='bbox 687 4660 717 4669; x_wconf 91' lang='grc'>-</span> <span class='ocrx_word' id='word_1_874' title='bbox 728 4635 760 4689; x_wconf 82' lang='grc' dir='ltr'><strong>εις</strong></span> <span class='ocrx_word' id='word_1_875' title='bbox 773 4634 814 4691; x_wconf 79' lang='grc' dir='ltr'><strong>τὴν</strong></span> <span class='ocrx_word' id='word_1_876' title='bbox 827 4632 913 4697; x_wconf 76' lang='grc' dir='ltr'><strong>αὐτῶν]</strong></span> <span class='ocrx_word' id='word_1_877' title='bbox 922 4639 965 4694; x_wconf 83' lang='grc' dir='ltr'><strong>γῆν</strong></span> <span class='ocrx_word' id='word_1_878' title='bbox 973 4633 1030 4695; x_wconf 77' lang='lat' dir='ltr'><strong>post</strong></span> <span class='ocrx_word' id='word_1_879' title='bbox 1041 4633 1082 4689; x_wconf 76' lang='grc' dir='ltr'><strong>τήν</strong></span> <span class='ocrx_word' id='word_1_880' title='bbox 1098 4627 1201 4679; x_wconf 75' lang='lat' dir='ltr'><strong>inseruit</strong></span> <span class='ocrx_word' id='word_1_881' title='bbox 1208 4627 1370 4681; x_wconf 73' lang='lat' dir='ltr'><strong>Tischendorf</strong></span> <span class='ocrx_word' id='word_1_882' title='bbox 1376 4627 1468 4688; x_wconf 68' lang='lat' dir='ltr'><strong>prater</strong></span> <span class='ocrx_word' id='word_1_883' title='bbox 1482 4621 1665 4672; x_wconf 60' lang='lat' dir='ltr'>necessitatem.</span> <span class='ocrx_word' id='word_1_884' title='bbox 1686 4619 1741 4682; x_wconf 75' lang='grc' dir='ltr'><strong>η-</strong></span> 
     </span>
     <span class='ocr_line' id='line_1_86' title="bbox 140 4689 1740 4766; baseline -0.01 -13"><span class='ocrx_word' id='word_1_885' title='bbox 140 4696 259 4765; x_wconf 55' lang='lat' dir='ltr'><strong>maog]</strong></span> <span class='ocrx_word' id='word_1_886' title='bbox 272 4701 370 4766; x_wconf 81' lang='grc' dir='ltr'><strong>ὀράδος</strong></span> <span class='ocrx_word' id='word_1_887' title='bbox 383 4699 426 4750; x_wconf 79' lang='lat' dir='ltr'><strong>ed.</strong></span> <span class='ocrx_word' id='word_1_888' title='bbox 441 4700 584 4761; x_wconf 78' lang='lat' dir='ltr'><strong>Tischend.;</strong></span> <span class='ocrx_word' id='word_1_889' title='bbox 604 4705 630 4752; x_wconf 78' lang='lat' dir='ltr'><strong>at</strong></span> <span class='ocrx_word' id='word_1_890' title='bbox 640 4702 682 4753; x_wconf 88' lang='lat' dir='ltr'>lib.</span> <span class='ocrx_word' id='word_1_891' title='bbox 700 4705 725 4761; x_wconf 77' lang='grc'><strong>4,</strong></span> <span class='ocrx_word' id='word_1_892' title='bbox 741 4716 763 4752; x_wconf 87' lang='grc' dir='ltr'><strong>ο.</strong></span> <span class='ocrx_word' id='word_1_893' title='bbox 780 4708 816 4762; x_wconf 83' lang='lat'><strong>10,</strong></span> <span class='ocrx_word' id='word_1_894' title='bbox 829 4705 842 4751; x_wconf 84' lang='lat'><strong>7</strong></span> <span class='ocrx_word' id='word_1_895' title='bbox 854 4706 880 4753; x_wconf 79' lang='grc' dir='ltr'><strong>σι</strong></span> <span class='ocrx_word' id='word_1_896' title='bbox 895 4708 923 4751; x_wconf 87' lang='lat'><strong>10</strong></span> <span class='ocrx_word' id='word_1_897' title='bbox 937 4704 1013 4752; x_wconf 72' lang='lat' dir='ltr'><strong>frater</strong></span> <span class='ocrx_word' id='word_1_898' title='bbox 1034 4697 1146 4749; x_wconf 79' lang='lat' dir='ltr'>Dmeulis</span> <span class='ocrx_word' id='word_1_899' title='bbox 1157 4696 1240 4753; x_wconf 73' lang='grc' dir='ltr'><strong>Ῥόδος</strong></span> <span class='ocrx_word' id='word_1_900' title='bbox 1258 4705 1374 4755; x_wconf 84' lang='grc' dir='ltr'><strong>νοεεευτς</strong></span> <span class='ocrx_word' id='word_1_901' title='bbox 1388 4693 1443 4743; x_wconf 73' lang='lat' dir='ltr'><strong>aliis</strong></span> <span class='ocrx_word' id='word_1_902' title='bbox 1460 4695 1499 4743; x_wconf 69' lang='grc' dir='ltr'><strong>σοι</strong></span> <span class='ocrx_word' id='word_1_903' title='bbox 1517 4690 1612 4741; x_wconf 69' lang='grc' dir='ltr'><strong>λσάυλ</strong></span> <span class='ocrx_word' id='word_1_904' title='bbox 1625 4689 1637 4753; x_wconf 72' lang='grc' dir='ltr'><strong>β</strong></span> <span class='ocrx_word' id='word_1_905' title='bbox 1651 4715 1677 4725; x_wconf 94' lang='grc'>-</span> <span class='ocrx_word' id='word_1_906' title='bbox 1697 4694 1740 4738; x_wconf 81' lang='grc' dir='ltr'><strong>τοῦ</strong></span> 
     </span>
     <span class='ocr_line' id='line_1_87' title="bbox 140 4759 1740 4845; baseline -0.012 -20"><span class='ocrx_word' id='word_1_907' title='bbox 140 4772 249 4837; x_wconf 75' lang='grc' dir='ltr'><strong>ἀδελφοῦ]</strong></span> <span class='ocrx_word' id='word_1_908' title='bbox 261 4771 355 4821; x_wconf 80' lang='grc' dir='ltr'><strong>Ηιεοίιν</strong></span> <span class='ocrx_word' id='word_1_909' title='bbox 365 4769 474 4831; x_wconf 82' lang='lat' dir='ltr'><strong>margine</strong></span> <span class='ocrx_word' id='word_1_910' title='bbox 487 4770 619 4822; x_wconf 84' lang='lat' dir='ltr'><strong>adduntur.</strong></span> <span class='ocrx_word' id='word_1_911' title='bbox 628 4772 639 4835; x_wconf 84' lang='grc' dir='ltr'><strong>Ι]</strong></span> <span class='ocrx_word' id='word_1_912' title='bbox 648 4772 703 4835; x_wconf 89' lang='lat'><strong>-§</strong></span> <span class='ocrx_word' id='word_1_913' title='bbox 714 4776 774 4831; x_wconf 61' lang='grc' dir='ltr'><strong>1οη]</strong></span> <span class='ocrx_word' id='word_1_914' title='bbox 787 4772 885 4836; x_wconf 77' lang='grc' dir='ltr'><strong>τούτων]</strong></span> <span class='ocrx_word' id='word_1_915' title='bbox 900 4774 978 4837; x_wconf 57' lang='lat' dir='ltr'><strong>affl)</strong></span> <span class='ocrx_word' id='word_1_916' title='bbox 999 4771 1087 4820; x_wconf 72' lang='grc' dir='ltr'><strong>τούτων</strong></span> <span class='ocrx_word' id='word_1_917' title='bbox 1098 4766 1238 4827; x_wconf 70' lang='grc' dir='ltr'><strong>Τίεολιουᾱ,</strong></span> <span class='ocrx_word' id='word_1_918' title='bbox 1252 4780 1303 4829; x_wconf 85' lang='lat' dir='ltr'><strong>quo</strong></span> <span class='ocrx_word' id='word_1_919' title='bbox 1315 4778 1364 4813; x_wconf 86' lang='grc' dir='ltr'><strong>οοα</strong></span> <span class='ocrx_word' id='word_1_920' title='bbox 1380 4776 1442 4827; x_wconf 84' lang='lat' dir='ltr'><strong>opus</strong></span> <span class='ocrx_word' id='word_1_921' title='bbox 1453 4765 1515 4812; x_wconf 79' lang='lat' dir='ltr'><strong>emt.</strong></span> <span class='ocrx_word' id='word_1_922' title='bbox 1532 4760 1543 4824; x_wconf 85' lang='grc' dir='ltr'><strong>ΙΙ</strong></span> <span class='ocrx_word' id='word_1_923' title='bbox 1558 4786 1591 4797; x_wconf 92' lang='grc'>-</span> <span class='ocrx_word' id='word_1_924' title='bbox 1604 4762 1641 4809; x_wconf 78' lang='lat'><strong>14.</strong></span> <span class='ocrx_word' id='word_1_925' title='bbox 1654 4759 1740 4845; x_wconf 71' lang='grc' dir='ltr'><strong>χρόνον</strong></span> 
     </span>
     <span class='ocr_line' id='line_1_88' title="bbox 140 4828 1740 4911; baseline -0.019 -4"><span class='ocrx_word' id='word_1_926' title='bbox 140 4843 177 4907; x_wconf 67' lang='grc' dir='ltr'><strong>δὲί</strong></span> <span class='ocrx_word' id='word_1_927' title='bbox 189 4860 227 4907; x_wconf 74' lang='grc' dir='ltr'><strong>λθ·</strong></span> <span class='ocrx_word' id='word_1_928' title='bbox 242 4858 266 4892; x_wconf 69' lang='lat'><strong>²⁸</strong></span> <span class='ocrx_word' id='word_1_929' title='bbox 277 4842 336 4890; x_wconf 68' lang='grc' dir='ltr'><strong>ΑΒ·</strong></span> <span class='ocrx_word' id='word_1_930' title='bbox 349 4840 359 4901; x_wconf 82' lang='grc' dir='ltr'><strong>ίί</strong></span> <span class='ocrx_word' id='word_1_931' title='bbox 372 4870 400 4882; x_wconf 91' lang='grc'><strong>·-</strong></span> <span class='ocrx_word' id='word_1_932' title='bbox 415 4834 429 4901; x_wconf 73' lang='grc' dir='ltr'><strong>θ</strong></span> <span class='ocrx_word' id='word_1_933' title='bbox 447 4843 483 4889; x_wconf 77' lang='lat'><strong>¹⁵·</strong></span> <span class='ocrx_word' id='word_1_934' title='bbox 497 4840 694 4905; x_wconf 63' lang='grc' dir='ltr'><strong>ῑυΥΥβῑθᾶμῑνοε]</strong></span> <span class='ocrx_word' id='word_1_935' title='bbox 707 4844 841 4904; x_wconf 76' lang='grc' dir='ltr'><strong>ξυναγαγών</strong></span> <span class='ocrx_word' id='word_1_936' title='bbox 864 4843 888 4892; x_wconf 82' lang='lat' dir='ltr'><strong>in</strong></span> <span class='ocrx_word' id='word_1_937' title='bbox 909 4840 1027 4903; x_wconf 73' lang='lat' dir='ltr'>margine.</span> <span class='ocrx_word' id='word_1_938' title='bbox 1041 4839 1056 4904; x_wconf 91' lang='lat'><em>§</em></span> <span class='ocrx_word' id='word_1_939' title='bbox 1074 4845 1110 4890; x_wconf 79' lang='grc'><strong>16.</strong></span> <span class='ocrx_word' id='word_1_940' title='bbox 1125 4838 1180 4901; x_wconf 80' lang='grc' dir='ltr'><strong>παρ’</strong></span> <span class='ocrx_word' id='word_1_941' title='bbox 1191 4834 1262 4900; x_wconf 69' lang='grc' dir='ltr'><strong>αὐτῇ]</strong></span> <span class='ocrx_word' id='word_1_942' title='bbox 1276 4835 1330 4897; x_wconf 84' lang='grc' dir='ltr'><strong>παρ’</strong></span> <span class='ocrx_word' id='word_1_943' title='bbox 1344 4835 1407 4896; x_wconf 78' lang='grc' dir='ltr'><strong>αὐτῷ</strong></span> <span class='ocrx_word' id='word_1_944' title='bbox 1420 4836 1472 4883; x_wconf 76' lang='grc' dir='ltr'><strong>ΑΒ.</strong></span> <span class='ocrx_word' id='word_1_945' title='bbox 1496 4831 1506 4894; x_wconf 86' lang='grc' dir='ltr'><strong>Ι]</strong></span> <span class='ocrx_word' id='word_1_946' title='bbox 1523 4857 1555 4866; x_wconf 99' lang='grc'><strong>-</strong></span> <span class='ocrx_word' id='word_1_947' title='bbox 1565 4828 1689 4911; x_wconf 68' lang='grc' dir='ltr'><strong>κυρωθειη]</strong></span> <span class='ocrx_word' id='word_1_948' title='bbox 1700 4830 1740 4877; x_wconf 72' lang='grc' dir='ltr'><strong>διο</strong></span> 
     </span>
     <span class='ocr_line' id='line_1_89' title="bbox 139 4901 1731 4980; baseline -0.013 -15"><span class='ocrx_word' id='word_1_949' title='bbox 139 4914 230 4980; x_wconf 77' lang='grc' dir='ltr'><strong>μετείω</strong></span> <span class='ocrx_word' id='word_1_950' title='bbox 246 4911 370 4978; x_wconf 71' lang='lat' dir='ltr'><strong>optativus</strong></span> <span class='ocrx_word' id='word_1_951' title='bbox 383 4910 537 4972; x_wconf 70' lang='grc' dir='ltr'><strong>συνεμετρεῖτο</strong></span> <span class='ocrx_word' id='word_1_952' title='bbox 555 4910 620 4975; x_wconf 79' lang='lat' dir='ltr'><strong>apud</strong></span> <span class='ocrx_word' id='word_1_953' title='bbox 636 4914 752 4961; x_wconf 76' lang='lat' dir='ltr'><strong>Nostrum</strong></span> <span class='ocrx_word' id='word_1_954' title='bbox 760 4912 878 4976; x_wconf 76' lang='lat' dir='ltr'>jungitur.</span> <span class='ocrx_word' id='word_1_955' title='bbox 894 4913 905 4977; x_wconf 84' lang='grc' dir='ltr'><strong>ΙΙ</strong></span> <span class='ocrx_word' id='word_1_956' title='bbox 918 4913 976 4962; x_wconf 82' lang='grc' dir='ltr'><strong>-ἃ</strong></span> <span class='ocrx_word' id='word_1_957' title='bbox 993 4912 1031 4969; x_wconf 80' lang='grc' dir='ltr'><strong>ξὺν</strong></span> <span class='ocrx_word' id='word_1_958' title='bbox 1047 4912 1093 4973; x_wconf 75' lang='grc' dir='ltr'><strong>θεῷ</strong></span> <span class='ocrx_word' id='word_1_959' title='bbox 1104 4927 1143 4960; x_wconf 85' lang='grc' dir='ltr'><strong>σοι</strong></span> <span class='ocrx_word' id='word_1_960' title='bbox 1155 4905 1306 4972; x_wconf 75' lang='grc' dir='ltr'><strong>πεπράξεται]</strong></span> <span class='ocrx_word' id='word_1_961' title='bbox 1318 4906 1377 4954; x_wconf 78' lang='grc' dir='ltr'><strong>Ηισσ</strong></span> <span class='ocrx_word' id='word_1_962' title='bbox 1391 4901 1600 4960; x_wconf 66' lang='grc' dir='ltr'><strong>αυτηορσηιπ</strong></span> <span class='ocrx_word' id='word_1_963' title='bbox 1614 4912 1664 4962; x_wconf 88' lang='lat' dir='ltr'><strong>quo</strong></span> <span class='ocrx_word' id='word_1_964' title='bbox 1674 4902 1731 4962; x_wconf 83' lang='lat' dir='ltr'><strong>post</strong></span> 
     </span>
     <span class='ocr_line' id='line_1_90' title="bbox 139 4969 1738 5049; baseline -0.011 -12"><span class='ocrx_word' id='word_1_965' title='bbox 139 4986 215 5037; x_wconf 77' lang='grc' dir='ltr'><strong>νονλνο</strong></span> <span class='ocrx_word' id='word_1_966' title='bbox 227 4984 391 5049; x_wconf 67' lang='grc' dir='ltr'><strong>ἀγνοουμένων</strong></span> <span class='ocrx_word' id='word_1_967' title='bbox 402 4983 458 5043; x_wconf 82' lang='grc' dir='ltr'><strong>ἡμῖν</strong></span> <span class='ocrx_word' id='word_1_968' title='bbox 470 4978 560 5045; x_wconf 73' lang='lat' dir='ltr'>legitur</span> <span class='ocrx_word' id='word_1_969' title='bbox 572 5003 578 5033; x_wconf 73' lang='grc' dir='ltr'><strong>τ</strong></span> <span class='ocrx_word' id='word_1_970' title='bbox 589 4981 618 5032; x_wconf 83' lang='grc' dir='ltr'><strong>δι’</strong></span> <span class='ocrx_word' id='word_1_971' title='bbox 626 4984 641 5031; x_wconf 84' lang='grc' dir='ltr'><strong>ἃ</strong></span> <span class='ocrx_word' id='word_1_972' title='bbox 648 4984 675 5041; x_wconf 82' lang='grc' dir='ltr'><strong>δὴ</strong></span> <span class='ocrx_word' id='word_1_973' title='bbox 686 4984 725 5031; x_wconf 81' lang='grc' dir='ltr'><strong>καί</strong></span> <span class='ocrx_word' id='word_1_974' title='bbox 737 4984 760 5039; x_wconf 80' lang='grc' dir='ltr'><strong>ίς</strong></span> <span class='ocrx_word' id='word_1_975' title='bbox 775 4984 841 5047; x_wconf 74' lang='grc' dir='ltr'><strong>δεῦρο</strong></span> <span class='ocrx_word' id='word_1_976' title='bbox 852 4986 893 5043; x_wconf 80' lang='grc' dir='ltr'><strong>τήν</strong></span> <span class='ocrx_word' id='word_1_977' title='bbox 903 4984 958 5043; x_wconf 83' lang='grc' dir='ltr'><strong>ὃλην</strong></span> <span class='ocrx_word' id='word_1_978' title='bbox 968 4983 1096 5048; x_wconf 77' lang='grc' dir='ltr'><strong>ξυγγραφήν</strong></span> <span class='ocrx_word' id='word_1_979' title='bbox 1111 4980 1281 5044; x_wconf 72' lang='grc' dir='ltr'><strong>ἀνηρτήσαμιν.</strong></span> <span class='ocrx_word' id='word_1_980' title='bbox 1293 4978 1308 5039; x_wconf 87' lang='grc' dir='ltr'><strong>ΙΙ</strong></span> <span class='ocrx_word' id='word_1_981' title='bbox 1318 4973 1368 5038; x_wconf 88' lang='lat'><strong>-§</strong></span> <span class='ocrx_word' id='word_1_982' title='bbox 1385 4976 1420 5023; x_wconf 87' lang='lat'><strong>17.</strong></span> <span class='ocrx_word' id='word_1_983' title='bbox 1435 4969 1549 5035; x_wconf 80' lang='grc' dir='ltr'><strong>βελτίοσι]</strong></span> <span class='ocrx_word' id='word_1_984' title='bbox 1560 4971 1670 5034; x_wconf 86' lang='grc' dir='ltr'><strong>βιλτίωσι</strong></span> <span class='ocrx_word' id='word_1_985' title='bbox 1683 4973 1738 5019; x_wconf 76' lang='lat' dir='ltr'><strong>AB·</strong></span> 
     </span>
    </p>
   </div>
   <div class='ocr_carea' id='block_1_7' title="bbox 0 0 1912 5859">
    <p class='ocr_par' dir='ltr' id='par_1_9' title="bbox 0 0 1912 5859">
     <span class='ocr_line' id='line_1_91' title="bbox 0 0 1912 5859; baseline 0 0"><span class='ocrx_word' id='word_1_986' title='bbox 0 0 1912 5859; x_wconf 95' lang='lat' dir='ltr'><strong> </strong></span> 
     </span>
    </p>
   </div>
  </div>
 </body>
</html>
