3809 5859
432 328 682 393 nncnnnmms
703 330 904 395 mmmm.
926 334 1004 395 mm
1032 332 1214 414 (ιιοοιιιι
1231 337 1267 398 ι.
1289 338 1348 417 ιι.
1640 348 1696 407 ιιι

73 468 271 549 ἐπάρχοντος,
289 461 472 544 ξυγχαίροντές
481 486 511 521 τε
525 465 578 522 τῶν
591 463 805 543 κατωρθωμένων
818 465 865 525 καί
920 464 1043 534 τόόουλος
1054 466 1081 527 δέ
1092 472 1168 547 τοῦτο
1182 469 1273 545 μαθὼν
1285 472 1380 552 ἀνέσχε
1388 495 1415 531 τε
1427 480 1532 540 τούτους
1545 476 1593 545 τῆς
1603 480 1695 558 ὁρμῆς,

75 556 147 636 ἅμα
172 558 340 619 ἐπαινοῦντες
356 552 436 611 αὐτὸν
454 554 502 624 τῆς
515 576 544 613 ³⁸
563 551 682 631 ἀνδρείας
705 552 752 611 καὶ
769 554 865 633 ἅθ’ἰῆί
919 564 1049 635 xiim*
1063 556 1151 617 ἰλπίσῑ
1173 557 1313 638 δουθίσας,
1336 559 1381 618 καί
1401 559 1487 641 ἀνδρα
1509 563 1601 623 πιστὸν
1622 566 1694 646 αὐτῷ

73 643 130 706 καί
145 646 195 715 τῆς
207 640 274 723 incip
283 647 331 701 τοῦ
343 639 432 721 γένους
444 640 573 712 σπουδῆς·
584 639 629 699 καί
640 638 747 720 δέχεται
758 640 864 709 τούτους
919 644 1020 719 πέμπει
1039 644 1125 727 κρύφα
1140 646 1267 726 Χαμούζρ
1281 652 1319 729 τῷ
1333 648 1456 727 σατράπῃ
1474 652 1692 723 mmmm

75 730 226 809 ἀί’ίδένωέν
241 732 287 789 καὶ
299 739 367 807 “iii
382 728 475 807 δώθθῑί
491 728 580 795 ἄλλως
593 750 623 788 tt
641 730 748 797 πολλοῖς
761 730 864 809 pilot(-
919 730 965 791 καὶ
978 733 1087 811 ήγεμόνι
1100 738 1148 791 τοῦ
1161 733 1257 795 στόλου
1271 735 1382 809 παντὸς,
1400 736 1446 795 καὶ
1461 737 1518 813 μετ’
1535 740 1615 799 αὐτοῦ
1631 740 1691 810 ξον·

75 842 145 897 μοις
157 818 203 879 καλ
217 817 368 889 δήκαίτοῖς
380 815 433 877 ἀπδ
442 819 494 876 τῶν
505 816 640 897 λαφόρων,
655 817 701 875 καὶ
712 816 865 895 ἀποπέμποι
918 820 1000 891 θήκας
1014 824 1127 880 ποιεῖται
1149 820 1186 898 μή
1206 823 1408 883 δπιπλεόσεσθαι
1423 834 1479 891 ταῖς
1496 826 1600 899 vim,
1626 830 1694 905 μηδέ

73 909 225 987 λαμπρῶς.
267 906 302 985 (ε)
323 904 445 965 Μετάδδ
466 910 543 964 τοῦτο
561 909 613 964 τῶν
634 905 746 981 εὐγενῶν
761 906 863 965 παίδων
916 908 999 967 κακόν
1013 931 1039 966 τι
1055 907 1138 984 μηδὲν
1151 909 1258 977 ταόταις
1272 910 1369 982 όλωςῆ
1388 913 1558 990 βουλεῦσαιῆ
1578 915 1691 993 πρᾶξαι,

76 993 129 1063 οῦς
143 993 241 1053 έλαόεν
255 990 405 1073 ἀριστίνδην
429 991 627 1069 ἰπιλεξάμενος,
651 992 861 1066 ἀποκαθίστησιν

75 1084 132 1153 οῦς
140 1083 191 1162 μέν
212 1082 441 1164 σωματοφύλακας
459 1082 505 1142 καί
522 1080 583 1161 περί
595 1082 688 1157 αὑτὸν,
707 1080 750 1148 οῦς
762 1080 790 1143 δέ
811 1081 858 1141 καί

74 1176 144 1253 περὶ
159 1172 209 1244 τὴν
222 1172 307 1244 ἀλλην
320 1169 461 1252 θεραπείαν
481 1172 579 1243 αὐτοῦ,
600 1175 648 1241 τῆς
667 1193 696 1228 τε
710 1170 860 1251 φρονήσεως

74 1263 127 1320 καὶ
140 1263 188 1332 τῆς
200 1258 283 1330 άλλης
297 1260 391 1338 ἀρετῆς
406 1257 453 1316 καί
463 1256 584 1323 παιδείας
594 1256 734 1334 θαυμάσας
749 1258 855 1325 αὐτούς·

76 1349 130 1407 καὶ
140 1347 194 1429 γάρ
205 1339 274 1421 ἦσαν
284 1345 343 1425 ῶρορ
351 1368 380 1403 τε
392 1344 513 1423 σώματος
520 1342 711 1422 διαλάμποντος
719 1343 766 1405 καί
774 1346 862 1425 ψυχῆς

76 1435 200 1515 εὖγενείορ
210 1434 255 1493 καὶ
267 1432 375 1515 εῦφυίορ,
396 1437 429 1512 τῇ
444 1456 473 1491 τε
485 1436 538 1491 τῶν
550 1432 654 1513 τρόπων
669 1433 715 1491 καί
729 1437 775 1492 τοῦ
785 1431 862 1504 ήθους

77 1522 249 1583 καταστάσει
279 1522 349 1581 πολὺ
383 1520 561 1601 διαφέροντες,
584 1518 631 1578 ότι
666 1518 754 1599 γένους
784 1519 856 1585 όντες

79 1612 216 1689 ἐπισήμου
231 1632 260 1670 τε
275 1609 322 1676 καὶ
336 1612 462 1687 λαμπροῦ
475 1608 522 1667 καί
536 1607 637 1689 φόσεως
658 1606 781 1686 τυχόντες
797 1607 856 1687 ἀρί-

79 1720 148 1770 στης
170 1699 216 1761 καὶ
240 1707 267 1757 ἐν
290 1704 343 1763 τοῖς
364 1695 505 1774 βασιλείοις
531 1696 735 1769 πεπαιδευμένοι
754 1696 855 1761 καλῶς.

77 1784 202 1861 Ὁμοίως
218 1785 246 1844 δέ
267 1784 312 1843 καὶ
326 1782 374 1854 τὴν
387 1786 440 1842 τῶν
456 1781 598 1863 παρθένων
619 1783 683 1843 αἰδῶ
701 1783 747 1841 καί
762 1784 861 1859 κόσμον

77 1876 127 1935 καί
141 1874 238 1940 κάλλος
251 1877 397 1949 έθαόμασε,
408 1871 454 1929 καὶ
465 1870 514 1943 τήν
524 1873 551 1929 ἰν
564 1878 619 1939 τοῖς
632 1872 722 1938 καλοῖς
735 1879 802 1930 πάσι
814 1876 860 1929 τοῦ

76 1963 169 2042 γένους
184 1961 325 2041 ὑπεροχήν.

123 2050 238 2111 LXXV.
254 2048 302 2110 Ἐν
315 2046 343 2107 δὲ
357 2057 415 2115 ταῖς
424 2048 516 2113 αὐταῖς
530 2045 642 2128 ἡμέραις
655 2051 804 2127 ἀφικνρῑται
812 2048 858 2108 καί

79 2138 158 2217 παρά
173 2143 225 2200 τῶν
250 2137 337 2208 νήσων
358 2132 486 2215 πρεσόεία
508 2132 559 2215 τῷῗ
566 2137 687 2214 βασιλεῖ,
701 2135 735 2206 ἣν
752 2135 855 2214 έπεμψε

84 2224 265 2305 Κριτόόουλος
285 2218 491 2302 θἸμόριόντης,
511 2224 525 2280 θ
543 2225 589 2281 καλ
610 2222 672 2283 τάδε
687 2222 856 2303 ξυγγράψας,

81 2314 223 2371 ἐνδιδοῦσα
236 2311 286 2379 τάς
304 2312 332 2369 ἰν
348 2315 388 2392 τῷ
403 2312 507 2391 Αἰγαίῳ
529 2309 623 2381 νήσους
638 2313 724 2391 αὐτῷ,
744 2309 857 2390 Ἴμόρον

78 2401 128 2458 καί
142 2402 254 2475 Λῆμνον
272 2398 317 2456 καὶ
337 2398 442 2468 Θάσον,
462 2397 608 2469 κατηκόους
636 2397 717 2465 οόαας
734 2398 859 2479 πρότερον

78 2491 119 2566 τῷ
144 2480 470 2567 βασιλεῖἸίωνσταντίνῳ.
493 2488 528 2546 Oi
551 2485 604 2568 γάρ
627 2488 655 2545 έν
679 2487 771 2554 αάταῖς
791 2489 855 2561 παρ’

79 2574 162 2632 αὐτοῦ
174 2574 312 2641 σταλέντες
327 2572 452 2653 ἀρχοντος
465 2573 609 2654 πρότερον,
621 2573 747 2653 μαθόντες
763 2573 813 2646 τήν
827 2597 856 2633 τε

79 2665 130 2732 τῆς
149 2662 249 2729 πόλεως
271 2660 369 2720 ἀλωσιν
396 2663 442 2721 καὶ
466 2662 510 2720 τὸν
535 2666 613 2722 αὐτοῦ
635 2663 763 2736 θάνατον,
790 2665 857 2722 ἀπο-

79 2750 183 2829 γνόντες
197 2757 250 2817 τοῖς
263 2750 332 2817 ὅλοις
342 2748 418 2816 εόθθς
428 2748 534 2829 ,ᾤχοντο
549 2749 700 2831 φεόγοντες,
715 2753 738 2809 οἰ
754 2750 818 2827 μέν,
833 2754 857 2809 οἱ

80 2838 214 2914 Λήμνιοι,
230 2837 297 2915 μετά
311 2841 363 2897 τῶν
379 2837 519 2897 Ἰταλικῶν
533 2838 660 2918 τριήρεωυ
673 2842 856 2918 καταχθεισῶν

80 2929 111 2985 ἀν
124 2932 191 3006 ἄκρῳ
204 2930 251 2996 τῆς
268 2924 377 3003 Λήμνου
391 2928 417 2984 έν
436 2930 470 3005 τῆ
485 2930 554 3006 φυγῇ
570 2930 603 3004 τῇ
620 2924 673 2983 ἀπό
687 2928 734 2997 τ’ής
757 2923 857 2992 πόλεως

81 3014 129 3071 κάὶ
141 3016 301 3093 ὑποστροφῇ,
313 3014 336 3071 σί
350 3014 378 3071 δὲ
392 3015 420 3073 ἐν
432 3016 466 3093 τῇ
477 3010 500 3082 ’,Ι
504 3011 581 3091 μόρῳ
591 3012 659 3088 μετά
673 3014 725 3069 τῶν
735 3011 854 3070 ὁλκάδων

81 3103 264 3179 καταχθεισῶν
284 3101 329 3159 καὶ
347 3101 433 3169 αὐτῶν
454 3102 482 3159 έν
503 3102 542 3181 τῷ
566 3099 683 3179 Κεφάλῳ
704 3101 853 3181 λεγομένῳ,

82 3189 152 3267 ἀκρρ
165 3192 212 3260 τῆς
222 3186 344 3269 Ἰμόρου.
388 3187 421 3267 (ι)
440 3191 474 3248 Οί
489 3188 517 3247 δέ
541 3189 569 3246 ἰν
580 3190 639 3254 ταῖς
659 3186 747 3257 νήσοις
759 3188 855 3255 ἰδόντες

916 998 1023 1063 πολλοῖς
1040 995 1132 1076 δώροις
1146 998 1289 1066 ἀναπείσας
1303 998 1395 1073 αὐτὸν,
1411 1000 1456 1059 καὶ
1471 1002 1504 1060 δι’
1516 1003 1597 1063 αὐτοῦ
1609 1004 1691 1079 μέσου

917 1083 1018 1159 πέμπει
1032 1082 1066 1155 δή
1081 1084 1126 1143 καλ
1140 1084 1261 1164 πρέσόεις
1277 1089 1312 1154 ὡς
1327 1087 1439 1165 βασιλέα
1453 1087 1497 1147 τόν
1512 1111 1541 1149 τε
1555 1088 1626 1170 ἱερέα
1646 1096 1693 1164 τῆς

915 1168 996 1241 νήσου
1019 1172 1066 1230 καί
1080 1172 1196 1252 άρχοντα
1213 1172 1270 1248 μετ’
1284 1176 1363 1233 αὐτοῦ
1378 1178 1430 1233 τῶν
1445 1176 1596 1257 ἐγχωρίων,
1617 1180 1690 1262 δῶρά

915 1281 944 1317 τε
963 1258 1118 1335 κομίζοντας
1139 1259 1184 1317 καὶ
1208 1260 1352 1329 ἐνδιδόντας
1373 1262 1419 1328 τίις
1439 1262 1531 1335 νήσους
1552 1266 1625 1345 αὐτῷ
1645 1264 1691 1326 καί

915 1344 974 1423 άμα
998 1350 1218 1427 παρακαλοῦντας
1244 1349 1323 1409 έάσαί
1343 1373 1372 1409 τε
1394 1350 1482 1428 μένειν
1500 1352 1581 1420 αότάς
1606 1356 1633 1412 έν
1653 1359 1686 1427 τῦ,

914 1432 1031 1517 προτέρῳ
1045 1436 1131 1493 αὐτῶν
1144 1436 1305 1495 καταστάσει
1319 1438 1474 1514 οἰκουμένας
1489 1438 1534 1499 κἀὶ
1548 1420 1690 1523 ἀποφέρειν

915 1525 989 1605 αὐτῷ
1002 1522 1062 1589 τούς
1075 1546 1105 1582 τε
1117 1522 1276 1602 ὡρισμένους
1287 1523 1378 1604 φόρους
1393 1526 1501 1597 έτησίως
1515 1524 1561 1586 καί
1574 1527 1690 1608 ἀρχοντα

915 1610 986 1691 έχειν
1001 1609 1031 1670 θν
1047 1608 1079 1669 ἀν
1094 1610 1217 1688 κιλεόση.
1262 1614 1297 1689 (ε)
1312 1612 1439 1679 Βασιλεδς
1458 1612 1484 1673 δέ
1502 1614 1608 1694 δέχεται
1628 1617 1689 1677 τοό-

913 1720 973 1765 τους
987 1698 1093 1779 ἡμέρως
1107 1697 1152 1757 καί
1166 1698 1279 1778 παρέχει
1292 1698 1326 1758 τά
1341 1700 1480 1771 αἰτηθέντα
1502 1702 1549 1761 καί
1568 1705 1689 1783 δωρεῖται

914 1784 962 1853 τάς
975 1787 1068 1857 νήσους
1091 1784 1177 1851 καθὼς
1198 1778 1265 1857 ἦσαν
1285 1790 1312 1847 έν
1325 1790 1364 1867 τῷ
1382 1792 1427 1846 τοῦ
1450 1790 1581 1867 βασιλέως
1603 1797 1686 1873 καιρῷ

914 1872 1087 1950 τεταγμέναι,
1105 1868 1215 1950 Ἰμόρον
1237 1873 1286 1949 μὲν
1305 1870 1458 1953 Παλαμήδῃ
1479 1878 1517 1955 τῷ
1532 1881 1578 1948 τῆς
1606 1878 1688 1939 Αἴνου

915 1958 1073 2039 έπέρχοντε,
1086 1963 1193 2034 Λῆμνον
1213 1960 1240 2019 δέ
1260 1962 1305 2022 καί
1319 1962 1410 2023 Θάσον
1433 1967 1529 2044 Δωριεῖ
1544 1968 1582 2046 τῷ
1602 1970 1690 2027 Μυτι-

913 2049 994 2121 λήνης
1013 2050 1134 2125 ἡγεμόνι.
1149 2047 1265 2129 Ἔτυχον
1279 2049 1330 2131 γάρ
1351 2051 1440 2110 τότεθ
1464 2052 1511 2128 μὲν
1532 2054 1691 2123 ἀποστείλας

912 2135 956 2195 τόν
968 2136 1022 2195 υίὸν
1031 2134 1148 2215 πρέσόυν
1162 2139 1197 2204 ὡς
1212 2137 1336 2215 βασιλέα,
1351 2136 1498 2217 θΔωριεός,
1512 2140 1564 2198 θδὲ
1574 2143 1689 2222 άρχυντα

912 2225 966 2281 τῶν
983 2223 1095 2304 πρώτων
1111 2224 1174 2304 παρ’
1191 2226 1262 2305 αὐτῷ
1283 2226 1329 2285 καὶ
1349 2226 1449 2306 σφόδρα
1464 2226 1582 2301 οἰκιέων,
1598 2232 1611 2287 ό
1626 2233 1685 2290 Πα·

912 2311 1049 2389 λαμήδης,
1070 2313 1139 2373 κατά
1154 2313 1261 2385 ζήτησιν
1281 2318 1334 2372 τῶν
1350 2317 1435 2374 αὐτῶν
1456 2314 1559 2387 νήσων·
1579 2308 1616 2383 οἷς
1641 2316 1687 2378 καί

895 2396 1074 2477 “ξυνέπραξαν
1098 2399 1131 2462 zi
1156 2400 1273 2477 μάλιστα
1301 2404 1325 2460 οἰ
1345 2400 1417 2480 παρά
1440 2406 1485 2461 τοῦ
1508 2403 1686 2482 Κριτοόοόλοο

913 2484 1036 2563 πρέσόεις
1062 2486 1208 2562 σταλέντες,
1231 2487 1334 2567 έχοντες
1367 2488 1487 2548 ἀνάθεσιν
1517 2491 1614 2564 ταύτην
1639 2496 1685 2553 καί

914 2573 1093 2645 ἐξαιτήσαντος
1113 2576 1158 2635 καὶ
1188 2576 1261 2635 αότοί
1284 2581 1360 2635 τοῦτο
1383 2575 1458 2656 ταρά
1481 2580 1526 2636 τοῦ
1548 2580 1687 2657 βασιλέως.

915 2660 949 2739 (ε)
969 2658 1061 2728 Οὕτως
1082 2660 1257 2742 ἠλευθέρωντο
1275 2669 1322 2723 τοῦ
1334 2662 1393 2723 τότε
1415 2662 1533 2723 κινδόνου
1549 2667 1576 2722 αί
1596 2670 1684 2737 νῆσοι·

913 2749 1092 2827 προσεδοκᾶτο
1105 2749 1157 2830 γάρ
1170 2750 1261 2817 αὗταῖς
1281 2750 1396 2819 κίνδυνος
1411 2752 1461 2831 οὐχ
1479 2755 1494 2810 θ
1511 2750 1597 2830 τυχὼν
1612 2756 1639 2812 έν
1654 2756 1687 2833 τῇ

912 2836 966 2896 ἀπὸ
978 2839 1025 2906 τῆς
1033 2836 1134 2905 πόλεως
1148 2838 1268 2918 έπανόδῳ
1277 2842 1323 2897 τοῦ
1333 2836 1427 2897 στόλου
1442 2841 1467 2905 ές
1482 2838 1687 2900 Καλλιαόπολιν.

951 2923 1076 2985 LXXVI.
1094 2924 1171 2984 Κατά
1184 2924 1211 2985 δὲ
1224 2926 1271 2992 τ’ἀς
1293 2924 1374 2992 αὖτάς
1390 2924 1491 3005 ήμέρας
1510 2924 1687 3003 ξυλλαμόάνει

913 3010 958 3070 καὶ
981 3012 1102 3085 Χαλίλην
1124 3012 1295 3091 όβασιλιός,
1319 3012 1401 3095 ἀνδρα
1416 3017 1469 3073 τῶν
1486 3012 1597 3092 πρῶτων
1620 3020 1684 3096 παρ’

911 3100 982 3179 αὐτῷ
997 3097 1041 3157 καλ
1056 3098 1124 3176 μέγα
1136 3099 1300 3177 δυναμένων,
1315 3100 1361 3159 καὶ
1376 3102 1400 3167 ές
1414 3100 1520 3179 εἱρκτὴν
1539 3100 1680 3177 έμόάλλει,

910 3186 956 3244 καὶ
974 3185 1061 3246 πολλά
1081 3186 1249 3264 αἰκισάμενος
1267 3177 1379 3266 ἀναιρεί·
1398 3186 1506 3266 εθρηται
1528 3188 1555 3247 δέ
1577 3190 1644 3247 πολύ
1660 3214 1685 3249 τι

80 3299 112 3334 τε
134 3276 177 3335 τόν
205 3275 321 3355 δρασμόν
343 3280 395 3337 τῶν
421 3276 572 3356 ἀρχόντων,
596 3276 642 3334 καί
665 3275 776 3342 δεδιότες
806 3274 855 3347 τήν
909 3280 1003 3353 χρῆμα
1026 3280 1125 3354 χρυσοῦ
1146 3276 1191 3333 καὶ
1212 3271 1325 3356 ἀργύρου
1346 3278 1373 3335 έν
1396 3277 1468 3353 αὐτῷ
1490 3274 1540 3335 -καί
1570 3275 1684 3336 πλούτου

82 3364 172 3445 ἔφοδον
201 3368 247 3423 τοῦ
286 3362 414 3443 βασιλέως
445 3364 555 3439 στόλου,
578 3364 681 3442 μήποτε
707 3364 853 3443 έπιπλεόση
909 3363 1078 3421 παντοδαποῦ
1090 3365 1119 3422 έκ
1128 3364 1249 3422 παλαιῶν
1262 3362 1312 3434 ήδη
1322 3364 1423 3443 χρόνων
1434 3362 1597 3442 ξυλλεγέντος
1610 3367 1684 3444 παρά

85 3453 171 3518 αὐτοῖς
190 3450 257 3527 (ήδη
277 3450 329 3531 γάρ
355 3452 529 3511 ἰπυνθάνοντο
549 3450 744 3531 ὑποστρέφοντα
763 3456 854 3509 τοῦτον
908 3472 936 3507 τε
952 3453 1003 3507 τῶν
1016 3448 1148 3529 προγόνυιν
1163 3450 1209 3509 καί
1228 3452 1308 3511 αὐτοῦ
1327 3452 1372 3521 δή·
1388 3442 1420 3524 ἦν
1438 3450 1519 3530 γάρθ
1539 3450 1605 3529 ἀνὴρ
1624 3456 1676 3511 τῶν

82 3542 109 3598 έν
137 3538 361 3617 Καλλιουπόλει),
380 3538 496 3618 δρασμὸν
515 3538 695 3597 όόουλεόοντο·
717 3536 763 3597 καὶ
790 3537 854 3613 μέν·
909 3528 938 3595 εἰ
955 3536 1098 3615 γεγονότων
1120 3540 1183 3617 παρ’
1201 3538 1302 3610 αὐτοῖς,
1317 3538 1363 3597 καὶ
1378 3539 1421 3599 nn
1439 3538 1499 3613 δόξῃ
1518 3536 1681 3619 καίπλοότῳ

81 3648 122 3685 τοι
140 3648 169 3704 γε
185 3626 230 3685 καὶ
251 3624 370 3706 ἀπέδρων
385 3627 437 3683 τῶν
456 3624 583 3701 Λημνίων
599 3624 675 3703 ἐγγύς
696 3643 746 3682 που
764 3622 854 3682 διακό-
908 3625 1039 3705 διαφανῶν
1055 3623 1100 3683 καί
1111 3626 1226 3703 δυνάμει.
1244 3626 1336 3683 Πάντα
1348 3617 1393 3685 σόν
1407 3624 1449 3684 τὸν
1462 3626 1573 3684 πλοῦτον
1587 3626 1684 3698 έπῆξεν

82 3737 133 3775 σιοι
151 3714 239 3794 ἀνδρες
251 3713 295 3783 ξῦν
304 3713 404 3793 γυναιξὶ
416 3713 461 3772 καί
470 3715 583 3785 τέκνοις,
593 3716 616 3771 οἱ
632 3711 679 3789 μέν
691 3715 717 3779 ές
731 3711 854 3792 Κρήτην,
909 3715 934 3777 ές
946 3712 977 3770 τθ
990 3711 1125 3791 βασιλικὸν
1136 3720 1265 3790 ταμιεῖον,
1276 3712 1345 3783 πλὴν
1356 3703 1392 3771 ῶν
1405 3714 1531 3772 κατέλιπε
1539 3715 1593 3780 τοῖς
1603 3712 1684 3773 υἱέσιν

82 3802 140 3865 οίδέ
151 3804 176 3870 ές
185 3803 267 3880 Χίον,
282 3806 306 3862 οἰ
318 3803 346 3861 δδ
358 3804 384 3869 ές
399 3800 514 3863 Εόόοιαν
524 3799 695 3882 ἀπαχθέντες.
739 3802 774 3877 (ε)
788 3802 853 3881 Κρι·
910 3802 989 3858 αὐτοῦ
1004 3798 1185 3879 εὖαριθμήτων
1198 3799 1282 3860 πάνυ·
1298 3798 1405 3881 ὕστερον
1416 3798 1504 3877 μέντοι
1518 3798 1606 3859 πάντα
1618 3802 1684 3861 ἀπέ-

81 4006 157 4067 λάσση
166 4006 258 4055 οἰκοῦσι
269 4003 322 4053 κατ’
338 4004 388 4059 ἰτος
400 4002 538 4066 ἀρχομένους
547 4006 622 4051 ποιεῖν
631 4002 673 4059 τὴν
687 3999 847 4061 προσκύνησιν
863 4000 922 4059 μετὰ
932 3999 1074 4063 δωροφορέας
1083 4000 1124 4048 καὶ
1135 3998 1224 4048 διδόναι
1234 3999 1266 4048 τά
1281 3999 1345 4057 τέλη,
1368 3999 1378 4062 ΙΙ
1390 4025 1422 4037 -
1434 4000 1449 4062 §
1462 4006 1485 4050 2,
1499 4002 1605 4064 nps'osssm
1615 4021 1642 4053 π,
1659 4022 1683 4054 τ,

83 4080 178 4140 Περσῶν
190 4077 246 4139 βαι.
258 4077 300 4124 καὶ
310 4072 442 4135 Αἰγύπτου]
453 4076 481 4123 ln
492 4071 606 4122 Feriduni
614 4070 755 4121 οοΙΙοιῑίοιιο
766 4068 926 4133 epistolarum
939 4071 1038 4119 exstant
1047 4070 1126 4119 literne
1136 4070 1228 4131 quibus
1239 4069 1460 4133 constantinopolis
1473 4074 1681 4135 expugnationem

83 4146 243 4196 nienhemetes
254 4145 379 4195 nuntiavit
395 4144 492 4193 sultano
506 4143 603 4207 AEgypti
615 4145 641 4192 et
656 4144 747 4191 Μοοοω
760 4140 863 4205 principi
879 4143 905 4191 οῑ
913 4140 966 4202 τεαὶ
977 4142 1116 4202 Persarum,
1130 4142 1154 4189 ei
1168 4139 1255 4189 horum
1268 4138 1405 4204 principum
1416 4154 1540 4205 responsa.
1557 4146 1588 4193 V.
1604 4144 1681 4193 Ham·

83 4231 136 4268 mer
146 4218 161 4267 Ι.
174 4217 191 4266 Ι.
204 4230 228 4281 p.
240 4221 254 4265 5
267 4217 318 4264 not.
332 4214 343 4277 ΙΙ
357 4241 384 4250 -
401 4213 417 4277 §
432 4218 458 4264 θ.
473 4214 599 4278 τυχόντες]
616 4227 651 4262 m.
667 4219 695 4273 23
707 4211 863 4274 λαχόντεςιιι.
878 4213 899 4258 ί.

112 4289 204 4337 LXXV.
219 4290 281 4345 Qum
291 4286 339 4336 hoo
354 4284 434 4347 capite
450 4285 593 4336 critobulus
603 4284 635 4334 de
653 4296 681 4333 ιο
694 4281 746 4346 ipse
757 4284 853 4343 namt,
865 4279 964 4330 aliunde
977 4293 1025 4329 non
1035 4280 1093 4327 ιιοῑο
1101 4281 1168 4329 ευιιί.
1185 4279 1200 4342 §
1217 4284 1238 4329 l.
1255 4282 1310 4344 παρ’
1324 4278 1413 4344 αὐτοῦ]
1424 4294 1439 4329 α
1449 4279 1595 4333 critobulo?
1613 4285 1681 4335 Fort.

78 4361 128 4422 ieg-
141 4357 195 4422 παρ’
208 4358 278 4407 αὐτόν
287 4391 295 4417 ,
305 4356 337 4405 nd
354 4355 549 4405 Constantinum.
562 4378 590 4390 -·
605 4354 614 4409 Ι
631 4354 722 4417 ᾤχοντο
734 4349 871 4415 φεύγοντες]
882 4352 920 4402 Gi.
936 4350 1097 4401 chalmmnd.
1111 4363 1135 4413 p.
1146 4353 1201 4411 400,
1215 4356 1229 4399 5
1245 4370 1251 4399 ι
1265 4354 1289 4401 αἱ
1303 4352 1344 4414 μὶν
1356 4351 1397 4401 οὗν
1410 4352 1507 4414 τριήρεις
1522 4348 1681 4413 (Venestorum

83 4428 124 4491 qui
136 4424 340 4489 Constantinopoli
355 4426 381 4478 in
392 4425 510 4475 munnam
529 4424 686 4488 navigarunt)
704 4422 840 4485 ἀφικόμεναι
853 4420 992 4483 ἀγγέλλουσί
1009 4434 1033 4469 τε
1049 4421 1091 4479 τήν
1105 4422 1230 4478 Βυζαντίου
1251 4422 1399 4487 συμφοράν...
1415 4423 1455 4470 καὶ
1471 4426 1497 4471 αῑ
1515 4428 1583 4482 νῆσοι
1596 4425 1682 4487 σχεδόν

83 4517 105 4548 τι
121 4501 237 4560 ξύμπασαι
249 4500 358 4560 ὥρμηντο
373 4495 396 4551 ἰς
410 4497 492 4557 φυγήν.
509 4493 564 4559 11-
574 4493 751 4557 καταχθεισῶν]
761 4505 796 4542 ιιι.
808 4500 832 4551 2,
845 4494 1020 4554 κατασχουσῶν
1032 4503 1066 4540 m.
1084 4496 1104 4542 1.
1117 4491 1128 4553 ΙΙ
1140 4516 1172 4528 -
1187 4496 1222 4553 τῷ
1235 4494 1335 4556 Κεφάλῳ
1345 4492 1471 4555 λεγομένῳ,
1488 4494 1570 4557 ἄκρῳ]
1585 4495 1621 4545 cr,
1637 4495 1679 4546 lib,

84 4576 107 4629 2,
119 4571 154 4626 ¹6,
164 4574 186 4618 2.
203 4568 214 4632 ΙΙ
227 4568 288 4631 -§.
306 4574 329 4617 2.
343 4564 488 4628 έπιπλεόοη]
505 4579 539 4615 m.
553 4572 583 4626 2,
596 4566 687 4627 Αἰγαίῳ
698 4562 852 4613 ε’τιπλεόσασι
862 4574 896 4611 m.
911 4565 933 4611 i.
947 4559 958 4623 Ιί
970 4559 1113 4624 -δρασμόν
1125 4560 1285 4627 έάουλεόοντο]
1296 4564 1331 4625 δρ.
1344 4564 1379 4612 ἰό.
1391 4563 1432 4612 καὶ
1443 4562 1526 4611 αὐτοίθ

112 4640 214 4690 Lxxvl.
231 4637 345 4702 Χαὶίλην]
357 4639 468 4695 Χαληλην
484 4635 559 4699 cod-ii
570 4663 602 4673 -
613 4630 772 4697 αἰκισάμενος]
790 4631 958 4695 μωΐιησάμενος
968 4628 1023 4693 (sic)
1033 4642 1129 4694 margo,
1141 4630 1207 4693 quod
1230 4631 1304 4682 suerit
1322 4630 1522 4695 τιμωρησόμενος.
1541 4633 1679 4684 Secundum

83 4710 255 4762 οειιιαιιειάειιι
264 4710 289 4759 in
299 4720 375 4773 opere
385 4707 453 4773 quod
462 4706 604 4757 inscribitur
610 4703 760 4757 Hadiimiul
777 4703 885 4752 Wmera
898 4702 924 4764 (i.
933 4716 956 4751 ε.
964 4700 1051 4749 horim
1060 4700 1222 4759 insitorum),
1232 4699 1337 4752 omnim
1345 4700 1418 4751 iertio
1426 4702 1481 4763 posi
1489 4700 1577 4751 urbem
1584 4705 1680 4766 captam

83 4781 156 4831 diein
169 4794 291 4832 σοιοειεια
304 4780 429 4842 οοιήοοιιιε
440 4781 466 4829 οι
478 4777 627 4842 caminum
640 4776 681 4827 die
694 4776 881 4839 quadragesimo
894 4775 903 4838 (
916 4779 944 4824 lo
953 4773 1004 4825 iul.
1020 4772 1093 4835 18⁵3)
1105 4772 1251 4823 interiectus
1264 4776 1311 4833 est,
1328 4772 1427 4824 notante
1438 4770 1570 4823 flaminem
1579 4777 1602 4833 2,
1617 4788 1642 4838 p.
1656 4782 1679 4827 5.

84 4851 247 4903 snmednmus
258 4858 282 4913 2,
293 4865 317 4915 p.
334 4852 378 4901 144
389 4851 421 4901 ἀο
432 4849 472 4898 his
489 4848 524 4898 ίθι
539 4845 613 4897 habe(
628 4884 635 4895 .
648 4846 726 4897 Halil
741 4846 825 4895 Bassa
842 4847 911 4895 venir
922 4844 1023 4907 prande
1039 4840 1073 4907 ρῦε
1086 4856 1135 4893 con
1148 4842 1168 4892 n·
1179 4846 1236 4893 νυοὶ
1249 4842 1408 4905 dependenti
1425 4841 1565 4902 arresinio,
1578 4858 1592 4894 ε
1610 4843 1680 4907 dopo

84 4936 120 4973 ειιι
132 4925 224 4987 quarto
238 4920 336 4971 d'anno
351 4922 460 4984 privato
474 4916 502 4967 di
514 4917 588 4978 οῑίας
598 4928 665 4979 pero
681 4916 701 4965 li
723 4917 781 4965 εοοί
795 4914 953 4977 dependenti
971 4926 1021 4977 per
1037 4913 1141 4964 indulto
1160 4915 1231 4975 repio
1250 4911 1349 4976 Ῑυνοιιο
1367 4911 1470 4962 lanciati
1493 4910 1578 4963 liberi.
1598 4918 1680 4965 inter·

84 4995 157 5045 notus
173 4991 249 5054 igitur
262 4990 369 5041 Chaiiim
389 4987 452 5039 nmt
465 4985 535 5037 initio
550 4984 699 5049 Septembris
711 4985 811 5035 mensis.
825 4984 966 5035 secundum
984 4983 1130 5034 ΡΙιιιιιιεοιιι
1145 4996 1170 5046 p.
1188 4986 1241 5041 293,
1253 4988 1283 5032 ευ
1302 4985 1402 5045 mptum
1421 4980 1479 5043 μετὰ
1494 4981 1574 5044 ὀλίγας
1593 4987 1680 5049 ἡμέρας

84 5058 724 5121 ἐθοιάτωσεν.θθιο1οοσυοόγ1ιιμ.4ιθ,4ιιοοοίυειι
741 5054 801 5106 dicit
810 5057 838 5105 οὐ
852 5059 931 5119 πολλῷ
943 5056 1039 5118 ὕστερον
1052 5068 1127 5117 quam
1147 5053 1243 5103 vinctus
1265 5050 1446 5115 Adrianopolim
1467 5050 1589 5104 abductus
1603 5060 1677 5107 esset.

84 5134 162 5185 Obiier
175 5132 211 5183 ιοί
223 5130 336 5181 meminit
345 5128 486 5180 Leonardm
499 5140 523 5192 p.
538 5131 592 5186 ³35,
606 5126 705 5176 omnino
713 5138 762 5174 non
773 5126 885 5175 meminit
898 5128 988 5176 Dums.
1002 5124 1014 5188 ΙΙ
1025 5150 1056 5162 -
1069 5124 1128 5174 πολύ
1142 5141 1165 5172 τι
1180 5120 1273 5186 χρῆμα]
1285 5122 1343 5185 ὑπὲρ
1351 5123 1392 5179 τὰς
1402 5122 1432 5170 ιθ
1444 5122 1555 5185 μυριάδας
1569 5132 1675 5189 γρυαοῦ,
