3809 5859
372 285 771 385 uueuuuuuseuuus
791 286 882 347 xvu
906 289 985 349 νοτε
1008 284 1190 366 (τωο-ινιτ
1214 286 1247 347 e.
1272 285 1331 365 u).
1602 290 1663 353 use

50 424 100 483 ύεν
123 421 201 487 αύτδς
214 420 263 481 καὶ
285 420 446 500 ήστρατιδι,
466 419 514 479 καί
528 419 598 477 δπλα
615 416 834 479 καίέπιπλακαί
888 422 947 479 λιον
968 418 1183 499 βουλευσόμενοι,
1207 418 1274 497 εἴγε
1298 416 1386 497 τυχεῖν
1401 415 1504 496 είρήνης
1527 418 1661 497 βούλοισθε

49 503 143 569 πᾶσαν
156 508 239 581 ἀλλην
245 506 402 577 ἀποσκευήν.
411 506 608 574 Ἐπισκευάσας
614 505 642 565 δὲ
648 507 696 577 τήν
707 505 783 568 πόλιν
796 497 834 574 οἷς
886 504 933 564 καί
946 508 1070 570 σπονδῶν.
1079 504 1145 585 παρ’
1157 509 1231 583 ἐμοῦ·
1250 534 1262 559 ν
1276 504 1335 585 ᾔτει
1347 503 1399 584 γάρ
1414 504 1509 573 αύτούς
1520 505 1551 573 ἀς
1564 504 1667 567 έλαόονι

16 588 111 678 ,εἶχε
122 599 210 663 καλῶς
218 594 265 655 καί
278 592 337 662 τοθς
351 594 529 676 ζωγρηθέντας
539 593 689 675 ἀνδραςκαλ
703 593 751 667 τήν
759 593 832 655 λείαν
885 594 980 667 νήσους
991 594 1100 675 Ἴμύρον
1114 593 1160 685 καί
1171 591 1355 673 Λῆμνον,καλ
1367 591 1445 673 φόρον
1459 592 1564 666 έτήσιον
1578 616 1670 653 καταφ
1761 624 1762 629 1

50 685 144 753 λαόὼν
162 684 330 765 ἀνεχώρησεν
342 686 368 750 ἐς
379 683 520 763 Κόρινθον·
538 682 585 742 καί
597 682 665 759 μετὰ
675 686 752 744 τοῦτο
763 682 832 761 ἔχων
887 682 978 745 ύαλεῖν
989 681 1069 765 αὐτῷ.
1176 744 1177 750 ,

49 774 104 845 τήν
119 796 149 833 τε
163 772 237 833 λείαν
252 771 298 831 καί
317 770 376 839 τοθς
390 769 590 851 αἰχμαλώτους,
610 762 674 847 ήκιν
695 769 764 838 έςτδ
778 775 831 833 Βυ·
925 773 1006 834 xvi.
1022 770 1072 833 Ἐν
1085 770 1186 837 τούτοις
1200 770 1255 831 ἀντι
1268 773 1307 851 τῷ
1328 769 1432 849 βασιλεῖ
1447 770 1602 849 ἀγγέλλεται
1615 769 1660 830 τδν

52 860 158 929 ζάντιον
181 866 216 926 ὼς
240 860 363 937 βασιλέα.
380 856 415 919 Ὁ
439 858 468 917 δὲ
482 857 527 917 τάν
550 856 599 933 μίν
622 855 781 937 φιλοφρόνως
802 880 831 916 τε
885 862 1003 938 ήγεμόνα
1015 859 1152 941 Ἰλλυριῶν
1166 859 1333 940 Ἀλέξανδρον
1346 859 1500 941 ξυμμαχίαν
1514 859 1662 940 τινδιπαρά

50 945 370 1027 ἑδέξατοκαλέδωρήσατο
380 944 555 1025 μιγέλωςκαλ
563 942 673 1021 ἐτίμησε
686 944 721 1004 sd
733 943 832 1023 εἰκότα,
886 949 1010 1009 Παιόνων
1032 947 1178 1015 αἰτήσαντα
1198 946 1245 1007 καί
1268 945 1385 1007 λαύόντα
1400 946 1448 1008 καί
1469 946 1529 1015 τοῦς
1550 946 1661 1013 οἰκείους
1762 1003 1766 1023 ,

50 1034 115 1103 τούς
127 1035 155 1095 δέ
173 1035 269 1114 ἀνδρας
284 1034 449 1094 ἀπέκτεινεν.

94 1124 163 1186 XIV
176 1121 223 1184 Ἐν
237 1121 265 1181 δὲ
279 1132 337 1189 ταῖς
352 1123 444 1189 αὖταῖς
458 1120 570 1199 didm
589 1119 637 1180 8²1
655 1118 736 1187 σίδαι
753 1118 829 1201 ὤφθη
886 1119 954 1191 ύλως
977 1123 1156 1206 προειδομένῳ
1178 1128 1217 1205 τῷ
1238 1124 1437 1202 καταλειφθέντι
1461 1122 1587 1201 σατράπῃ
1613 1126 1671 1181 τοῦ.

53 1212 84 1273 ἐν
108 1212 229 1291 οὐρανῷ,
257 1208 409 1285 θαυμαστόν
434 1229 461 1266 τι
481 1205 527 1265 καὶ
552 1206 707 1267 καινότατον
731 1206 831 1284 θέαμα·
888 1212 1017 1291 βασιλέως
1030 1212 1189 1293 Παλαπάνιρ
1201 1209 1335 1287 τούνομα,
1353 1208 1557 1289 περικαθημένῳ
1569 1230 1597 1267 τε
1612 1207 1661 1268 καί

51 1298 117 1378 περὶ
141 1298 192 1379 γὰρ
215 1296 324 1376 πρώτην
344 1296 415 1377 ὤραν
434 1318 485 1354 πῠυ
509 1298 557 1365 τῆς
572 1294 679 1369 νυκτὸς,
703 1296 832 1367 ἀσελήνου
885 1300 1069 1378 πολιορκοῦντι
1081 1300 1111 1361 τδ
1126 1298 1193 1359 ἀστυ
1206 1302 1253 1357 τοῦ
1267 1300 1385 1379 Κροῦες,
1398 1298 1443 1359 καί
1455 1294 1669 1367 καταπλήξαντα

51 1390 153 1459 ταύτης
167 1408 196 1464 γε
211 1385 308 1458 ούσης,
324 1385 417 1467 αἴφνης
431 1383 549 1463 ἔλαμψαν
564 1384 617 1445 ἀπό
629 1407 659 1443 τε
685 1394 768 1469 βορρᾶ
783 1385 830 1445 καί
886 1392 925 1469 τῷ
944 1386 1100 1471 ἀθρόιρἸῆτ
1116 1386 1256 1457 ίπιθέσεως
1275 1387 1321 1449 καί
1339 1389 1503 1471 τρεψάμενον
1523 1384 1613 1454 διῶξαί
1632 1406 1662 1443 τε
1701 1382 1706 1393 ’

49 1478 106 1535 τῶν
126 1475 327 1552 πέοσαίκτίκῶί
338 1476 425 1550 μερῶν
435 1475 488 1551 θῶς
499 1470 567 1549 μέγα
581 1470 628 1531 καὶ
639 1470 787 1552 middle,
797 1477 833 1541 ὥς
886 1474 932 1534 καί
947 1476 1103 1536 ἀποκτεῖναι
1116 1474 1228 1542 πολλοὺς
1245 1478 1298 1534 τῶν
1319 1473 1363 1543 ξῦν
1378 1478 1454 1555 αύτῷ
1470 1473 1516 1533 καί
1532 1473 1608 1532 αύτδν
1628 1472 1660 1541 δν]

53 1560 110 1619 ἀπὸ
124 1560 231 1638 ἀστέρος
244 1559 313 1627 σινδς
326 1558 409 1617 indie
420 1560 471 1631 τήν
484 1560 586 1639 ἀρχὴν,
600 1557 647 1619 καί
668 1561 700 1618 τὸ
712 1568 767 1619 πᾶν
781 1582 830 1620 πι·
886 1563 929 1621 τὸν
947 1560 1088 1643 σατράπην
1104 1564 1292 1641 ἀγωνιζόμενον
1306 1564 1410 1639 καλῶς,
1425 1561 1472 1622 καί
1486 1566 1531 1621 νῦν
1546 1558 1619 1621 σῖτόν
1631 1578 1662 1618 τε
1687 1552 1701 1571 ‘

55 1648 203 1729 ριήστραψε
216 1645 265 1705 καίΙ
280 1645 444 1727 κατεφύτισε
460 1645 535 1717 δίκην
550 1646 641 1718 ἡλίου·
662 1636 721 1705 ε’ίτα
734 1648 832 1707 ίκιῖθιν
886 1650 928 1709 ὅτι
940 1641 1024 1711 ’πολὺν
1042 1648 1088 1710 καὶ
1103 1650 1173 1711 ὅπλα
1188 1649 1235 1710 κα]
1249 1659 1339 1709 πᾶσαν
1360 1649 1445 1722 ἄλλης
1460 1646 1617 1728 αὐτάρκειάν
1632 1669 1672 1705 τε.

57 1738 139 1817 χυθὲν
160 1736 287 1816 ὥρμησεν
304 1741 340 1805 ύνς
360 1738 424 1818 πρὸς
443 1737 613 1817 μεσημόρίαν
625 1737 721 1817 δρόμον
736 1740 832 1823 ἐγκάρ-
886 1737 933 1797 καί
946 1740 1039 1818 χρείαν
1052 1740 1104 1797 τῶν
1120 1738 1269 1815 ἀναγκαίων
1288 1737 1490 1815 ἐσενεγκάμινον
1506 1740 1532 1803 ές
1545 1735 1574 1793 τ“ο
1586 1734 1662 1809 ἄστυ,

25 1900 32 1907 θ
56 1846 131 1895 σιον,
147 1823 189 1882 οίά
205 1846 244 1890 τις
259 1826 353 1893 στῦλος
366 1822 505 1904 πυρώδης,
518 1822 578 1884 ὁλον
593 1822 628 1881 δι’
639 1823 701 1884 όλου
715 1824 793 1900 μένον
804 1850 833 1886 τε
886 1825 932 1885 καί
944 1828 977 1898 δή
992 1826 1039 1887 καλ
1059 1825 1178 1908 φυλακήν
1188 1822 1332 1898 καλλίονα,
1345 1829 1380 1892 ὡς
1397 1828 1423 1892 ἀς
1438 1825 1592 1903 πολιορκίαν
1607 1846 1662 1896 μα-

50 1908 102 1969 καί
116 1909 267 1993 φαινόμενον
289 1912 434 1989 ἀμείωτον,
460 1912 562 1988 μᾶλλον
586 1910 613 1969 δί
628 1909 675 1970 καί
690 1911 735 1971 ἐπὶ
749 1910 830 1973 πλόον
886 1913 964 1995 κράν,
978 1916 1152 1996 ἀναχωρῆσαι
1164 1912 1211 1975 καί
1225 1918 1271 1986 τῆς
1284 1914 1331 1983 ἐξω
1343 1914 1430 1987 πάσης
1439 1912 1528 1994 χώρας
1538 1914 1658 1991 κρατεῖν,

49 1999 194 2077 οίδώμενον
218 1998 264 2058 καί
289 1999 443 2078 αὖίόμενον,
472 1998 564 2059 lituu
599 2000 663 2059 πθ*
688 2003 737 2070 τῆς
758 2000 832 2074 112²}-
888 2010 933 2064 τοῦ
954 2005 1013 2064 νέου
1028 2004 1120 2072 ἀστεος
1134 2002 1391 2081 κατακεκλεισμένον
1405 1999 1452 2062 καί
1465 2004 1525 2060 τῶν
1547 2001 1573 2058 ἔν
1590 2000 1670 2079 αὐτῷ·

837 1076 840 1080 -
887 1036 1047 1116 ἀγείραντα,
1071 1036 1206 1097 ἐπιθέσθαι
1229 1034 1314 1113 λάθρα
1336 1034 1488 1115 λοχήσαντα
1510 1033 1556 1093 καί
1580 1032 1661 1110 μηδίν

50 2110 121 2155 σεως
139 2086 230 2166 ἀμοίγε
253 2095 344 2169 φαῖνον
367 2089 503 2167 διάστημα
520 2091 554 2154 ὥς
579 2086 649 2166 ὥρας
672 2084 734 2158 ὅλης
752 2096 829 2164 μιᾶς,

50 2174 103 2234 καί
116 2175 183 2252 μιτά
199 2180 275 2235 τοῦτο
289 2175 531 2256 κατακερματισθέν
542 2198 572 2235 τε
584 2174 631 2234 καλ
649 2173 719 2234 κατά
736 2176 828 2256 μικρὸν

51 2261 180 2341 ὑπορρέον
206 2262 350 2343 ἠφανίσθη.
393 2264 427 2343 (e)
449 2266 536 2323 Τοῦτο
556 2261 588 2321 τὸ
608 2261 685 2343 τέρας
704 2260 779 2341 ὤφθη
803 2266 830 2321 ἐν

49 2350 169 2429 ούρανῷ,
186 2349 238 2408 εἴτε
251 2350 370 2426 κομήτης
382 2374 421 2418 τις
434 2341 466 2423 ήν
479 2350 574 2431 ἀστὴρ,
590 2348 643 2409 είτε
657 2350 830 2429 λαμπαδίας,
845 2398 848 2424 ;

56 2436 114 2496 εἴτε
138 2435 203 2495 ἀλλο
218 2459 245 2495 τι
265 2442 318 2497 τῶν
337 2437 549 2515 ὑπεκκαυμάτων
556 2481 566 2511 ,
590 2439 638 2497 ούκ
657 2428 731 2510 όίδα,
759 2437 830 2510 πλὴν

50 2523 160 2604 ὄλεθρον
176 2532 305 2603 σημαῖνον
320 2525 367 2585 καλ
379 2526 476 2607 φθοράν
487 2526 615 2605 μεγίστην
628 2526 771 2605 ἀνθρώπων
784 2526 831 2587 καί
869 2541 873 2551 “

52 2612 241 2689 dedissem
265 2615 312 2675 καλ
332 2618 403 2693 μετδι
428 2615 520 2695 μικρόν
533 2613 727 2687 ἠκολούθησεν,
748 2618 783 2682 ὡς
802 2618 830 2675 ἐν

51 2704 111 2769 τοῖς
124 2701 181 2774 ἑξῆς
194 2702 334 2781 γενήσεται
350 2705 441 2776 δῆλον.
456 2702 511 2765 Καὶ
527 2709 606 2763 τοῦτο
618 2702 667 2779 μὲν
677 2707 805 2763 τοιοῦτον.

96 2789 157 2849 XV.
171 2789 300 2858 Βασιλεύς
314 2791 341 2850 δὲ
355 2791 554 2872 παρεχείμαζεν
565 2793 593 2851 ἐν
606 2790 746 2873 Βυζαντίῳ
772 2793 829 2851 δια·

49 2876 180 2936 ναπαύων
194 2900 223 2936 τε
237 2877 330 2936 ἑαυτὸν
350 2881 404 2937 τῶν
420 2882 530 2959 μακρῶν
548 2878 635 2939 πόνων
653 2875 699 2937 καί
712 2880 746 2939 τά
760 2878 830 2938 κατδι

51 2963 105 3037 τήν
120 2964 196 3024 πόλιν
212 2963 351 3036 διατιθείς,
366 2969 400 3033 ὡς
415 2966 506 3039 εἴωθε,
521 2967 586 3045 πρὸς
600 2965 631 3025 τὸ
646 2964 763 3044 βέλτιον,
785 2966 830 3026 τόν

52 3074 84 3110 τε
98 3050 260 3132 ἐγειρόμενόν
275 3054 299 3111 οί
312 3053 376 3113 νεὼν
393 3052 544 3131 ἐπιμελείας
559 3056 600 3112 ὁτι
613 3054 715 3124 πολλῆς
730 3052 829 3131 ἀξιῶν,

50 3138 116 3208 τούς
128 3163 155 3197 τε
179 3140 366 3220 ἐργαζομένους
387 3143 414 3209 i<
435 3140 466 3201 τδ
488 3140 562 3223 ἔργον
584 3140 755 3221 ἐπισπέρχων
780 3141 827 3201 καί

54 3229 147 3289 πάντα
169 3229 203 3287 τδι
226 3232 285 3290 κατ’
302 3229 381 3289 αθτδν
402 3229 544 3310 φιλοτίμως
565 3228 656 3290 τεκαὶ
682 3232 832 3299 πολυτελῶς

52 3319 174 3397 γίνεσθαι
189 3317 364 3397 προστάσσων
376 3322 430 3386 τοῖς
442 3320 575 3399 τεχνίταις
586 3317 632 3378 καί
646 3317 832 3397 ἐπιοτήμοσιν,

54 3413 95 3472 ὼς
109 3408 187 3465 αὐτοῦ
203 3430 233 3483 γε
261 3409 392 3483 μηδεμιᾶς
417 3407 572 3479 δαπάνηςή
598 3400 782 3484 ἀναλωμάτων
807 3410 847 3479 έςΙ

53 3498 136 3551 τοῦτο
149 3492 303 3574 φειδομένου
317 3492 335 3566 ή
349 3494 500 3573 φιλοτιμίας
514 3493 695 3562 ἀλλείποντος·
704 3494 758 3570 καί
771 3496 834 3572 μέν·

57 3603 104 3640 τοι
117 3604 147 3662 γε
160 3580 207 3641 καὶ
223 3584 331 3653 ἠσκεῖτο
350 3586 408 3640 καθ’
423 3573 483 3642 ὅσον
500 3574 594 3642 οἷόντε
608 3573 640 3657 ήν
653 3582 679 3649 ἐς
699 3605 728 3641 τε
739 3583 835 3650 κάλλος

53 3668 105 3727 καί
128 3674 222 3747 σχῆμα
247 3670 293 3729 καὶ
319 3669 388 3730 θέσιν
410 3669 458 3729 καλ
482 3669 617 3745 ποικιλίαν
640 3668 687 3729 καί
713 3669 832 3749 μέγεθος.

58 3758 99 3836 (α)
139 3760 193 3817 Τοῦ
211 3760 234 3815 δ’
250 3761 329 3818 αὐτοῦ
343 3761 473 3838 χειμῶνος
487 3759 635 3839 ἀφικνεῖται
648 3756 694 3817 καί
705 3757 834 3838 πρεσόεία

55 3845 135 3924 παρὰ
149 3848 201 3906 τῶν
226 3846 355 3920 Ἐνετῶν,
368 3846 478 3925 ,ἀξιοῦσα
497 3848 573 3907 λύσιν
595 3870 623 3906 τε
647 3846 770 3927 γενέσθαι
783 3850 835 3907 τῶν

53 3937 188 4013 διαφορῶν
202 3935 248 3994 καὶ
265 3934 417 3995 σπείσεσθαι
439 3934 483 3993 ἐπί
502 3944 555 4002 τοῖς
571 3934 637 4001 ίσοις
661 3934 707 3995 καί
722 3935 834 4012 ὁμοίοις,

56 4026 174 4106 ἐχόντων
190 4027 320 4108 ἑκατέρων
335 4028 353 4087 ά
366 4027 467 4107 ἔχουσι.
487 4028 616 4095 Βασιλεύς
628 4028 656 4087 δὲ
670 4030 718 4087 ούκ
729 4028 835 4097 ἐδέξατο

60 4114 108 4173 ἐπὶ
119 4114 236 4188 τούτοις,
251 4114 310 4174 ἀλλ’
326 4114 481 4195 ἀπέπεμψεν
498 4116 626 4176 ἐπειπών·
642 4144 655 4168 ι
669 4116 748 4176 ἄπιτε
762 4118 836 4175 κάλ-

889 2096 1070 2176 στρατιωτῶν.
1114 2092 1146 2173 (e)
1173 2090 1282 2153 Τούτων
1305 2090 1387 2158 ούτως
1421 2086 1615 2169 ἀγγελθέντων,
1639 2089 1669 2156 ἐς

886 2182 967 2262 ὀργήν
982 2181 1107 2261 μεγίστην
1127 2178 1226 2261 ἐξήχθη
1240 2182 1255 2237 ὁ
1279 2176 1411 2257 βασιλεὺς,
1425 2175 1472 2235 καί
1499 2175 1581 2253 μηδὲν
1597 2178 1663 2252 μελ·

886 2269 971 2340 λήσας
996 2268 1071 2335 εὐθὺς
1094 2266 1219 2348 στρατιθν
1245 2264 1285 2326 ότι
1303 2264 1404 2337 πολλὴν
1429 2264 1543 2335 ἱππικήν
1566 2286 1595 2321 τε
1618 2261 1664 2323 καί

887 2354 998 2427 πεζικήν
1022 2355 1113 2423 καλῶς
1136 2354 1406 2432 παρασκευασάμενος
1430 2353 1493 2432 (ήδη
1508 2350 1559 2432 γάρ
1582 2350 1629 2410 καί
1650 2354 1664 2409 ὁ

887 2442 988 2521 χειμὼν
1003 2442 1150 2521 ἐτελεύτα),
1166 2440 1223 2520 ἀμα
1234 2445 1273 2522 τῷ
1286 2432 1331 2519 ἦρι
1343 2440 1483 2523 ἀρχομένῳ
1494 2439 1664 2517 ἐστράτευσεν

891 2534 933 2589 ἐπ’
947 2531 1035 2592 αύτόν.
1050 2530 1106 2609 Καί
1117 2529 1254 2607 γενόμενος
1266 2530 1336 2589 κατδι
1350 2532 1398 2601 τήν
1409 2527 1558 2608 Ἰλλυριῶν,
1572 2527 1664 2587 π’ἀσάν

890 2641 919 2677 τε
930 2616 1004 2686 εὐθύς
1015 2618 1172 2699 κατατρέχει
1186 2615 1233 2679 κοιλ
1242 2617 1276 2676 τά
1284 2618 1436 2677 ἀποστάντα
1449 2614 1547 2686 ταύτης
1558 2619 1675 2695 χειροῦ··

889 2721 933 2764 ται
944 2705 991 2764 καί
1005 2705 1080 2788 φόνον
1095 2704 1177 2765 πολθν
1187 2710 1241 2765 τῶν
1255 2704 1439 2785 ἀφεστηκότων
1456 2703 1595 2782 ἐργάζεται
1611 2686 1663 2760 ’καὶ

889 2793 923 2852 τδι
934 2794 961 2851 ἐν
975 2792 1037 2853 ποσί
1052 2792 1138 2851 πάντα
1152 2790 1361 2872 καταστρέφεται
1372 2790 1418 2850 καί
1432 2792 1566 2864 ληίζεται,
1582 2792 1663 2867 ἀμπι-

887 2884 960 2961 πρῦνν
976 2882 1023 2940 καί
1044 2881 1115 2959 δῃῶν
1130 2878 1176 2939 καὶ
1191 2878 1344 2960 διαφθείρων
1360 2878 1407 2938 καί
1420 2877 1564 2959 ἀφανίζων·
1580 2901 1661 2937 κατα·

887 2969 976 3029 διώκει
989 2969 1016 3031 di
1028 2968 1074 3029 καί
1087 2966 1130 3027 τδν
1142 2968 1241 3029 τούτων
1255 2967 1372 3046 ἡγεμόνα
1382 2966 1562 3045 Ἀλέξανδρον.
1579 2968 1614 3044 (ε)
1629 2966 1664 3027 ‘0
1689 2962 1691 2967 ⁸

887 3062 915 3118 δε
931 3057 1091 3139 καταφεύγει
1108 3056 1188 3115 πάλιν
1203 3054 1246 3115 ἀπὶ
1259 3055 1293 3114 τὰ
1307 3054 1390 3137 ἐχυρδι
1412 3054 1458 3115 καί
1473 3054 1596 3132 ἀπότομα
1609 3057 1661 3113 τῶν
1698 3072 1703 3087 ·

888 3149 956 3226 όριῦν
976 3147 1023 3206 καί
1045 3142 1092 3211 τάς
1113 3143 1261 3221 εἰθισμένας
1282 3146 1354 3222 αύτῷ
1375 3140 1526 3225 καταφυγὰς
1539 3140 1584 3199 καὶ
1607 3141 1665 3201 δια·

889 3232 981 3312 τριόθς
992 3236 1044 3291 τῶν
1061 3234 1160 3310 βουνιῗνν
1171 3275 1180 3308 ,
1193 3230 1252 3290 ούδὸ
1263 3228 1324 3289 θέαν
1338 3230 1404 3297 όλως
1419 3228 1561 3306 ὑπομείνας
1570 3228 1661 3307 ὥσπερ

889 3320 1017 3400 Γοργόνος
1036 3324 1083 3393 τῆς
1108 3328 1243 3399 στρατιᾶς.
1264 3317 1392 3385 Βασιλεύς
1412 3316 1440 3375 δὲ
1466 3317 1614 3397 διαρπαγήν
1637 3338 1666 3376 τε

890 3409 1066 3487 καίσκυλμὸν
1084 3408 1189 3469 πάντων
1204 3408 1372 3488 ἀνδραπόδων
1383 3404 1497 3483 κηρύξας
1514 3413 1567 3472 τοῖς
1581 3426 1665 3484 nepe·

891 3497 1015 3571 τιόνταις,
1030 3499 1158 3579 ἐπαφίησι
1171 3505 1224 3563 τοῖς
1237 3496 1309 3575 ὅριοι
1323 3495 1353 3555 τὸ
1371 3498 1494 3553 πλεῖστον
1510 3492 1557 3552 καὶ
1579 3516 1671 3572 μοιχι-Ι

891 3584 1013 3662 μιύτατον
1022 3590 1070 3658 τῆς
1082 3594 1206 3666 στρατιδίς
1219 3582 1287 3660 μιτά
1299 3590 1346 3643 τοῦ
1358 3581 1573 3662 Μαχουμούτεω,
1587 3583 1663 3646 αὐτὸς

891 3674 919 3733 δὲ
945 3673 990 3749 ξθν
1012 3678 1047 3754 τῇ
1072 3676 1152 3750 λοιπῇ
1173 3680 1283 3754 στρατιᾷ
1300 3669 1516 3751 προσκαθήμενος
1536 3669 1611 3745 ἐδῄου
1631 3668 1665 3727 τδι

891 3762 971 3823 λοιπά
985 3767 1032 3835 τῆς
1043 3761 1147 3842 χώρας,
1159 3760 1227 3821 κατά
1242 3758 1377 3828 σταθμούς
1389 3755 1605 3837 ἐπιπορευόμενος
1618 3756 1663 3816 καλ

892 3850 1115 3931 στρατοπεδεύων.
1160 3848 1195 3928 (ι)
1211 3850 1247 3909 Οί
1261 3846 1335 3917 δὲ’δή
1348 3849 1525 3925 στρατιῶται,
1542 3844 1664 3915 ὁπλῖται,

892 3939 978 4021 φημί,
991 3938 1038 3997 καί
1051 3936 1155 4005 τοξόται
1169 3934 1216 3994 καί
1235 3936 1406 4015 σφενδονῆται
1426 3932 1472 3993 καλ
1491 3930 1661 4001 ἀκοντισταί,

893 4026 1019 4092 λαῦόντες
1045 4024 1119 4105 παρδι
1144 4028 1190 4083 τοῦ
1214 4024 1342 4103 βασιλέως
1363 4020 1393 4080 τὸ
1423 4019 1560 4095 ξύνθημα,
1586 4017 1660 4085 εύθθς

896 4114 1060 4196 ὁρμήσαντες
1072 4110 1207 4171 ἀνόῦαινον
1222 4111 1266 4171 ἐπὶ
1280 4109 1313 4169 τά
1325 4106 1483 4189 ὑπερύψηλα
1498 4106 1544 4167 καί
1564 4108 1665 4185 σκληρά

54 4337 82 4383 ei
104 4332 214 4383 Thasum
234 4338 259 4385 et
275 4335 448 4387 Samothracen
468 4339 646 4400 neeupsrerat,
667 4335 735 4400 quud
751 4335 893 4387 critobulus
913 4333 1033 4384 Imbriets
1051 4347 1100 4383 nnn
1120 4330 1334 4390 commemorarit,
1348 4342 1473 4393 quaquam
1484 4342 1505 4377 ο.
1526 4331 1563 4389 15,
1579 4333 1593 4377 3
1613 4328 1666 4377 Me·

53 4405 220 4455 chemeieme
232 4406 333 4456 venedis
349 4407 489 4478 postulasse
501 4408 577 4467 dicit,
589 4410 618 4458 ut
633 4408 745 4458 lnbrum
758 4411 785 4457 et
806 4410 926 4457 Lemnum
939 4404 1080 4457 redderent.
1102 4404 1113 4469 11
1127 4430 1159 4441 -·
1173 4402 1187 4465 §
1201 4407 1223 4452 i.
1239 4400 1394 4464 προσέθεντο]
1415 4412 1479 4462 rugo.
1497 4399 1664 4460 προσεγένοντο

55 4478 123 4527 ¹0¹⁸·
141 4474 152 4539 ίί
172 4502 204 4513 -
221 4474 236 4539 §
248 4482 270 4526 2.
283 4483 326 4527 τοῦ
335 4478 393 4534 Boi<
407 4478 488 4543 ὄρους]
503 4481 574 4528 Mnus
585 4478 683 4530 Boidia
697 4478 722 4527 in
736 4478 911 4529 recentioribus
926 4475 1020 4528 tabuiis
1038 4474 1049 4539 1]
1065 4499 1098 4513 -
1109 4474 1199 4523 ακοικτὶ
1214 4474 1239 4524 et
1254 4470 1311 4521 dein
1328 4473 1368 4521 καὶ
1388 4471 1429 4528 τὴν
1447 4470 1566 4519 θάλασσαν
1593 4467 1665 4525 αὐτὴν

54 4544 117 4596 add·
134 4559 227 4610 margo.
246 4548 257 4612 Ι]
272 4547 317 4611 -§
328 4553 351 4598 3,
361 4549 524 4610 ἐλήφθησαν...
537 4550 630 4605 πλείους
641 4555 687 4599 τῶν
700 4548 799 4613 ἑκατόν]
817 4548 876 4598 edd.
888 4560 982 4611 mergo.

91 4616 161 4664 xlv·
182 4615 197 4679 §
217 4621 240 4667 1.
260 4616 328 4681 Ἐμοί
349 4634 376 4680 γε
392 4618 487 4683 φαῖνον]
500 4618 565 4680 dens<
586 4618 812 4683 φαῖνονζσίο1σοά.

91 4688 146 4735 XV.
160 4686 175 4749 §
191 4684 212 4737 ί.
226 4687 403 4753 Ἐγειρόμενον]
415 4703 480 4753 unge,
494 4690 688 4751 οἰκοδομούμενον
704 4692 766 4739 text.
781 4690 792 4753 11
806 4720 836 4733 -
845 4691 885 4738 καὶ
900 4688 978 4753 θέσιν]
994 4686 1051 4737 edd.
1063 4699 1127 4750 ruge.
1141 4684 1242 4749 11-§2
1257 4686 1347 4734 Teium
1357 4681 1403 4733 hoe
1415 4694 1513 4744 segmen
1522 4680 1547 4729 in
1558 4677 1666 4741 margine

56 4757 169 4806 additur.
185 4760 222 4807 De
235 4761 385 4809 venetorum
404 4760 525 4823 legatione
545 4763 571 4811 et
589 4760 750 4811 Mechemeds
769 4774 887 4824 response
903 4774 927 4810 v.
947 4762 1010 4809 Mer.
1028 4760 1120 4809 Senuie
1133 4770 1158 4821 p.
1174 4760 1242 4807 ileu.
1253 4754 1290 4807 Gi.
1304 4754 1430 4803 Ziukeisen
1449 4758 1473 4809 2,
1487 4764 1516 4815 p.
1531 4755 1586 4801 314.
1605 4750 1615 4812 11
1634 4775 1665 4787 ·-

56 4826 171 4891 Ἴμὸρον]
183 4830 220 4877 Cf.
235 4832 287 4879 not.
305 4830 346 4879 ad.
365 4844 387 4880 c.
402 4835 440 4880 1³.

92 4896 185 4963 ΚΜ
198 4901 220 4949 1.
234 4899 326 4952 deusne
335 4900 497 4964 expeditionis
504 4900 672 4953 sesddedinns
682 4908 737 4965 2,p.
749 4906 795 4952 240
807 4902 882 4953 fuisse
891 4901 951 4953 dieii
962 4900 1029 4965 qued
1036 4896 1220 4963 scanderbegus
1227 4896 1348 4947 tributum
1358 4892 1502 4954 denegasset
1510 4893 1536 4940 et
1549 4888 1666 4939 ditionem

59 4966 156 5031 trigiam
168 4973 267 5020 vastum
277 4984 366 5034 penore
377 4970 463 5021 eloeis
478 4972 572 5022 estivis
588 4972 682 5022 moniis
702 4971 1047 5037 camededeeebegissei,
1066 4968 1170 5032 denique
1188 4966 1320 5019 Elbessos
1336 4962 1421 5013 urbem
1439 4974 1454 5010 ε
1471 4960 1559 5010 'iureis
1578 4971 1664 5009 remus

58 5040 184 5090 structam
201 5038 339 5091 obsedisset
358 5045 384 5090 et
396 5042 545 5092 suburbium
559 5042 614 5106 ejus
631 5041 788 5092 incendisset.
803 5042 814 5105 11
832 5069 857 5079 -
872 5043 951 5099 θιῶξαί
967 5042 1007 5105 τε]
1022 5040 1152 5101 eddmgu.
1168 5039 1178 5103 11
1194 5066 1220 5075 -
1241 5038 1255 5101 §
1276 5044 1298 5086 2.
1312 5032 1438 5097 μεγίστην]
1456 5030 1513 5081 add·
1532 5046 1596 5096 1⁰2⁰·
1608 5030 1619 5095 ίί
1634 5054 1668 5068 ···

56 5110 75 5173 5
92 5114 112 5156 3.
128 5112 251 5176 Γοργόνος]
269 5116 386 5177 Γοργῶνος
397 5114 451 5164 ced.
465 5113 476 5179 1]
490 5113 576 5178 -§4.
591 5111 734 5178 ἱσταμένου]
752 5127 817 5177 mge,
828 5115 950 5176 γινομένου
969 5114 1032 5163 text.
1049 5112 1060 5175 1]
1071 5136 1103 5148 -
1113 5107 1199 5172 Δάτις]
1215 5110 1302 5159 Δᾶτιν]
