3809 5859
395 331 641 395 nocnmons
661 330 790 392 nonos
810 328 862 391 νι.
886 285 968 391 ωσι
991 326 1173 405 (ino-noo
1195 327 1229 384 P.
1252 324 1308 404 cp.
1597 326 1652 383 ιιι

52 469 115 538 τοὶς
128 468 247 549 πρώτους
260 468 323 548 παρ’
336 469 428 546 αύτῷ,
450 465 568 535 ἱυνετούς
582 488 611 525 τε
626 464 672 523 καὶ
692 466 743 521 τῶν
762 462 829 542 άγαν
886 461 982 542 τρίψας
1000 462 1079 519 αὐτοῦ
1093 458 1140 518 καί
1156 481 1215 517 τινα
1228 461 1281 517 τῶν
1296 457 1384 517 αὐτόθι
1407 454 1657 531 καταστησάμενος,

51 555 286 633 πεπαιδευμένων,
312 556 358 614 καὶ
381 556 454 635 δῶρα
475 554 533 621 δούς
552 553 640 618 αιἰτοῖς
662 556 762 631 χρυσοῦ
783 551 830 609 καὶ
885 554 1025 626 μεσοῦντος
1037 546 1089 619 ἤδη
1104 544 1284 625 φθινοπώρου,
1304 546 1451 623 ἀφικνεῖται
1463 543 1487 608 ἐς
1503 542 1533 600 τὸ
1557 541 1658 611 Βυζάν-

53 643 172 724 ἀργύροιι
186 640 299 705 πλεῖστά
315 664 344 700 τε
360 640 407 700 καὶ
428 643 575 712 πολυτελῆ,
591 639 660 700 ἀλλά
675 638 707 710 δὴ
728 636 830 698 καὶτὸν
884 660 950 715 τιον,
969 634 1178 716 παραχειμάσων
1201 637 1295 691 αὐτοῦ·
1317 638 1362 691 καὶ
1385 631 1446 709 τρία
1471 630 1516 689 καὶ
1534 629 1659 701 ἐξήκοντα

55 720 157 805 ξυνήθη
171 730 291 810 δασμὸν,
314 729 343 789 δν
366 728 481 810 ἔφαμεν,
495 728 658 805 ἀποπέμπει.
705 725 830 805 (1101δέ
888 724 934 796 ἔτη
955 724 1019 805 πρὸς
1034 727 1088 789 τοῖς
1108 721 1266 788 ἐννακοσίοις
1286 744 1315 779 τε
1336 719 1382 779 καὶ
1405 718 1589 799 ἑξακισχιλίοις
1607 727 1660 787 τοῖς

53 821 211 901 ἀφικόμενοι
225 818 259 879 τά
273 842 302 877 τε
315 820 387 897 δῶρα
404 819 540 894 κομίζουσι
554 820 592 895 τῷ
607 815 713 894 βασιλεῖ’
727 814 773 873 καὶ
787 813 831 872 τὸν
885 810 954 880 ὀλοις
967 812 1069 888 ἠνύετο,
1082 810 1203 887 πέμπτον
1219 807 1247 868 δέ
1261 814 1308 879 τῆς
1320 810 1403 888 ἀρχῆς
1417 810 1455 888 τῷ
1467 807 1580 885 βασιλεῖ.

53 909 172 985 δασμὸν,
183 907 393 987 ἀπαγγέλλοντες
407 907 479 985 αύτῷ
496 904 542 963 καὶ
561 902 596 963 τά
618 901 690 985 παρά
701 906 746 961 τοῦ
759 904 831 982 σφῶν
926 905 964 963 X.
982 898 1149 964 Καταλαῦὼν
1165 898 1193 958 ὀὶ
1212 897 1260 973 τῆν
1275 898 1351 957 πόλιν
1365 889 1425 977 εῦρε
1439 895 1472 955 τά
1488 920 1517 955 τε
1540 896 1661 975 βασίλεια

53 995 192 1074 ἡγεμόνος.
203 996 259 1057 Καὶ
273 992 422 1073 δβασιλεὶις
439 993 545 1073 δέχεται
556 993 662 1058 τούτους
672 990 777 1069 ἡμέρως
787 989 833 1047 καὶ
887 990 1060 1066 τετελεσμένα
1080 990 1225 1065 λαμπρῶς,
1241 986 1287 1047 καὶ
1299 984 1329 1045 τὸ
1351 987 1378 1044 ἐν
1394 983 1525 1065 Χρυσέαις
1540 985 1661 1066 φρούριον

53 1082 216 1163 χρηματίζει
230 1080 431 1165 φιλανθρώπως,
448 1080 494 1137 καὶ
507 1077 627 1150 λαλήσας
640 1077 758 1155 είρηνικά
775 1079 833 1151 μετ’
886 1076 921 1136 τά
935 1100 964 1135 τε
977 1076 1053 1155 τείχη
1070 1081 1115 1147 τῆς
1134 1075 1234 1141 πόλεως
1247 1073 1336 1134 πάντα
1353 1074 1440 1139 καλῶς
1461 1072 1662 1152 ᾠκοδομημένα.

55 1172 144 1229 αῦτῶν
158 1169 272 1238 σπονδάς
285 1170 415 1242 ποιεῖται,
431 1166 478 1227 καὶ
488 1167 588 1230 πίστεις
600 1166 692 1225 δίδωσι
704 1165 750 1224 καὶ
761 1167 832 1242 λαμ·
887 1166 1014 1247 ’λρεσθεὶς
1037 1154 1081 1224 σύν
1108 1172 1162 1229 τοῖς
1184 1162 1331 1240 γενομένοις
1351 1161 1397 1221 καὶ
1420 1158 1480 1227 τοῦς
1503 1164 1555 1219 τῶν
1576 1160 1661 1239 ἔργων

54 1257 133 1318 ῦάνει
146 1258 186 1340 ἐφ’
200 1250 223 1340 ᾧ
238 1256 360 1336 κατέχειν
378 1280 408 1316 τε
422 1256 499 1321 αὐτὸς
525 1253 634 1313 ἀίλαύε
649 1252 774 1333 φρούρια,
788 1256 834 1313 καὶ
889 1253 1030 1319 ἐπιστάτας
1044 1250 1226 1332 δωρησάμενος
1236 1248 1358 1329 χρήμασί
1369 1272 1399 1307 τε
1413 1249 1460 1307 καὶ
1479 1248 1596 1324 ἱματίοις
1619 1248 1665 1308 καὶ

54 1346 149 1427 χώραν
163 1345 227 1417 ὀσην
244 1346 341 1417 ἐπῆλθε
359 1344 427 1419 μετά
441 1346 493 1402 τῶν
506 1339 595 1400 όπλων
606 1386 615 1414 ,
628 1344 680 1400 τῶν
695 1340 723 1399 δὶ
736 1343 834 1401 λοιπῶν
888 1344 995 1409 πολλοῖς
1018 1340 1115 1414 ἀλλοις,
1134 1338 1234 1399 κελεύει
1252 1339 1333 1398 πάλιν
1353 1337 1392 1397 ὀτι
1410 1338 1524 1418 τάχιοτα
1541 1340 1663 1415 ἀνορθοῦν

56 1434 167 1494 πάντων
182 1434 272 1513 ἄρχειν
286 1432 329 1491 τὸν
342 1430 460 1507 ἡγεμόνα
474 1432 564 1509 σφῶν,
578 1427 738 1489 ἀποδιδόντα
752 1428 829 1507 φόρον
888 1430 935 1496 τάς
947 1428 1059 1510 γεφύρας
1069 1430 1116 1496 τὸς
1131 1431 1218 1495 ἐντοῖς
1229 1426 1335 1494 κόλποις
1345 1424 1440 1507 Ἀθύρα
1450 1427 1531 1485 τεκαὶ
1542 1423 1664 1502 Ῥηγίου,

58 1522 163 1593 ἐτήσιον
177 1521 256 1600 ὀλίγῳ
275 1519 404 1579 ἐλάσσονα
416 1523 462 1577 τοῦ
473 1517 601 1597 προτέρου
614 1516 662 1575 καὶ
674 1516 835 1595 στρατιώτας
888 1523 926 1598 τῷ
940 1516 1028 1598 χρόνῳ
1041 1514 1218 1587 πεπονηκυίας
1233 1537 1262 1573 τε
1283 1512 1330 1573 καὶ
1352 1512 1494 1583 πεσούσας,
1514 1512 1594 1572 ἔτιδὲ
1617 1511 1663 1571 καὶ

60 1607 154 1687 ρητοὶις
167 1608 194 1665 έν
207 1610 266 1673 ταῖς
277 1606 456 1685 ἐκστρατείαις
468 1611 514 1664 τοῦ
529 1606 673 1682 βασιλέως.
718 1600 834 1679 1σ1Ἧδη
888 1607 935 1673 τάς
951 1607 1033 1671 ἀλλας
1047 1601 1121 1669 ὀδοῦς
1140 1602 1185 1669 τδις
1200 1600 1263 1682 πρὸς
1279 1599 1327 1673 τὴν
1350 1602 1426 1661 πόλιν
1447 1600 1587 1681 φερούσας,
1610 1599 1663 1679 όπη

59 1695 111 1773 γὰρ
124 1694 170 1753 καὶ
184 1693 215 1753 τὸ
227 1692 446 1775 πολιορκούμενον
460 1693 527 1751 ἀστυ
541 1699 585 1751 τοῦ
597 1689 783 1771 Νοῦοπρόδου,
797 1689 836 1767 μῆ
889 1692 1067 1770 τελματώδεις
1085 1715 1113 1750 τε
1134 1682 1204 1763 ἦσαν
1225 1690 1271 1749 καὶ
1296 1688 1498 1759 δυσδιεξίτητοι,
1521 1691 1664 1749 καταλεαί-

58 1780 203 1858 δυνάμενον
227 1781 344 1862 ἀντέχειν
361 1783 401 1841 ἐτι
421 1787 455 1861 τῇ
473 1780 612 1861 πολιορκίᾳ
634 1780 715 1859 μέχρι
732 1782 833 1840 πολλοῦ
889 1804 979 1849 νοντας
1001 1779 1047 1839 καὶ
1066 1779 1265 1855 ἐξομαλέζοντας
1288 1776 1367 1843 πλαξὶ
1395 1776 1441 1835 καὶ
1464 1778 1544 1844 λίθοις
1575 1800 1661 1835 κατα-

57 1869 271 1949 παρατεινομένη
303 1868 512 1951 (τεσσαράκοντα
533 1868 585 1946 γάρ
615 1890 665 1930 που
694 1867 836 1947 παρεῖλκον
890 1864 1149 1948 στρωννύντας,ώστε
1158 1865 1250 1949 ρφδίαν
1262 1857 1328 1925 εἶναι
1338 1864 1498 1943 καὶάσφαλῆ
1507 1864 1555 1935 τὴν
1567 1862 1664 1922 τούτοιν

56 1957 158 2038 ἡμέραι
179 1947 423 2038 πολιορκουμένῳ),
446 1958 516 2015 ἀλλὰ
537 1956 570 2026 δη
597 1954 717 2014 καὶτῶν
739 1958 835 2035 τειχῶν
890 1954 1023 2014 διάόαοιν·
1047 1957 1080 2034 (ο)
1121 1955 1151 2014 ού
1166 1954 1243 2031 μόνον
1258 1954 1297 2024 δέ,
1310 1950 1379 2011 ἀλλά
1392 1951 1438 2010 καὶ
1456 1952 1599 2031 πανδοχεῖα
1621 1953 1666 2009 καὶ

59 2046 134 2125 αύτῷ
147 2042 364 2125 κατερριμμένων
377 2052 434 2113 ταῖς
461 2052 610 2123 μηχαναῖς,
632 2040 836 2122 προσεχώρησεν
890 2044 1045 2121 καταγώγια
1064 2044 1208 2118 οἰκοδομεῖν
1221 2044 1246 2101 ἐν
1264 2042 1355 2107 αύταῖς
1368 2043 1394 2108 ἐς
1410 2040 1557 2100 κατάλυσίν
1574 2062 1603 2098 τε
1618 2040 1665 2099 καὶ

63 2132 195 2214 δμολογίρ
206 2138 245 2212 τῷ
260 2135 380 2211 βασιλεῖ,
398 2135 438 2214 ἐφ’
459 2124 482 2214 ᾧ
497 2131 579 2207 μηδέν
598 2154 624 2189 τι
646 2131 727 2190 κακὸν
742 2136 835 2191 παθεῖν
891 2134 1046 2193 ἀνάπαυλαν
1059 2135 1111 2191 τῶν
1126 2130 1329 2209 ὁδοιπορούντων
1340 2153 1369 2189 τι
1380 2129 1507 2189 καὶκατὶι
1523 2133 1570 2207 γῆν
1580 2130 1606 2194 ἐς
1619 2125 1666 2199 τὴν

63 2220 166 2288 πάντας
180 2218 239 2286 τοῦς
256 2223 283 2279 ἐν
299 2222 381 2301 αὐτῷ,
399 2220 468 2279 ἀλλά
482 2219 569 2297 μένειν
583 2220 619 2286 ώς
637 2211 709 2297 εἶχον
724 2217 769 2287 ἱὸν
789 2245 836 2299 γυ·
892 2219 968 2277 πολιν
985 2220 1200 2299 ἀφικνουμένων,
1217 2218 1262 2278 καὶ
1274 2217 1370 2299 ἀγορὸν
1387 2216 1415 2278 δὲ
1435 2217 1562 2296 μεγίστην
1576 2240 1605 2276 τε
1620 2216 1666 2275 καὶ

59 2306 131 2375 ναιξὶ
151 2307 197 2365 καὶ
221 2305 319 2373 τέκνοις
342 2307 453 2375 καὶτοῖς
472 2308 619 2387 ύπάρχουσι
641 2314 723 2380 πᾶσι,
746 2330 837 2367 κατοι-
891 2308 1036 2379 καλλίστην
1049 2310 1075 2366 ἐν
1085 2306 1157 2387 μίση
1168 2312 1202 2387 τῇ
1214 2307 1290 2366 πόλει
1303 2306 1379 2385 ἐγγύς
1393 2328 1443 2365 που
1456 2308 1507 2365 τῶν
1525 2304 1665 2386 βασιλείων

61 2393 173 2459 κοῦντάς
203 2417 231 2452 τε
255 2393 285 2453 τὸ
300 2394 366 2453 ἀστυ
395 2396 441 2454 καὶ
473 2395 630 2471 νεμομένους
654 2394 702 2465 τὴν
735 2394 836 2477 χώραν.
891 2395 992 2455 κελεύει
1005 2394 1121 2473 γίνεσθαι
1139 2395 1239 2475 τείχεσί
1252 2418 1280 2453 τε
1302 2393 1502 2475 ἠσφαλισμένην
1521 2392 1663 2473 ἰσχυροτά-

62 2482 95 2561 (ε)
110 2481 290 2559 Σπεισάμενος
303 2471 348 2540 οῦν
359 2482 406 2542 καὶ
420 2482 521 2550 πίστεις
534 2480 593 2547 δούς
614 2505 644 2541 τε
658 2482 705 2540 καὶ
724 2480 835 2555 λαθὼν,
892 2507 947 2550 τοις
961 2482 995 2543 τδι
1008 2482 1069 2556 έξω,
1085 2484 1131 2543 καὶ
1154 2487 1242 2551 στοαῖς
1259 2483 1414 2549 καλλίσταις
1426 2506 1454 2541 τε
1468 2480 1512 2541 καὶ
1532 2482 1667 2560 μεγίσταις

59 2570 107 2629 καὶ
129 2568 220 2647 δώροις
241 2569 386 2650 φιλοτίμοις
409 2594 438 2630 τε
457 2571 504 2629 καὶ
527 2569 615 2638 ξενίοις
638 2568 756 2646 τιμήσας
778 2568 838 2635 τοῦς
892 2574 1081 2651 διειλημμένην
1108 2572 1141 2633 τδι
1162 2572 1248 2649 ἔνδον,
1272 2571 1315 2631 τόν
1340 2594 1369 2630 τε
1387 2570 1480 2652 ὀρορον
1501 2568 1615 2649 ίχουσαν
1638 2570 1663 2637 ἐξ

60 2656 188 2736 πρέσύεις
202 2657 249 2716 καὶ
262 2657 348 2735 λόγοις
359 2658 466 2738 ἡμέροις
480 2660 525 2718 καὶ
540 2657 731 2738 φιλανθρώποις
745 2658 833 2725 δεξιω·
892 2664 974 2731 ὀπτῆς
988 2660 1095 2720 πλίνθου
1108 2660 1154 2720 καὶ
1168 2661 1301 2741 διαφανῶν
1312 2658 1391 2719 λίθιιιν
1404 2657 1613 2737 ἐξειργασμένον,
1629 2656 1668 2716 ἔτι

61 2744 174 2821 σάμενος
187 2744 349 2821 ἀποπέμπει.
392 2748 430 2807 Οί
443 2746 471 2805 δέ
483 2745 692 2826 παραγενόμενοι
706 2746 840 2824 ἀπαγγίλ·
893 2748 922 2807 δὲ
933 2747 1030 2828 λουτρά
1043 2748 1248 2817 κατασκευάζειν
1271 2746 1383 2827 λαμπρόν
1403 2746 1449 2806 καὶ
1462 2746 1605 2817 πολυτελῆ,
1621 2745 1667 2803 καὶ

61 2835 139 2893 λουοι
160 2834 199 2913 τῷ
223 2836 295 2915 σφῶν
319 2831 428 2910 ἡγεμόνι
448 2833 563 2913 Δαζάρῳ
585 2832 602 2891 ἀ
625 2831 755 2912 ἔπραξαν·
775 2838 790 2894 ὀ
812 2833 839 2892 δέ
894 2836 996 2893 ὑδάτων
1023 2834 1146 2916 ἀφθονίαν
1177 2833 1269 2903 ίξωθεν
1294 2835 1435 2913 ἀπαγαγεῖν
1466 2837 1499 2912 τῆ
1531 2832 1605 2893 πόλει
1635 2834 1668 2891 δι’

64 2922 133 3000 παρ’
145 2920 238 2979 ἐλπίδα
258 2917 348 3001 τυχὼν
361 2924 414 2979 τῶν
430 2924 566 2992 σπονδῶν,
581 2920 647 2997 ὀπερ
660 2922 708 2979 οῦκ
722 2921 754 2978 ἀν
775 2944 840 2981 ποτε
895 2926 1005 3001 ὀχετῶν,
1021 2923 1089 2981 ἄλλα
1110 2946 1138 2981 τε
1153 2920 1239 2983 πολλόι
1262 2926 1372 2981 τοιαῦτα
1392 2919 1537 3003 προσέταξε
1550 2920 1668 2998 γίνεσθαι

60 3007 272 3090 προσεδόκησεν,
296 3008 355 3067 οῦδὲ
378 3009 430 3088 γάρ
451 3009 567 3086 ἐνόμιζεν
588 3010 627 3068 ἔτι
642 3008 752 3069 δυνατὸν
774 3000 840 3068 εἶναι
895 3012 922 3077 ές
938 3034 967 3069 τε
983 3010 1150 3083 κατασκευὴν
1171 3009 1217 3070 καὶ
1232 3010 1330 3086 κόσμον
1350 3015 1397 3083 τῆς
1419 3010 1520 3077 πόλεως
1533 3009 1578 3067 καὶ
1601 3008 1670 3089 ὠφέ·

61 3096 223 3155 σπείσασθαί
234 3100 259 3155 οί
276 3096 320 3155 τὸν
331 3096 443 3176 βασιλέα
454 3097 585 3169 τοσαύτην
603 3096 744 3175 ἀγείραντα
759 3120 842 3177 στρα-
895 3102 969 3159 λειαν
985 3099 1030 3157 καὶ
1045 3100 1137 3179 χρείαν
1152 3102 1204 3158 τῶν
1219 3098 1386 3159 ἐνοικούντων
1406 3098 1452 3159 καὶ
1474 3098 1557 3171 ἀλλην
1582 3121 1670 3177 παρα-

61 3186 125 3244 τιάν
147 3185 194 3244 καὶ
225 3184 397 3264 παρασκευὴν
418 3185 528 3254 τοσήνδε
549 3186 596 3244 καὶ
618 3184 736 3257 δαπάνην
753 3188 779 3251 ἐς
798 3187 841 3243 τὸν
896 3188 1002 3265 μυθίαν.
1018 3190 1051 3266 (a)
1096 3186 1153 3268 Πρὸ
1167 3187 1272 3247 πάντων
1288 3187 1315 3246 δέ
1329 3192 1375 3247 τοῦ
1389 3210 1417 3245 τε
1437 3188 1602 3261 ξυνοικισμοῦ
1620 3190 1666 3256 τῆς

61 3273 178 3349 πόλεμον
192 3272 386 3350 πεποιημένω,
400 3271 472 3350 ὀμως
485 3297 517 3350 γε
536 3276 589 3344 μὴν
605 3271 675 3346 ἥσθη
696 3296 725 3332 τε
737 3278 774 3346 τῶ
796 3296 841 3350 γε·
894 3276 995 3342 πολεως
1019 3276 1160 3352 ἐπεμέλετο
1182 3274 1228 3333 καὶ
1242 3280 1287 3335 τοῦ
1308 3285 1396 3335 πᾶσαν
1419 3274 1500 3346 αὐτὴν
1524 3272 1667 3351 οἰκητόρων

61 3360 166 3442 νομένῳ
186 3360 359 3440 διαφερόντως
372 3361 418 3420 καὶ
440 3351 722 3439 (τῶν1ώνάπέῦαλιν
748 3360 841 3421 οόδένα
894 3366 1046 3443 πληρῶσαι,
1060 3363 1128 3423 καθὸ
1148 3363 1181 3433 δὴ
1203 3362 1249 3421 καὶ
1262 3363 1364 3441 τὸπρὶν
1390 3356 1435 3435 ἦν,
1458 3362 1624 3439 πανταχόθεν
1641 3382 1669 3417 τε
1764 3364 1768 3371 “

62 3448 208 3521 πεποίηται
226 3448 302 3526 λόγον
312 3493 321 3521 ,
333 3449 472 3525 ἀγαπήσας
486 3452 539 3517 τοῖς
554 3453 765 3531 καταλειφθεῖσι·
777 3448 842 3509 πάν·
894 3456 941 3523 τῆς
953 3453 1030 3510 αὐτοῦ
1045 3451 1145 3517 πάντας
1167 3449 1309 3528 ξυλλέγων,
1326 3449 1357 3509 έκ
1371 3474 1399 3510 τε
1414 3450 1502 3518 Ἀσέας
1512 3450 1558 3509 καὶ
1576 3448 1669 3527 Εὐρώ-

62 3558 118 3594 των
131 3536 289 3617 γόράθρόων
299 3535 414 3614 ἐνόμιζεν
426 3537 603 3598 ἐκπεσεῖσθαι.
646 3536 841 3617 171Ἀναλαόάιν
895 3563 956 3611 πης,
970 3538 1016 3599 καὶ
1030 3541 1181 3615 μετοικίζων
1203 3540 1228 3607 ἐς
1242 3539 1322 3611 αὐτὴν
1341 3541 1397 3615 μεθ’
1412 3536 1452 3597 ὀτι
1474 3538 1598 3607 πλείστης
1611 3539 1669 3595 ἔπι-

63 3615 112 3683 οῦν
134 3615 206 3689 αὖθις
224 3621 271 3695 τήν
289 3644 319 3681 τε
340 3630 450 3701 γυναῖκα
471 3622 517 3681 καὶ
530 3622 588 3690 τοὸς
608 3626 710 3691 παῖδας
725 3625 771 3685 καὶ
793 3624 841 3695 τὴν
896 3626 1003 3706 μελείας
1020 3651 1049 3686 τε
1064 3627 1108 3685 καὶ
1124 3626 1238 3699 σπουδῆς
1248 3629 1276 3686 ἐκ
1287 3628 1383 3694 παντὸς
1402 3627 1451 3701 μὲν
1464 3626 1508 3685 καὶ
1526 3627 1605 3686 ἀλλου
1626 3626 1670 3702 γε’-

65 3712 151 3783 άλλην
175 3720 264 3769 πᾶσαν
296 3710 461 3783 ἀποσκευὴν,
482 3711 527 3769 καὶ
555 3710 599 3770 τὸν
617 3706 723 3792 Ἴστρον
748 3711 841 3780 διαύὸς
893 3738 964 3786 νους,
975 3714 1021 3776 καὶ
1037 3714 1151 3791 μάλιστα
1162 3714 1188 3774 δέ
1197 3720 1244 3773 τοῦ
1258 3714 1505 3793 Χριστιανῶνοῦτω
1520 3710 1598 3778 δεινὸς
1609 3712 1672 3789 ἔρως

64 3790 129 3871 ἧκεν
139 3802 164 3865 ἐς
177 3796 224 3870 τὴν
235 3795 303 3857 ἰδίαν
315 3798 413 3878 ἀρχήν.
457 3797 489 3877 (a)
498 3798 625 3868 Βασιλεύς
636 3798 664 3858 δέ
677 3799 711 3858 τά
721 3822 751 3859 τε
763 3800 842 3879 φρού·
896 3803 1016 3863 ἐνέπεσεν
1027 3804 1236 3883 αύτοῦτῆύυχῆ
1249 3806 1295 3873 τῆς
1306 3825 1335 3861 τε
1346 3800 1446 3869 πόλεως
1461 3800 1506 3861 καὶ
1517 3806 1562 3861 τοῦ
1574 3800 1671 3871 ταύτης

66 3913 113 3966 ρια
126 3888 214 3953 καλῶς
236 3887 446 3969 ἀσφαλισάμενος
477 3887 560 3947 πάντα
579 3887 597 3945 ἃ
618 3886 710 3962 έλαόε,
729 3888 774 3947 καὶ
793 3912 841 3969 φυ-
897 3892 1061 3967 ξυνοικισμοῦ
1083 3893 1130 3948 τοῦ
1145 3912 1173 3948 τε
1188 3892 1214 3956 ἐς
1231 3888 1278 3961 τὴν
1293 3888 1406 3970 ἀρχαίαν
1421 3886 1587 3967 εὐδαιμονίαν
1605 3891 1672 3947 ἀπο-

64 3974 152 4045 λακῆν
165 3972 258 4044 ἱκανὴν
272 3974 472 4051 ἐγκαταστήσας
487 3980 519 4051 τῇ
535 3974 631 4057 χώρα,
656 3976 795 4054 σατράπην
813 4000 842 4036 τε
896 3982 1064 4049 καταστῆσαι
1077 3976 1156 4035 πάλιν
1169 3976 1261 4047 αὐτόν.

66 4060 250 4140 ἐγκαταλιπὼν
266 4066 332 4141 αὐτῇ
348 4062 391 4121 τὸν
401 4062 491 4140 Ἀλῆν,
507 4063 589 4141 ἄνδρα
601 4065 778 4142 στρατηγικὸν
792 4065 838 4123 καὶ
945 4068 1002 4127 xi.
1027 4064 1074 4125 Ἔν
1091 4062 1190 4130 τούτοις
1212 4065 1234 4122 δ’
1257 4063 1329 4131 ὄντος
1351 4066 1442 4138 αὐτοῦ,
1459 4069 1597 4143 μεσοῦντος
1620 4064 1671 4136 ἤδη

65 4150 202 4227 γενναῖον,
216 4150 261 4208 καὶ
279 4148 352 4207 λείαν
366 4150 462 4216 ἐλάσας
481 4149 523 4209 ὀτι
536 4151 636 4222 πολλὴν
652 4151 728 4217 αὐτός
748 4174 777 4209 τε
797 4150 842 4209 καὶ
897 4156 1040 4231 χειμῶνος,
1067 4150 1224 4229 ἀγγέλλεται
1247 4150 1292 4211 τὸν
1306 4152 1425 4229 ἡγεμόνιον
1442 4160 1489 4224 τῆς
1510 4154 1590 4213 Αἴνου
1607 4158 1672 4213 Διο-

66 4242 102 4313 τῇ
119 4247 229 4318 στρατιᾷ
242 4236 355 4308 διαδούς,
370 4239 501 4297 ἐπάνεισιν
516 4241 542 4306 ἐς
560 4238 607 4311 τλν
623 4237 773 4317 Ἀδριανοῦ·
786 4238 838 4310 ἤδη
900 4238 957 4318 ριέα
971 4238 1017 4297 καὶ
1031 4242 1082 4297 τῶν
1097 4238 1183 4309 νήσων
1206 4235 1319 4318 Ἰμόρου
1334 4240 1379 4299 καὶ
1401 4239 1578 4323 Σαμοθρᾴκης
1596 4263 1673 4320 νεοχ-

66 4326 120 4405 γὰρ
132 4328 224 4395 καὶτὸ
237 4328 308 4407 θέρος
330 4327 463 4387 ἐτελεύτα·
481 4327 582 4408 βραχὶιν
594 4328 622 4387 δέ
635 4328 728 4409 χρόνον
752 4330 840 4387 ἐνδια·
897 4331 962 4402 μοῦν
979 4350 1007 4386 τε
1023 4324 1163 4405 βούλεσθαι
1182 4325 1227 4385 καὶ
1238 4327 1370 4407 νεωτέρων
1385 4329 1533 4406 ἐπιθυμεῖν·
1549 4331 1563 4385 ὀ
1580 4328 1672 4406 γάρτοι
1701 4398 1703 4402 v

68 4504 192 4566 (Σμινδῖ)
203 4504 316 4554 chalem.
329 4518 354 4567 p.
366 4508 421 4562 415,
439 4507 474 4553 11.
486 4503 578 4554 servio
589 4507 628 4555 est
639 4504 812 4556 διατάττεται).
826 4505 836 4567 ΙΙ
849 4531 881 4541 -
891 4506 930 4561 ξὺν
939 4502 1047 4567 γυναικὶ]
1057 4521 1082 4553 σ.
1097 4504 1185 4565 γυναιξὶ
1203 4504 1257 4554 ood.
1270 4506 1281 4567 11
1298 4530 1325 4541 -
1343 4505 1357 4567 §
1371 4510 1394 4555 5.
1409 4500 1599 4568 τεσσαράκοντα]
1609 4503 1670 4554 ὅσα·

70 4573 193 4625 deddious
206 4582 230 4635 ν,
243 4588 267 4638 p.
282 4579 325 4625 172
337 4578 393 4636 post
402 4578 497 4638 septem
506 4573 603 4624 dierum
622 4577 830 4639 oppugnationem
848 4575 1017 4625 Novoberdom
1030 4586 1057 4623 se
1068 4572 1190 4625 dedidisse
1204 4574 1287 4625 tradit.
1301 4574 1395 4625 Deinde
1414 4578 1523 4638 Τειρεσία
1538 4578 1563 4624 ε1
1574 4572 1671 4624 Βιιίιιιι

68 4642 171 4694 urbibus
185 4645 259 4695 Torci
271 4644 344 4706 potiti
359 4646 431 4706 tunt,
447 4647 477 4695 ut
487 4644 554 4695 idem
568 4647 653 4695 namt
666 4644 839 4695 seededdinuo.
853 4645 864 4707 11
878 4644 925 4707 -§
939 4648 962 4694 θ.
976 4646 1012 4694 ὅτι
1023 4644 1125 4707 πολλὴν]
1139 4642 1213 4693 modo
1227 4644 1278 4704 sic,
1295 4644 1369 4693 modo
1380 4644 1415 4693 ὅτι
1427 4645 1537 4700 πλείστην
1552 4642 1670 4691 Critobu-

69 4715 110 4765 Ιιιε
122 4714 190 4765 dicit.
206 4716 244 4767 Gi.
256 4718 293 4765 ὀτι
308 4718 404 4775 πολλὴν,
416 4721 439 4777 3,
452 4720 521 4775 1θ,3.
536 4719 560 4775 4,
578 4720 615 4775 io,
629 4720 644 4766 4
658 4719 685 4766 et
700 4721 736 4766 to.
751 4721 774 4775 i,
795 4721 832 4777 16,
844 4723 879 4773 9ο
892 4718 928 4765 ότι
938 4719 1039 4773 πολλῶν,
1056 4719 1079 4775 3,
1094 4720 1134 4774 20,
1148 4720 1172 4765 3.
1190 4718 1294 4775 1,θ,ν;
1309 4716 1463 4776 ότιπολλούς,
1477 4719 1501 4775 4,
1518 4718 1588 4774 1θ,ί.
1606 4715 1615 4775 11
1641 4742 1669 4751 -

69 4786 110 4832 καὶ
130 4784 182 4845 τρία
199 4786 240 4833 καὶ
282 4786 397 4849 ῖήαονια]
409 4789 461 4835 vox
473 4785 527 4849 τρία
538 4784 622 4834 addin
632 4798 708 4835 manu
718 4785 832 4836 seeundo
852 4785 951 4849 legitur
963 4784 1054 4835 codicis
1071 4798 1126 4848 png.
1141 4790 1184 4836 111
1200 4799 1274 4835 versu
1287 4788 1384 4848 quarto.
1397 4784 1496 4848 Reliqua
1510 4783 1603 4847 pogioae
1614 4796 1672 4847 pars

69 4866 156 4904 vacue.
176 4854 187 4917 11
202 4880 234 4891 -·
246 4855 367 4918 πέμπτον]
385 4856 420 4905 sic
432 4858 500 4905 recte
520 4867 621 4917 margo,
632 4856 732 4919 τέτταρα
746 4858 809 4905 text.
823 4856 834 4918 11
853 4884 878 4892 -
893 4856 1011 4905 ἐπάνεισιν
1027 4855 1051 4911 ές
1067 4856 1109 4913 τὴν
1120 4853 1252 4917 Ἀδριανοῦ]
1264 4853 1405 4904 Secundum
1417 4852 1565 4905 Seadeddin.
1579 4868 1603 4917 p.
1628 4852 1670 4902 17³

70 4923 259 4975 Mechemetese
276 4925 360 4975 Servio
372 4938 416 4989 per
436 4926 553 4975 cossovae
570 4922 695 4986 planitiem
717 4923 931 4984 Thessalonicam,
951 4923 1010 4973 inde
1028 4938 1089 4975 vero
1103 4924 1340 4987 constantinopolim
1360 4936 1414 4974 sese
1436 4924 1547 4973 contulit.

103 4992 132 5041 Χ.
147 4992 162 5057 §
180 4999 201 5042 1.
218 4994 265 5043 Καὶ
279 4994 392 5059 ὶματίοις]
405 4993 461 5044 add.
473 5006 565 5057 margo.
580 4992 591 5057 11
604 4995 685 5049 -τάς
699 4993 723 5041 ἐν
739 4998 786 5048 τοῖς
801 4994 897 5050 κόλποις
913 4992 997 5056 Ἀθύρει
1009 5010 1033 5043 τε
1049 4996 1090 5044 καὶ
1097 4995 1209 5058 Ῥηγίου]
1222 4996 1268 5044 Per
1276 5006 1319 5043 eas
1328 4992 1455 5045 transiisse
1470 5006 1552 5056 regem
1564 4994 1670 5045 Thessa-

71 5060 152 5111 looieo
165 5063 401 5127 constantinopolim
413 5065 557 5114 redeuntem
569 5066 759 5113 oonoeotooeom
769 5067 817 5115 eet.
832 5064 843 5127 1
859 5090 890 5100 -
906 5071 928 5113 2.
941 5066 1068 5127 προσέταξα
1076 5065 1086 5129 1
1095 5064 1151 5114 odd.
1172 5078 1237 5129 mgo.

103 5135 146 5183 xi.
166 5132 351 5196 Expeditionem
364 5136 450 5183 oontra
466 5136 555 5184 AEnum
570 5132 705 5183 Pinntzes
717 5134 816 5184 omnino
833 5147 883 5183 oon
899 5138 1090 5195 commemoret,
1101 5136 1186 5184 Duces
1205 5144 1265 5183 vero
1281 5146 1304 5196 p.
1318 5136 1373 5195 ³³5,
1386 5136 1400 5182 7
1417 5136 1443 5183 et
1464 5134 1672 5199 chelooooodyles
