3809 5859
202 187 206 191 “
230 212 288 271 roo
667 201 869 265 cononum
891 202 1151 265 ursuournuuu
1172 202 1242 264 niu.
1265 204 1302 277 n,
1326 206 1389 265 u-r.

218 316 341 400 ι’ίίλανιίἰν
363 336 507 415 ληστρικδις
532 340 594 401 ναῦς
615 334 794 413 καταιρούσας
818 336 917 405 αὐτοῦ,
954 332 1000 391 καί
1054 356 1129 409 μενος
1138 331 1210 399 εὖθῦς
1220 333 1337 413 ἀφανίζει
1348 334 1391 394 τὀν
1400 333 1522 413 φρυκτόν.
1550 331 1694 393 Καὶοῦτυι
1706 330 1751 401 δὴ
1763 332 1862 389 σκεδα-

230 428 305 489 αύτοὶ
319 426 408 506 ἐτέρας
423 428 640 503 ἀντιπληροῦντες
654 423 764 483 ἐκάκουν
782 432 872 481 πᾶσαν
885 423 933 495 τὴν
946 444 999 480 πα·
1055 419 1230 501 σθεῖσαιάλλη
1239 419 1284 478 καί
1292 420 1359 500 άλλγ,
1369 426 1415 479 τοῦ
1423 420 1550 497 πελάγους
1559 419 1693 499 ἐφέροντο
1701 418 1858 495 παννύχιαι

229 520 322 595 ραλίαν
340 520 386 575 τοῦ
401 525 406 588 j
410 514 550 594 βασιλέως.
567 510 619 579 Ὧς
633 514 661 571 δὲ
680 514 726 571 καί
745 514 768 570 oi
789 511 901 583 Νάξιοι,
923 510 1000 591 δεχό-
1054 506 1257 587 χειμαίόμεναι,
1272 506 1320 575 έως
1334 508 1420 589 ἡμέρα
1438 532 1467 567 τε
1481 508 1585 585 ἐγένετο
1602 506 1654 565 καὶ
1670 504 1860 583 κατήχθησαν

228 626 302 680 μενοι
321 605 367 661 καί
391 600 466 661 αὐτοὶ
488 600 535 668 τίς
556 599 696 680 κατάρσεις
721 603 772 657 τῶν
795 603 927 678 πειρατῶν
953 598 999 656 καὶ
1056 594 1131 671 μόγις
1161 617 1211 653 που
1235 594 1304 675 άλλη
1324 594 1368 653 καί
1387 597 1454 675 άλλη
1475 598 1520 665 τῆς
1543 595 1634 673 ταύτῃ
1658 592 1807 668 ἠπεέραυ,
1829 594 1861 657 ὃς

225 689 384 769 παρέχοντες
398 688 499 754 τούτοις
513 688 627 759 σιτήσεις
648 708 677 745 τε
695 685 741 746 καί
755 686 789 746 ‘ed
804 686 873 745 ἀλλα
886 684 920 745 τί
932 684 999 763 πρὸς
1055 682 1147 760 ἔτυχον
1163 682 1260 765 έκάστη
1275 687 1450 763 περισωθεῖσα
1464 687 1510 741 τοῦ
1530 683 1689 748 κλύδωνος.
1711 679 1755 759 (ej
1770 678 1860 740 Ἔνιει

227 776 276 847 τήν
291 777 403 859 χρείαν,
417 777 549 836 έόλαπτον
561 776 606 834 καί
619 775 693 835 αὐτοί
706 778 753 834 οὐκ
769 774 845 853 όλέγα
858 773 908 845 τήν
925 776 1002 853 βασι·
1056 770 1084 831 δέ
1100 770 1147 829 καί
1160 778 1335 851 καταχθεῑσαι
1355 770 1449 852 μικρόν
1469 770 1601 850 ἀπωτέρω
1621 773 1679 839 τῆς
1701 772 1763 843 γῆς
1785 770 1860 826 κατέ-

225 865 301 931 λέως.
314 863 379 926 Ἐπί
394 862 495 931 τούτοις
510 853 555 921 οῦν
566 862 610 923 τόν
622 862 712 922 στόλον
727 861 880 945 ἐξέπεμψεν.
1056 859 1153 931 δυσαν,
1175 858 1283 939 ὑφάλοις
1296 882 1326 918 τι
1340 859 1386 919 καί
1410 858 1534 919 σπιλάσιν
1556 856 1767 936 ἐγκύρσασαε,
1785 858 1813 913 αἱ
1832 859 1856 914 ἃ

267 954 314 1014 iv.
329 952 458 1025 ’ίονούξης
471 952 499 1011 δέ
512 949 655 1030 πληρώσας
668 949 828 1028 ἀγδοήκοντα
839 955 902 1017 ναῦς
915 973 998 1030 στρα-
1054 945 1101 1013 τάς
1116 946 1241 1026 μηχανὰς
1255 948 1379 1027 φέρουσαι
1394 950 1452 1017 νῆες
1475 946 1525 1005 ύπό
1539 970 1568 1005 τε
1585 948 1638 1017 τῆς
1663 942 1735 1021 βίας
1754 946 1803 1000 τοῦ
1820 947 1857 1021 φεῖ

225 1039 350 1109 τιώτιδας
368 1040 414 1099 καί
432 1041 544 1105 ὁπλίσας
557 1041 661 1110 καλῶς,
684 1039 730 1096 καί
752 1037 842 1117 ἑτέρας
864 1061 1000 1115 σκευαγω·
1055 1034 1099 1093 καὶ
1113 1038 1160 1105 τῆς
1171 1034 1311 1111 τρικυμίας
1325 1034 1444 1101 ἀτάκτως
1456 1032 1620 1114 φερόμεναι,
1644 1034 1681 1090 αί
1702 1030 1762 1106 μὲν
1776 1030 1856 1088 adse·

226 1126 291 1205 γοὺς
301 1128 349 1186 οὐκ
362 1128 453 1205 ὀλίγας
467 1126 512 1187 καὶ
526 1126 654 1205 φερούσας
669 1124 717 1192 τάς
734 1123 866 1204 μηχανὰς,
881 1126 1001 1203 ἀναχθεὶς
1055 1119 1192 1189 σκοπέλοις
1207 1146 1237 1181 τε
1255 1122 1300 1181 καί
1324 1122 1417 1188 ἀκταῖς
1437 1118 1670 1202 προσαρράξασαε
1703 1116 1856 1195 ξυνεπρίῦη·

227 1215 281 1274 ἀπὸ
303 1214 522 1281 Καλλιουπολεως
543 1214 617 1272 έπλιι
639 1211 682 1271 διὰ
709 1219 754 1271 τοῦ
774 1213 1000 1285 Ἕλλησιτοντικοῦ
1055 1230 1120 1280 σαν,
1136 1207 1181 1267 καί
1194 1211 1221 1267 αί
1237 1210 1365 1278 έναύταῖς
1378 1208 1496 1289 μηχαναί
1509 1210 1592 1268 αὐτοῦ
1608 1228 1671 1265 που
1689 1204 1853 1277 κατέδυσαν,

227 1306 344 1382 πορθμοῦ
362 1300 422 1361 εὐθύ
441 1305 493 1360 τῶν
512 1303 738 1378 Αίγοσποταμῦιν,
757 1299 804 1358 καὶ
828 1298 1000 1381 παραμείψας
1055 1298 1083 1355 αἱ
1103 1294 1127 1355 δ’
1138 1296 1185 1377 ὀφέ
1196 1296 1241 1356 καὶ
1255 1297 1329 1373 μολις
1342 1296 1549 1379 περιεσώθησαν.
1895 1309 1896 1380 γ

227 1388 331 1460 Σηστόν
351 1389 439 1448 τεκαὶ
457 1387 568 1449 Ἀύυδον
591 1389 638 1448 καί
655 1388 702 1455 τίς
722 1388 888 1465 καλουμένας
915 1388 1000 1453 Κυνός
1095 1383 1130 1443 V.
1146 1385 1275 1456 Ἰονούζης
1293 1385 1398 1461 δὲμετά
1411 1388 1475 1445 ναῦν
1488 1384 1514 1455 ίξ
1534 1381 1725 1465 ἀπολειφθεὶς
1743 1382 1795 1439 καί
1813 1406 1854 1439 τε·

226 1476 358 1558 κεφαλάς,
372 1476 471 1556 γίνεται
484 1475 554 1535 κατὰ
574 1474 622 1547 τήν
636 1474 784 1555 Δαρδανίαν
802 1475 868 1555 πρὸς
886 1479 924 1556 τῷ
940 1474 1001 1534 στό-
1054 1469 1166 1550 νήμερος
1178 1474 1204 1531 έν
1219 1476 1257 1551 τῷ
1273 1474 1382 1552 πελάγει
1398 1471 1589 1553 χειμαζόμενός
1603 1496 1635 1531 τε
1655 1469 1712 1530 καὶ
1728 1471 1854 1528 κλυδωνι-

228 1588 293 1637 ματι
306 1569 351 1623 τοῦ
374 1568 508 1644 πορθμοῦ·
527 1562 717 1644 παραπλεύσας
740 1563 767 1623 δέ
783 1562 814 1622 τό
828 1586 859 1622 τε
872 1562 959 1625 ‘Peior
971 1564 1002 1621 τὸ
1055 1561 1160 1636 ζόμενος
1177 1560 1253 1638 μόλις
1266 1583 1317 1621 που
1332 1562 1378 1621 καί
1393 1562 1468 1628 etsi<
1486 1560 1552 1640 πρὸς
1565 1558 1704 1641 ἑσπέραν
1727 1560 1758 1625 ἐς
1773 1559 1816 1617 τόν
1832 1564 1852 1618 ἑν

226 1652 346 1731 Τρωικὸν
359 1653 405 1710 καί
419 1652 450 1711 τὸ
468 1651 608 1731 Ἀχιλλέως
620 1658 694 1729 σῆμα
706 1651 828 1731 κατήχθη
844 1654 870 1718 ἐς
878 1650 1001 1712 Τένεδον·
1055 1646 1164 1728 ’ῇΧίιρ
1175 1647 1296 1728 κατήχθη
1309 1649 1421 1727 λιμένα,
1432 1647 1570 1729 διάθροχος
1585 1648 1636 1707 καὶ
1648 1647 1756 1707 πάντα
1773 1646 1851 1706 rtet

227 1742 261 1819 iu)
276 1740 411 1817 ἐπιμείνας
428 1739 455 1797 dd
470 1740 554 1820 ταύτῃ
577 1738 622 1798 δύο
635 1739 736 1821 ἡμέρας
749 1740 796 1799 καί
812 1739 1003 1819 ῦδρευσάμενος
1055 1738 1107 1793 τῶν
1123 1737 1358 1817 καταστρωμάτων
1373 1736 1527 1798 ἀποόαλών·
1539 1737 1620 1818 παρὰ
1634 1740 1781 1795 τοσοῦτον
1796 1726 1848 1805 ἦλθε

229 1829 272 1897 τάς
286 1850 314 1889 τε
335 1832 399 1894 ναῦς
430 1825 536 1895 ἁπάσας
555 1826 706 1906 ξυναγαγών
723 1828 867 1908 (ὑστέριζον
888 1826 940 1908 γδρ
963 1826 1003 1903 iq
1056 1821 1185 1883 κίνδυνον·
1229 1826 1263 1902 (ε)
1279 1823 1379 1907 ἡμέρας
1393 1824 1421 1885 θί
1435 1833 1502 1907 τρεῖς
1524 1824 1677 1902 ἐπιμείνας
1693 1826 1725 1881 ἰν
1742 1822 1804 1901 Χίῳ
1815 1827 1850 1881 καὶ

226 1915 327 1975 τούτων
342 1914 425 1991 ίνιαι,
440 1916 509 1976 κατά
528 1913 576 1986 τήν
591 1916 674 1995 ταύτῃ
687 1915 821 1996 παραλίαν
835 1915 923 1997 ἐρέτας
936 1914 1002 1983 ξυλ-
1059 1907 1103 1969 τόν
1121 1912 1317 1992 περιλειφθέντα
1334 1913 1425 1973 στόλον
1440 1914 1527 1972 πάντα
1546 1909 1720 1990 ξυναγαγὼν
1738 1911 1788 1969 καὶ
1802 1912 1849 1967 ἐτι·

227 2005 382 2080 λέγουσαι),
396 2003 487 2071 νυκτός
508 2003 587 2082 όρας,
616 2001 661 2061 ίνα
681 2002 719 2080 μὴ
749 2003 875 2071 ἔκπυστος
894 2004 1003 2083 γένηται
1056 1998 1286 2067 σκευάσαςέκτῶν
1297 2002 1417 2080 ἐνόντων,
1430 2002 1553 2083 ἀναχθεὶς
1565 2004 1678 2060 ἐκεῖθεν
1692 2001 1848 2081 καταίρειές

228 2089 325 2159 θεαθεὶς
341 2090 477 2169 (έόούλετο
490 2090 542 2169 γάρ
556 2090 693 2150 λανθάνειν
703 2093 740 2159 ώς
751 2088 785 2149 τά
798 2090 913 2169 πολλὰ),
928 2091 1003 2149 ἔπλει
1058 2088 1119 2147 Κῶν
1142 2084 1189 2158 τὴν
1205 2090 1301 2161 νῆσον,
1316 2090 1361 2148 καί
1381 2087 1483 2156 ἀποῦάς
1504 2089 1591 2169 έκεερέ
1609 2113 1643 2148 τε
1663 2088 1720 2159 τήν
1733 2092 1786 2165 γῆν
1803 2092 1847 2146 τῶν

226 2179 257 2237 τὸ
276 2182 392 2254 Αἰγαῖον
396 2223 405 2252 ,
421 2180 448 2237 ἰν
462 2178 533 2259 δεξιᾷ
547 2178 595 2256 μὲν
607 2178 676 2257 έχων
691 2178 737 2245 τθις
752 2178 883 2245 Κυανέδας
905 2178 1001 2249 νήσους
1059 2174 1162 2255 Κῴων,
1187 2175 1231 2234 καὶ
1253 2176 1411 2257 προσθαλιλν
1432 2181 1471 2256 τῷ
1495 2177 1586 2249 duret,
1616 2175 1787 2255 ἐπολιόρκει
1810 2178 1846 2232 ἔτί

226 2264 1000 2348 κατὰπρύμναν,ἐνάριστερᾷδέτήνΛέσθονκατάπρώραν.
1056 2263 1139 2341 τρισίν
1165 2264 1294 2343 ἡμέραις·
1317 2267 1352 2332 ὡς
1372 2264 1394 2323 δ’
1415 2264 1488 2325 οὐδέν
1505 2264 1603 2337 ήνυεν,
1627 2264 1786 2343 ἐμπρήσας
1807 2263 1844 2327 τίς

228 2356 261 2434 (³)
287 2354 385 2435 Αίφνης
406 2353 433 2413 δέ
452 2356 564 2436 σφοδροῦ
585 2354 792 2436 καταρραγέντος
809 2359 938 2433 χειμῶνος
956 2355 1001 2413 καί
1057 2350 1109 2431 πρὸ
1122 2354 1168 2409 τοῦ
1185 2352 1277 2419 ἄστεος
1296 2352 1395 2429 οἰκίας,
1416 2352 1461 2411 καί
1482 2362 1571 2412 πᾶσαν
1584 2352 1637 2423 τὴν
1663 2353 1761 2423 ἀλλην
1776 2354 1843 2421 sinn

227 2442 357 2509 κλύδωνος
371 2443 439 2518 μετὰ
449 2440 556 2522 λάθρων
565 2444 646 2501 θετῦν
659 2442 703 2499 καί
716 2444 857 2523 ἀστραπῶν
872 2442 917 2501 καὶ
927 2446 1002 2527 βρον-
1055 2437 1236 2520 καταδραμὼνΙ
1246 2439 1291 2497 καί
1299 2438 1391 2517 κώμας
1404 2440 1552 2519 διαρπάσας
1559 2438 1608 2499 καί
1624 2437 1711 2499 λείαν
1723 2439 1843 2509 πλείστην

227 2534 279 2589 τῶν
290 2531 336 2589 καί
344 2529 500 2607 πνευμάτων
508 2528 628 2599 ἐξαισίων
637 2529 683 2588 καὶ
693 2531 896 2607 σκότους,τ’ήςτε
905 2529 1002 2588 θαλάσ-
1054 2524 1151 2593 ἐλάσας
1164 2526 1209 2584 καί
1222 2535 1278 2593 ταῖς
1290 2526 1379 2586 ναυσὶν
1393 2526 1524 2603 ἐνθέμενος
1535 2525 1664 2604 ἐπανήει.
1715 2528 1754 2604 (ε)
1773 2528 1796 2584 Γ
1796 2528 1841 2584 ενό-

227 2640 275 2689 σης
287 2617 459 2697 ἀγριουμένης
482 2615 528 2676 καί
544 2617 683 2698 τρικυμίας
698 2618 847 2696 ἐγειρούσης
866 2616 998 2695 μεγάλας,
1055 2637 1132 2691 μενος
1143 2615 1171 2673 δέ
1190 2614 1259 2674 κατδι
1275 2613 1405 2676 Φώκαιαν
1426 2612 1473 2685 τὴν
1493 2614 1552 2673 νέαν
1570 2614 1751 2693 λεγομένην,
1776 2615 1839 2674 Χίων

227 2705 317 2786 ὥσπερ
327 2706 430 2777 ξύνηθες
436 2708 474 2785 τῷ
484 2700 595 2785 Ᾱίγαίῳ,
604 2705 639 2765 τθι
648 2704 695 2781 μέν
702 2710 794 2785 πρῶτα
803 2704 895 2764 έέελεον
905 2710 932 2765 αἱ
942 2710 1001 2777 νῆες
1055 2693 1146 2777 ούσαν,
1158 2703 1203 2761 καί
1212 2702 1342 2763 ἀπόθεσιν
1354 2696 1529 2779 ποιησάμενος
1539 2702 1742 2779 παρεστήσατο
1750 2704 1838 2772 ταύτην

227 2802 311 2853 πᾶσαι
320 2795 381 2871 περί
391 2793 495 2851 πουτδν
507 2792 619 2873 φρυκτὸν
628 2797 675 2863 τῆς
684 2793 852 2872 στρατηγίδος
862 2791 1003 2867 νεὼςέπό·
1056 2790 1193 2871 ὁμολογίᾳ.
1208 2793 1293 2852 Τοῦτο
1307 2791 1328 2851 δ’
1342 2791 1464 2863 ἐποίησεν
1485 2790 1636 2857 ἐνσπόνδοις
1663 2790 1754 2871 ὀργήν
1774 2792 1835 2869 ἔχειν

228 2904 305 2956 μεναι
315 2879 408 2958 ταύτῃ,
417 2880 463 2939 ἅτε
473 2880 500 2939 δέ
510 2883 537 2939 ἐν
546 2880 672 2940 νυκτίκαί
682 2880 767 2961 σκότῳ
778 2881 904 2960 βαθεῑκαὶ
913 2903 1001 2960 τρικυ·
1058 2886 1111 2944 τοῖς
1131 2876 1221 2952 Χίοις,
1243 2878 1283 2937 ότι
1302 2900 1332 2955 γε
1353 2878 1401 2938 ούκ
1421 2877 1540 2947 ἐδέξαντο
1560 2883 1656 2937 τοῦτον
1679 2882 1773 2944 καλῶς
1792 2881 1837 2937 ἐκεῖ

228 2967 276 3048 μίιγ
289 2967 401 3046 μεγίστη
412 2967 457 3026 καί
467 2969 599 3045 καταιγίδι
608 2968 654 3028 καί
669 2968 827 3046 πνευμάτων
842 2969 1002 3035 ἀντιπνοίαις
1059 2965 1242 3044 καταχθέντα,
1259 2967 1318 3026 οὐδὲ
1333 2975 1386 3033 τοῖς
1404 2966 1566 3047 προσήκουσι
1580 2965 1680 3045 δώροις
1698 2968 1834 3042 ἐτίμησαν.

227 3055 347 3122 ἀτάκτως
362 3055 504 3135 φερόμεναι
517 3054 671 3124 ξυνίπιπτον
686 3056 813 3127 ἀλλήλαις
834 3058 879 3115 καὶ
899 3079 1001 3137 προση·
1059 3052 1089 3133 (ι)
1105 3054 1207 3119 Διαθεὶς
1226 3053 1253 3111 δί
1273 3054 1306 3113 'cd
1329 3052 1397 3111 κατδι
1418 3055 1464 3127 τήν
1489 3054 1623 3115 Φώκαιαν
1645 3058 1688 3121 ὡς
1712 3047 1748 3127 ἦν
1771 3056 1834 3133 αύτῷ

228 3143 367 3219 ράσσοντο,
393 3140 440 3199 καί
459 3142 615 3202 κατεδύοντο
636 3145 664 3201 αί
680 3143 785 3211 πλείους
807 3146 904 3221 αὐτοῦ,
932 3143 1001 3203 ὥστε
1058 3141 1126 3199 κατὰ
1134 3146 1203 3215 νοῦν,
1215 3139 1260 3219 καί
1268 3138 1387 3220 φυλακὴν
1395 3142 1596 3220 ἐγκαταστήσας
1606 3142 1736 3223 αύτῇκαί
1747 3144 1835 3206 παῑέες

226 3228 330 3298 καίτήν
347 3230 509 3306 στρατηγίδα
531 3235 593 3289 ναῦν
608 3234 703 3309 μικροῦ
714 3232 860 3290 κατέδυσαν
875 3230 906 3291 δν
916 3235 1002 3291 duero·
1058 3227 1148 3287 λαῦιίιν
1170 3228 1333 3289 ἀπέπλευσεν
1356 3227 1400 3287 ἐπί
1429 3226 1500 3289 airon
1519 3232 1544 3295 ές
1568 3232 1769 3290 Καλλεαύαολιν
1790 3230 1835 3286 καὶ

225 3319 355 3401 πεσοῦσαι
381 3316 488 3395 ἀθρόαι,
503 3318 527 3375 εί
548 3316 614 3391 μήθ
637 3317 800 3397 κυόερνήεης
816 3324 893 3377 τοῦτο
909 3320 1000 3380 αἰσθό-
1057 3316 1157 3375 διέλυσε
1173 3316 1217 3375 τὀν
1232 3316 1333 3378 στολον.
1348 3316 1380 3397 (ε)
1424 3317 1553 3377 'trieris
1568 3318 1596 3377 δέ
1611 3321 1668 3377 τῶν
1684 3318 1833 3394 νεῶνέντξι

222 3554 302 3604 ditum
319 3552 420 3617 videus,
439 3559 506 3607 retro
520 3570 619 3609 συιειυιι
637 3572 711 3623 egens
736 3559 762 3609 in
775 3560 827 3611 Con
845 3562 951 3612 insutum
963 3563 1069 3627 appulit,
1084 3564 1108 3613 in
1120 3576 1197 3627 eoque
1215 3576 1259 3627 per
1270 3563 1324 3614 dies
1338 3570 1367 3613 ιι
1381 3562 1499 3613 Raudium
1517 3562 1646 3611 castollum
1667 3561 1770 3611 obsedit
1784 3562 1832 3609 iru-

226 3626 289 3675 stru.
305 3625 399 3676 Deinde
413 3626 439 3674 in
455 3627 543 3677 Cinium
555 3641 682 3688 reversus,
694 3633 750 3679 orto
766 3628 831 3679 inter
847 3630 922 3681 Chios
940 3635 966 3681 et
983 3634 1076 3682 Turcos
1094 3632 1221 3695 tumultu,
1241 3646 1330 3683 nauem
1353 3646 1402 3681 unu
1424 3646 1483 3681 cum
1502 3632 1565 3681 uiris
1580 3630 1702 3695 perdidit.
1724 3630 1831 3694 lienique

228 3695 375 3757 Mytilenen,
390 3697 449 3767 hine
466 3698 617 3762 callipolim,
632 3714 708 3762 quum
720 3698 818 3750 duobus
838 3701 966 3752 mensibus
985 3706 1042 3753 unte
1058 3703 1204 3767 reliquerat,
1225 3704 1305 3755 rediit.
1328 3704 1440 3767 Callipoii
1457 3703 1639 3766 Adriuuopoiinn
1657 3702 1693 3751 od
1711 3715 1793 3765 regern
1806 3714 1829 3750 εε

221 3766 340 3826 eontulit,
354 3769 398 3830 qui
411 3770 519 3818 Humzun
531 3781 546 3817 n
556 3770 672 3820 nuvurchi
686 3782 788 3821 munere
797 3772 903 3822 remouit
922 3776 949 3823 et
960 3773 1028 3824 ciniis
1041 3774 1131 3823 bellurn
1141 3772 1429 3833 inferendumdecrevit‚
1439 3774 1507 3836 quod
1531 3772 1635 3824 Octobri
1649 3786 1741 3823 mense
1755 3772 1831 3821 intulit

227 3842 326 3888 ionuzn.
341 3838 484 3889 Critobulus
495 3841 593 3889 flumine
606 3843 632 3891 et
640 3843 741 3890 Jouuzae
752 3841 921 3905 expeditiones
931 3842 958 3891 in
967 3855 1040 3892 nnurn
1051 3842 1202 3906 eandemque
1213 3843 1276 3893 rusie
1291 3843 1397 3893 nuntiare
1410 3842 1517 3893 videtur.

254 3910 297 3957 iv.
309 3907 324 3971 §
334 3910 355 3956 i.
371 3908 545 3973 ὀγοοήιιοντα]
555 3909 693 3960 seeundum
701 3912 797 3975 Ducum
803 3926 828 3975 p.
844 3914 886 3961 331
899 3914 993 3961 Jonuzn
1004 3910 1193 3975 vigintitontnm
1204 3926 1279 3963 naves
1286 3912 1383 3976 eduxit,
1398 3926 1503 3977 quorum
1520 3916 1616 3977 sepiem
1631 3912 1738 3977 (viginti
1749 3954 1751 3959 .
1761 3912 1829 3975 quin-

222 3990 274 4040 que
286 3990 336 4027 sec.
352 3978 445 4029 critob.
454 3987 477 4037 5.
493 3978 522 4042 5)
536 3980 643 4042 perdidit
654 4002 661 4030 ι
672 3982 742 4031 πέντε
753 3982 781 4031 ἐκ
792 3988 840 4031 τῶν
855 3982 878 4031 κ’
887 3982 927 4045 (π’
939 3995 989 4031 sec.
1002 3981 1142 4043 critooui.)
1155 3983 1385 4047 κατεποντίσθησαν,
1394 3985 1435 4033 καὶ
1448 3985 1490 4033 δύο
1499 3984 1523 4032 έν
1536 3990 1586 4040 ταῖς
1596 3984 1684 4040 ἀκταῖς
1700 3984 1830 4044 συνετρίθη-

225 4063 280 4096 σαν.
295 4046 306 4108 d
321 4071 353 4083 -
362 4048 390 4096 τό
403 4064 429 4097 τε
438 4049 523 4111 Ῥοῖον]
538 4050 567 4099 τὸ
573 4051 683 4100 Ῥοίτειον
692 4062 743 4100 uren
753 4052 865 4115 Trojante
877 4050 1006 4114 intelligas.
1023 4050 1034 4114 ΙΙ
1048 4077 1080 4087 -
1090 4052 1131 4107 τὰς
1141 4054 1258 4110 Κυανίὂας
1270 4052 1370 4117 νήσους]
1381 4058 1403 4103 Α
1411 4053 1509 4103 Tenedo
1527 4052 1650 4117 naviganti
1670 4052 1706 4102 nd
1719 4052 1829 4103 dextro·

222 4120 249 4167 et
268 4117 371 4180 upuppi
386 4122 440 4167 erat
452 4121 560 4169 Lemnos
572 4119 665 4181 ἰυευίε,
684 4120 747 4171 odeo
762 4124 793 4171 nt
812 4120 877 4171 hene
898 4119 1004 4171 munium
1020 4121 1124 4171 vulcani
1143 4122 1198 4184 igne
1217 4123 1332 4174 adustum
1349 4125 1484 4188 (Αἰθάλειαν
1497 4124 1614 4187 Polybius
1626 4123 1707 4185 dixit)
1720 4128 1749 4173 et
1765 4123 1829 4186 udin·

224 4189 308 4236 centes
326 4187 440 4249 scopulos
460 4189 577 4246 Κυανίδας
591 4190 674 4241 dicere
690 4190 812 4241 videntur.
835 4194 871 4242 ite
889 4190 921 4242 de
935 4190 1051 4255 Gulyduiu
1070 4193 1223 4256 cogitemus,
1240 4194 1302 4244 situs
1321 4194 1408 4243 iturum
1425 4194 1564 4243 insularum
1576 4194 1678 4244 obstare
1696 4192 1826 4253 rideturi

224 4284 256 4299 ...
268 4252 315 4317 §u
328 4256 508 4321 θκνῦερνήτης]
519 4260 548 4319 ι’·,ν
556 4264 656 4316 Λατῖνος
667 4261 777 4318 Ίσιτανθς
786 4262 821 4326 τῷ
829 4263 900 4323 γένει,
911 4265 939 4311 ui
952 4265 1035 4311 Duces
1047 4262 1082 4311 nit
1090 4276 1114 4326 p.
1129 4267 1184 4326 sut,
1198 4267 1235 4315 17.
1253 4264 1264 4328 ΙΙ
1279 4292 1306 4305 -·
1315 4265 1330 4328 §
1340 4268 1365 4314 4.
1380 4262 1541 4328 έγεῦρσασαι]
1556 4264 1593 4313 εἰσ
1606 4276 1674 4327 ingo,
1687 4264 1828 4326 έγγρίδασπ

225 4329 286 4376 texi.
303 4324 313 4387 ΙΙ
327 4353 359 4362 -
371 4329 564 4394 προσαράξασαι]
578 4331 615 4381 siu
626 4343 691 4394 mgr),
705 4331 861 4382 detonderunt
873 4334 938 4383 tent.

254 4400 284 4449 V.
296 4398 311 4461 S
322 4402 344 4446 2.
362 4396 481 4479 ἘνίΧίῳ]
497 4398 533 4449 sic
543 4414 612 4464 mgn3
622 4401 694 4451 αὑτοῦ
707 4405 769 4452 texi.
783 4403 794 4465 ΙΙ
805 4429 836 4439 -
847 4403 930 4452 ἐκτῶν
943 4402 1057 4469 ἀνέντων]
1074 4406 1122 4455 ἀπὸ
1137 4410 1184 4454 τῶν
1200 4406 1275 4456 ὄντων
1298 4409 1378 4467 θέεις
1396 4404 1455 4455 iilud
1474 4417 1539 4468 nugo.
1557 4432 1588 4440 —
1605 4404 1723 4455 Geiemm
1742 4406 1828 4458 ioum

223 4477 305 4550 neque
321 4466 354 4516 ed
369 4465 458 4549 Chium
472 4469 577 4520 olnssem
594 4471 734 4535 recollegit,
750 4485 832 4535 neque
847 4473 899 4524 Gon
915 4473 1018 4523 insulem
1041 4475 1161 4538 vastavit,
1176 4490 1254 4539 quum
1273 4476 1345 4527 aliter
1359 4488 1411 4526 rem
1423 4478 1529 4539 exponat
1543 4477 1636 4533 Durus,
1657 4474 1731 4537 cujus
1752 4475 1825 4535 major

220 4550 247 4586 ιιι
266 4538 306 4587 his
318 4541 460 4618 enotorntus
476 4542 551 4591 Neris
564 4555 618 4605 quu¹
628 4542 785 4605 ipseionuzu
802 4545 946 4607 vehebatur,
960 4558 1004 4609 per
1016 4549 1097 4597 toturn
1108 4549 1174 4600 diem
1189 4549 1306 4600 seviente
1322 4552 1480 4611 tempestiue,
1491 4559 1580 4596 versus
1591 4545 1716 4609 Cyclades
1732 4546 1825 4595 insulas

223 4606 360 4666 nuenarii,
372 4606 461 4658 demde
473 4622 532 4659 vero
542 4614 599 4673 post
609 4615 706 4663 noctem
718 4626 830 4663 serenum
839 4615 920 4679 primo
932 4629 1006 4667 mune
1016 4616 1041 4667 iu
1051 4617 1138 4670 uiuum
1152 4632 1239 4670 versus
1254 4624 1338 4669 ortum
1356 4618 1475 4669 defertur.
1494 4621 1590 4668 intereo
1605 4616 1713 4680 reliquie
1733 4627 1822 4677 nares,

219 4689 281 4759 qno
292 4680 475 4762 tempestatem·
485 4680 637 4743 effugerunt,
647 4682 672 4731 in
692 4684 821 4745 iiytdenes
841 4690 940 4748 portum
959 4685 1117 4739 devenerunt.
1135 4689 1218 4740 ibide
1236 4690 1307 4741 dunis
1327 4694 1394 4741 sorte
1411 4688 1479 4739 ennii
1497 4687 1572 4737 Turei
1591 4700 1700 4753 vespero
1715 4700 1825 4739 novetur

224 4749 280 4828 cun
308 4761 407 4831 regione
420 4753 558 4803 renuentem
578 4753 742 4816 oonspieiuut‚
763 4757 790 4804 et
803 4769 865 4818 pone
885 4757 948 4807 inane
965 4770 1024 4807 ιιιοιι
1038 4758 1152 4819 ultorum,
1169 4773 1226 4823 quun
1241 4763 1293 4811 erut
1305 4759 1347 4810 iiia
1363 4762 1473 4809 Ιίοιιυεεο.
1493 4760 1520 4807 1ο
1540 4760 1634 4807 terrum
1646 4770 1766 4820 egressus
1778 4762 1825 4807 eta

220 4817 337 4879 ΝιοοΙεο,
352 4820 468 4884 principis
480 4822 623 4872 Lesbiomm
636 4824 727 4885 inette,
747 4825 855 4875 comiter
869 4828 991 4890 ennepius
1004 4830 1099 4879 1ῐοιιυιιι
1117 4843 1205 4879 novem
1223 4829 1305 4892 ilium,
1318 4842 1375 4891 quus
1387 4831 1443 4878 onte
1460 4826 1542 4891 ipsum
1554 4824 1580 4875 in
1591 4830 1693 4890 portum
1714 4832 1824 4884 renuerat,

222 4892 340 4951 tunquam
349 4889 459 4952 praednnn
470 4905 542 4941 suurn
558 4894 606 4943 sibi
617 4893 683 4945 trudi
694 4894 779 4958 jussit.
800 4897 983 4949 Reursnntibus
1000 4899 1107 4960 Lesbiis,
1125 4899 1193 4962 quod
1204 4899 1275 4949 noris
1295 4901 1362 4950 esset
1378 4897 1519 4961 Mytilenen
1539 4900 1564 4945 et
1577 4896 1669 4947 mulier
1684 4897 1783 4948 cniain
1798 4909 1824 4947 en

219 4958 326 5037 adreetu
344 4962 410 5014 esset
418 4976 503 5044 sonus
519 4965 635 5028 principis
645 4965 790 5016 Lesbiorum
799 5005 806 5029 ,
818 4967 859 5017 iiie
868 4968 942 5019 iidem
954 4969 1027 5019 dietis
1037 4984 1084 5019 uon
1094 4970 1214 5021 adhibens
1222 4982 1255 5021 eu
1272 4970 1353 5020 insula
1370 4969 1446 5019 solvit
1470 4967 1496 5018 in
1506 4968 1642 5018 Phoeaeum
1652 4978 1756 5028 nuruum
1770 4980 1822 5031 ηυα

222 5040 301 5092 primo
311 5031 459 5083 Noveubns
469 5034 609 5086 diodorus
625 5050 653 5086 se
668 5036 771 5089 dedidit.
784 5037 795 5102 ΙΙ
811 5064 843 5075 -
860 5037 910 5101 §d
926 5041 1015 5096 διαθεὶς
1031 5042 1056 5090 δὲ
1072 5042 1102 5091 τὰ
1117 5040 1178 5090 κατὰ
1194 5042 1236 5101 τὴν
1253 5040 1385 5105 Φώκαιαν]
1397 5042 1479 5091 Duces
1490 5052 1514 5103 p.
1534 5042 1590 5101 ³³4,
1604 5036 1620 5091 θ
1632 5061 1638 5091 ι
1663 5042 1706 5091 καί
1716 5038 1768 5095 τούς
1787 5039 1825 5099 μὲν
