3809 5859
181 361 240 420 110

179 483 411 568 [Tioghlidianos)
425 486 508 541 Cesar
522 485 537 539 a
553 483 800 539 notrebien·ai1ne
815 482 888 539 frere
903 484 951 541 Ti·

179 578 284 647 ridate,
297 586 379 632 notre
400 573 543 646 colligum
559 573 640 628 salut.
659 574 698 627 Ta
722 570 867 627 fraternite
891 572 955 627 doit

178 669 324 722 connatue
347 665 386 718 les
409 662 571 734 dommages
595 663 646 732 qui
669 678 742 715 nous
766 671 831 715 sont
856 663 954 716 carues

125 785 129 793 ·
180 754 308 824 toujours
320 769 373 824 par
384 751 410 805 la
424 760 498 804 secte
510 747 618 822 perfide
632 748 681 802 des
698 748 853 817 chritieus,
868 759 954 822 parce

179 839 262 915 qu'en
278 850 371 895 tontes
393 835 491 892 choses
512 848 592 891 notre
606 836 719 908 majestis
733 848 761 892 et
778 847 861 892 notre
879 856 956 911 gou-

177 939 342 1006 vesnement
352 937 416 982 sont
426 926 560 998 mtpriscs
571 943 624 998 par
634 942 690 980 eux
703 935 732 980 et
742 944 795 999 par
810 927 872 980 leur
884 925 955 980 reli-

178 1019 255 1092 gion.
273 1017 310 1071 Ils
331 1015 412 1069 n'ont
433 1032 542 1068 aucune
562 1023 696 1083 σείσαντες
719 1014 752 1068 ils
775 1013 897 1069 adorent
915 1033 956 1067 un

179 1103 309 1173 οτιισίίίές
321 1105 354 1157 ils
363 1101 493 1156 reuerent
502 1103 573 1156 aussi
582 1120 622 1155 un
636 1101 717 1172 bois,
731 1112 759 1156 et
769 1103 801 1156 ils
814 1102 958 1156 honorent

179 1193 333 1266 egolement
344 1191 384 1245 les
403 1198 556 1244 ossements
567 1188 603 1244 de
613 1207 686 1244 ceux
699 1191 749 1263 qui
765 1201 816 1244 ont
825 1191 869 1244 ete
881 1185 959 1258 tues,

179 1281 212 1334 ils
228 1289 414 1352 pensantque
428 1275 494 1331 c'est
507 1295 564 1331 une
577 1276 668 1350 gloire
680 1287 708 1331 et
721 1295 760 1331 un
773 1277 905 1332 honneur
921 1277 958 1332 de

179 1368 290 1422 monrir
309 1384 385 1439 pour
410 1366 472 1419 leur
489 1365 572 1419 Dieu.
587 1362 624 1420 lts
645 1374 697 1418 ont
721 1365 764 1418 etc
785 1365 957 1420 condemnes

147 1507 151 1513 .
179 1473 231 1529 par
243 1455 269 1509 la
276 1454 374 1525 justice
386 1453 421 1508 de
431 1471 482 1506 nos
492 1453 556 1518 lois,
564 1469 650 1525 parce
660 1451 741 1526 qn'ils
753 1453 919 1508 insultarent
929 1465 957 1508 et

180 1541 404 1597 tourmenterent
423 1559 475 1595 nos
489 1541 617 1594 anectres
630 1550 657 1595 et
674 1558 726 1594 nos
741 1541 957 1614 predecesseurs

180 1631 250 1685 dans
259 1648 292 1685 ce
302 1646 446 1702 royaume.
456 1629 497 1683 Le
506 1627 536 1682 fit
546 1627 733 1701 denosepees
742 1629 807 1690 s’est
817 1631 956 1699 ἐπιοιιεεό,

179 1729 208 1773 et
229 1719 263 1774 ils
282 1717 364 1771 n’ont
376 1735 427 1790 pas
442 1715 559 1772 redoutc'·
576 1716 603 1770 la
619 1727 705 1773 mort.
721 1712 834 1771 Seduits
851 1735 904 1790 par
918 1736 959 1772 un

178 1805 241 1860 luit
251 1803 382 1873 crucilie,
393 1804 426 1858 ils
441 1805 604 1876 enseignent
616 1803 632 1858 a
644 1805 781 1876 mepriser
792 1805 830 1859 les
841 1806 918 1878 rois,
930 1818 958 1861 et

178 1893 193 1948 a
208 1911 244 1948 ne
257 1904 287 1947 se
299 1893 382 1966 point
393 1893 505 1946 soueier
517 1891 567 1946 des
584 1901 687 1946 statues
698 1891 747 1946 des
759 1891 855 1950 dieux.
870 1894 908 1948 lls
920 1913 956 1950 ne

178 1982 306 2036 tiennent
317 1998 410 2034 aucun
423 1990 537 2052 compte
550 1978 586 2033 de
605 1976 765 2036 l’influence
785 1980 834 2035 des
852 1991 955 2048 astres,

158 2124 162 2132 ,
178 2067 217 2124 du
233 2069 328 2136 soleil,
345 2065 381 2122 de
395 2068 423 2121 la
434 2067 500 2122 lune
516 2076 545 2121 et
559 2065 608 2122 des
627 2067 741 2136 e'toiles,
759 2067 841 2142 qu'ils
859 2087 957 2143 regar-

177 2165 244 2229 gent
260 2172 370 2209 comme
385 2155 462 2208 crees
474 2172 526 2228 par
546 2172 579 2209 oe
599 2153 723 2210 cructfie.
741 2156 778 2210 Iis
793 2157 957 2230 enseignent

178 2350 216 2423 τῷ
240 2347 370 2424 ἀγαπητῷ
395 2346 498 2425 ἀδελφῷ
520 2347 565 2405 καὶ
582 2346 711 2427 συνθρόνῳ
732 2369 781 2423 μου
796 2347 954 2427 Τηρηδάτῃ.

179 2433 349 2513 Γνωρίζωτῇ
372 2457 406 2512 ση
423 2431 580 2514 ἀδελφότητι
603 2435 648 2493 καί
669 2437 726 2514 ἐμῷ
749 2436 886 2517 συμμάχῳ
903 2435 957 2516 Ιτδις

121 2529 124 2533 ⁴
182 2520 329 2601 συμφοράς,
351 2518 436 2601 ἅσπερ
454 2521 594 2588 διαπαντός
609 2521 747 2601 πάσχομεν
770 2523 822 2581 ἀπὸ
839 2528 886 2595 τῆς
907 2547 956 2582 πε·

179 2609 350 2687 πλανημένης
361 2609 499 2688 θρησκείας
505 2615 557 2669 τῶν
567 2615 736 2690 χριστιανῶν.
778 2612 897 2670 Πάντοτε
905 2609 957 2693 γάρ

179 2695 348 2764 ἐξουδενεῑται
359 2704 375 2769 ἡ
388 2697 505 2776 ἡμετέρα
517 2698 655 2760 δεσποτεία
667 2698 719 2758 ἀπὸ
734 2706 781 2772 τῆς
793 2702 879 2758 αὐτῶν
894 2723 956 2759 συν-

179 2788 300 2861 αγωγῆς,
323 2785 369 2844 καί
392 2797 593 2868 καταφρονεῖται
624 2792 641 2859 ἡ
674 2788 796 2866 βασιλεία
815 2791 891 2863 ἡμῶν
910 2791 955 2846 ὑπ’

179 2874 273 2932 αὐτῶν.
316 2873 398 2934 Αὐτοὶ
418 2873 470 2953 γὰρ
488 2875 576 2954 νεκρόν
601 2899 658 2934 τινα
687 2875 732 2935 καὶ
757 2875 955 2955 ἐσταυρωμένον

180 2958 304 3034 σε’όουσι,
325 2962 370 3020 καὶ
391 2959 466 3028 ξύλον
489 2968 679 3040 προσκυνοῦσι,
694 2963 739 3023 καί
761 2962 795 3022 τδι
817 2966 882 3023 ὀστᾶ
904 2966 955 3022 τῶν

178 3048 340 3120 τεθνηκότων
355 3053 468 3122 τιμῶσι,
483 3051 528 3108 καί
549 3049 592 3108 τδν
616 3052 642 3110 ἐν
664 3052 749 3118 αὐτοῖς
763 3050 874 3128 θάνατον
890 3055 956 3131 ὑπὲρ

179 3142 225 3195 τοῦ
244 3138 314 3197 Θεοῦ
339 3136 415 3206 δόξαν
435 3137 479 3196 καί
494 3135 573 3214 τιμὴν
589 3143 724 3217 ἡγοῦνται.
769 3139 823 3200 Καί
838 3140 890 3200 ἀπὸ
910 3146 955 3199 τοῦ

178 3224 307 3304 ἡμετέρου
340 3225 421 3302 νόμου
454 3225 675 3307 κατακέκριντοιι,
702 3226 792 3299 ἐπειδὴ
824 3226 869 3286 καί
897 3225 956 3294 τοὺς

179 3313 318 3391 ἡμετέρους
333 3313 489 3393 προγόνους,
504 3313 563 3381 τοῦς
579 3314 703 3394 ἀρχαίους
718 3317 834 3395 πατέρας
847 3315 892 3375 καί
907 3320 956 3395 βα-

178 3400 398 3474 σιλεῖς,ἐσίαναν,
410 3401 453 3460 καί
468 3402 502 3460 τὰ
516 3401 576 3484 ξίφη
589 3407 664 3478 ἡμῶν
677 3403 829 3480 ἥμῦλυναν,
843 3404 917 3465 αὐτοί
929 3405 957 3464 δὲ

178 3491 226 3548 οὐκ
241 3487 377 3564 ἀπέκαμον
402 3495 448 3549 τοῦ
468 3493 617 3552 ἀποθανεῖν.
661 3493 851 3564 Πεπλάνηνται
867 3485 912 3553 οῦν
927 3493 955 3552 ἔν

180 3577 356 3657 τινιἸουδαίῳ
366 3579 570 3659 ἐσταυρωμένῳ,
582 3579 695 3648 καὶτοὺς
706 3584 821 3660 βασιλεῖς
827 3581 956 3656 ἀτιμάσαι

179 3667 345 3737 διδάσκουσι,
355 3670 401 3725 καὶ
415 3665 505 3734 αὐτοῦς
519 3667 578 3734 τοῦς
590 3668 661 3734 θεοὺς
673 3668 875 3741 ἐξουθενοῦντες,
887 3671 954 3728 ἀλλά

179 3753 224 3809 καὶ
240 3753 285 3819 τάς
300 3754 421 3830 δυνάμεις
434 3759 484 3814 τῶν
498 3755 644 3837 φωστήρων
657 3757 732 3826 ἡλίου
745 3780 772 3814 τε
785 3757 830 3816 καί
843 3758 955 3829 σελήνης

131 3853 135 3860 ’
180 3838 237 3915 ἅμα
257 3844 310 3906 τοῖς
330 3843 429 3908 λοιποῖς
450 3842 554 3921 ἄστροις
571 3847 605 3910 ὡς
620 3843 693 3903 οὐδέν
709 3845 871 3922 λογίζονται,
886 3846 954 3903 ἀλλά

180 3924 316 4002 ποιήματα
323 3926 442 4006 λέγουσιν
455 3920 521 3988 εἶναι
534 3932 667 3991 αὐτοῦτοῦ
682 3931 898 4012 ἐσταυρωμένον,
909 3932 956 3991 καὶ

175 4017 226 4084 τὴν
241 4016 289 4088 γῆν
306 4011 411 4071 ἅπασαν
433 4017 597 4091 μετέστησαν
613 4018 665 4076 ἀπὸ
680 4023 728 4090 τῆς
746 4022 798 4078 τῶν
820 4023 884 4079 θεῶν
903 4020 955 4078 λα-

178 4098 284 4177 τρείας,
298 4098 367 4158 ὥστε
382 4099 428 4160 καί
446 4101 492 4168 τὰς
507 4113 632 4180 γυναῖκας
646 4105 698 4164 ἀπὸ
714 4107 813 4186 ἀνδρῶν
836 4107 882 4165 καί
897 4104 955 4172 τοθς

178 4186 273 4264 ἀνδρας
288 4187 341 4246 ἀπὸ
363 4193 493 4267 γυναικῶν
516 4190 557 4249 ἔτι·
568 4195 670 4260 ζώντων
686 4193 904 4273 ἀποχωρίζουσιν.

218 4276 235 4350 S
258 4276 306 4335 68.
322 4276 355 4334 Εἰ
377 4279 421 4334 καί
451 4278 586 4356 μεγίσταις
610 4283 729 4348 ἀταλαῖς
752 4283 797 4340 καί
823 4282 955 4363 διαφόροις

179 4357 305 4437 βασάνοις
331 4362 533 4438 ὖπεὸλήθησαν,
556 4367 746 4449 περισσοτέρως
775 4371 877 4449 ἀνήφθη
908 4372 953 4428 καίΙ

178 4445 298 4504 διέλαθεν
324 4446 369 4507 καὶ
391 4450 498 4509 διέδωκε
522 4457 538 4522 ἡ
565 4454 689 4532 θρησκεία
712 4459 808 4532 αὐτῶν,
825 4456 870 4514 καὶ
894 4457 952 4516 όσον

177 4532 378 4612 προτεθείκαμεν
395 4536 441 4602 τάς
459 4539 659 4616 ἐκφοῦήσεις,ἡ
676 4543 853 4622 αἱματοχυσία
867 4546 952 4604 αὐτῶν

178 4621 243 4700 ὑπὲρ
255 4621 287 4680 τὸ
307 4623 363 4682 δέον
378 4623 534 4684 ἐπλεόνασεν
558 4627 605 4697 τὴν
628 4629 747 4709 διδαχήν.
791 4631 894 4703 Συνέὸη
909 4623 952 4691 οῦν

177 4712 280 4788 θεωρεῖν
305 4733 338 4786 με
360 4711 412 4769 ἀπὸ
433 4718 481 4784 τῆς
497 4716 581 4772 αὐτῶν
603 4717 740 4794 θρησκείας
759 4719 865 4778 νεάνιδα
890 4721 951 4797 μίαν

177 4797 375 4876 εὖμορφοτάτην
390 4798 533 4878 παρθένον,
548 4802 594 4860 καί
614 4803 772 4880 βουλομένου
795 4829 846 4883 μου
869 4807 951 4878 αὐτὴν

177 4880 269 4942 λαθεῖν
288 4886 324 4953 εἷς
342 4890 472 4964 γυναῖκα,
486 4890 634 4967 ἐτόλμησαν
648 4891 694 4951 καὶ
708 4893 805 4965 ταύτην
821 4897 952 4954 δολιεῦσαι

178 4971 224 5027 ἀπ’
240 4975 319 5048 ἐμοῦ·
335 4974 381 5034 καὶ
395 4975 454 5034 οὐδὲ
468 4979 503 5043 ὡς
518 4980 629 5056 βασιλέα
641 4979 823 5060 ἐπεθύμησαν,
835 4983 894 5042 οὐδὲ
905 4983 952 5050 τὰς

178 5059 287 5127 ἀπειλάς
299 5084 348 5136 μου
361 5063 542 5143 ἐφοόήθησαν,
555 5071 654 5142 μᾶλλον
661 5066 742 5129 δέδιθι
752 5069 800 5142 τὴν
811 5070 950 5150 θρησκείαν

178 5147 264 5204 αὐτῶν
278 5150 418 5227 βδελυκτὸν
438 5154 483 5212 καί
498 5154 644 5235 ἀκάθαρτον
667 5159 713 5216 καὶ
733 5158 838 5220 σιαντδν
861 5159 947 5237 ἐλογί-

855 313 1102 414 tournines.

1007 487 1080 541 aussi
1094 485 1110 540 is
1124 486 1261 559 mepriser
1274 485 1316 540 les
1335 485 1439 558 imagcs
1453 483 1502 539 des
1520 483 1621 554 ἀίοισα,
1634 486 1720 542 ilslas
1733 499 1785 545 ont

1008 574 1229 647 tousrepousses
1244 571 1280 627 de
1300 572 1464 639 leunculte;
1479 572 1512 626 ils
1534 584 1672 647 engagent
1690 577 1785 632 meme

1009 659 1049 717 les
1061 661 1177 716 semines
1188 662 1204 715 ai
1215 659 1402 715 abandonner
1416 659 1491 715 leurs
1502 661 1603 727 maris,
1615 672 1643 716 et
1651 662 1691 716 les
1700 650 1786 719 marn

1007 750 1083 804 leurs
1097 749 1222 806 femmas.

1051 836 1079 910 [S
1088 835 1151 912 68.]
1164 859 1178 887 ι
1186 839 1222 891 Et
1228 836 1395 910 cependant,
1404 836 1471 891 bien
1477 855 1533 910 que
1540 855 1614 891 nous
1624 837 1687 892 leur
1697 856 1786 911 ayons

1008 921 1104 997 inflige
1114 923 1163 978 des
1171 925 1267 996 peines
1278 935 1306 980 et
1315 923 1365 979 des
1374 922 1530 997 supplices,
1540 925 1574 978 ils
1582 922 1787 981 s'enflamment

1010 1029 1115 1068 encore
1129 1012 1339 1086 davantage,et
1347 1013 1490 1067 leursecte
1499 1030 1528 1068 se
1537 1012 1648 1087 repand
1658 1025 1784 1086 partont.

1011 1099 1064 1154 J’ai
1078 1119 1116 1154 vn
1136 1119 1192 1155 une
1207 1099 1293 1171 jeune
1307 1110 1335 1155 et
1348 1099 1421 1155 belle
1438 1101 1534 1174 vierge
1554 1099 1591 1155 de
1613 1101 1677 1155 leur
1693 1113 1786 1169 secte,

1008 1185 1059 1256 j'ai
1073 1188 1160 1242 voulu
1175 1205 1210 1242 en
1226 1187 1296 1243 faire
1309 1207 1377 1242 anon
1392 1190 1512 1261 c'pousc,
1524 1197 1552 1242 et
1565 1188 1599 1242 ils
1610 1199 1662 1242 ont
1676 1190 1725 1243 ose
1742 1207 1788 1244 sne

1010 1275 1134 1331 laravir.
1146 1277 1383 1331 Non-seulement
1395 1278 1447 1331 elle
1459 1295 1495 1331 ne
1512 1275 1555 1331 fut
1570 1278 1655 1349 point
1672 1275 1742 1332 dans
1762 1278 1788 1333 le

1010 1366 1193 1443 nauisscment
1218 1363 1254 1419 de
1265 1361 1387 1419 ‘devenir
1401 1383 1448 1419 rna
1471 1383 1645 1438 compagae,
1659 1367 1719 1419 moi
1735 1385 1787 1420 son

1010 1453 1073 1521 roi,
1089 1453 1160 1506 mais
1181 1452 1249 1507 elles
1265 1461 1359 1508 tontes
1379 1471 1415 1508 ne
1437 1453 1609 1526 craignirent
1631 1454 1713 1526 point
1729 1473 1789 1508 mes

1011 1558 1156 1609 menaces3
1170 1550 1200 1594 et
1213 1559 1324 1596 comme
1336 1541 1366 1611 je
1380 1541 1573 1614 n’appartiens
1590 1542 1675 1614 point
1693 1541 1711 1596 a
1726 1541 1790 1597 leur

1011 1640 1098 1702 secte,
1111 1628 1177 1683 elles
1188 1647 1234 1683 me
1245 1627 1430 1703 regarddrent
1440 1646 1551 1683 comme
1562 1647 1602 1683 un
1611 1629 1673 1684 ets-e
1681 1630 1789 1702 impur,

1011 1717 1112 1771 souille
1129 1726 1156 1770 et
1169 1717 1365 1784 abominable,
1380 1728 1408 1771 et
1426 1735 1465 1770 on
1479 1716 1514 1769 l'a
1531 1715 1580 1770 fait
1590 1715 1648 1771 fasir
1660 1716 1731 1772 dans
1748 1718 1789 1772 les

1011 1822 1081 1877 pays
1097 1805 1203 1859 soumis
1224 1804 1240 1859 ἐι
1261 1815 1290 1858 ta
1306 1805 1497 1868 domination.
1514 1805 1700 1874 Maintenant‚
1715 1824 1790 1860 mon

1011 1891 1102 1962 frere,
1121 1891 1220 1948 faisen
1237 1904 1314 1946 sorte
1337 1893 1372 1948 de
1388 1894 1428 1947 les
1449 1903 1598 1952 retrouver
1611 1903 1727 1966 partout
1747 1893 1790 1948 oir

1002 1981 1078 2035 'elles
1097 1991 1209 2051 seront‚
1226 1981 1279 2035 tire
1302 1998 1462 2054 vengeance
1490 1979 1527 2035 de
1550 1981 1634 2036 celles
1655 1982 1705 2053 qui
1713 1992 1790 2060 ‘sont

1011 2085 1079 2123 avec
1091 2069 1145 2124 elle
1160 2068 1236 2123 etde
1251 2087 1281 2123 sa
1299 2070 1479 2141 superieure,
1491 2080 1519 2124 et
1533 2069 1648 2124 tais—les
1667 2071 1786 2124 rnourir.

1011 2156 1135 2228 Quanta
1147 2158 1257 2212 labelle
1269 2168 1298 2212 et
1311 2157 1407 2212 divine
1421 2157 1556 2230 fugitive,
1569 2157 1713 2213 envoie-la
1723 2157 1789 2231 pres
1854 2232 1858 2241 ,

1010 2350 1118 2400 consorti
1130 2350 1266 2399 Teredatas.
1279 2352 1355 2399 Notas
1369 2350 1431 2399 lacto
1446 2349 1592 2400 fraternitati
1606 2355 1658 2401 tua
1668 2355 1695 2400 et
1706 2343 1788 2401 thttsni

1010 2454 1317 2514 sodalimeooalamitates,
1323 2467 1385 2518 quas
1392 2467 1490 2518 semper
1497 2455 1605 2518 patimur
1611 2469 1656 2519 per
1665 2458 1787 2506 errantem

1010 2557 1209 2631 superstitionem
1221 2557 1419 2609 christianorum.
1434 2555 1539 2609 Omnino
1551 2560 1616 2609 enim
1627 2559 1789 2622 vilipenditur

1010 2664 1144 2716 dominatio
1162 2669 1244 2716 nostra
1264 2665 1296 2714 ab
1309 2679 1394 2715 eorum
1409 2665 1606 2729 congregatione,
1626 2668 1653 2717 et
1675 2665 1707 2714 ab
1726 2665 1788 2728 ipsis

1011 2769 1314 2834 contemniturimperium
1322 2771 1444 2820 nostrum.
1452 2772 1513 2818 Nam
1520 2768 1555 2818 illi
1563 2768 1649 2819 colunt
1658 2772 1787 2819 mortuum

1010 2874 1131 2938 quendam
1154 2877 1180 2924 et
1200 2873 1358 2935 crucifixum,
1376 2876 1403 2923 et
1428 2866 1522 2945 ligarum
1546 2873 1661 2934 adorant,
1683 2877 1709 2924 et
1732 2887 1787 2924 ossa

1010 2981 1165 3028 mortuorum
1187 2977 1321 3038 honorant,
1336 2979 1362 3028 et
1375 2977 1408 3027 ob
1428 2977 1471 3027 illa
1486 2979 1592 3027 mortem
1614 2991 1659 3041 pro
1674 2980 1727 3028 Deo
1742 2991 1788 3028 suo

1010 3086 1093 3151 glorias
1114 3087 1162 3138 sibi
1182 3089 1283 3137 venunt
1300 3090 1325 3139 et
1344 3087 1438 3138 honori.
1462 3091 1509 3138 Per
1521 3088 1600 3152 legem
1618 3092 1729 3138 nostram
1742 3089 1785 3137 da·

1010 3196 1087 3247 musti
1095 3196 1373 3260 sunt,quandoquidem
1380 3197 1547 3261 progenitores
1556 3197 1787 3259 nostros,antiquos

1010 3312 1094 3371 patres
1105 3311 1131 3358 et
1142 3309 1302 3372 imperatores
1310 3346 1318 3370 ,
1327 3309 1478 3372 contemptui
1488 3309 1641 3369 habuerunt,
1655 3309 1681 3357 et
1691 3305 1786 3370 gladios

1010 3421 1108 3467 nostros
1121 3415 1287 3481 obtuderunt,
1300 3417 1337 3468 illi
1348 3431 1406 3468 vero
1419 3415 1548 3467 moriendo
1566 3429 1615 3465 non
1627 3417 1686 3466 sunt
1694 3415 1786 3465 delati-

1009 3526 1068 3589 gati.
1081 3527 1184 3591 Decepti
1196 3529 1281 3578 autem
1293 3528 1352 3576 sunt
1368 3527 1434 3575 circa
1452 3523 1576 3588 quendam
1597 3522 1712 3573 sudeam
1727 3535 1783 3572 cnr·

1009 3635 1123 3696 silitum,
1138 3635 1285 3699 discuntque
1299 3598 1396 3698 regibus
1406 3634 1526 3684 honorem
1536 3648 1585 3684 non
1601 3632 1705 3694 habere,
1717 3633 1784 3696 ipsos

1009 3755 1108 3805 quoque
1127 3742 1187 3792 deos
1200 3742 1270 3793 nihili
1284 3743 1408 3794 iacientes.
1422 3745 1515 3793 Verum
1526 3746 1552 3792 et
1564 3744 1701 3806 potestates
1711 3741 1784 3790 lumi·

1009 3828 1118 3912 narium,
1129 3852 1189 3902 solis
1199 3855 1225 3903 et
1233 3853 1313 3914 luna,
1324 3856 1350 3903 et
1358 3853 1509 3915 reliquorum
1518 3857 1642 3902 astrorum
1654 3865 1698 3915 pro
1709 3851 1786 3900 nihilo

1008 3961 1102 4013 habent
1112 4001 1119 4026 ,
1131 3965 1176 4016 sed
1187 3974 1261 4029 opera
1272 3978 1327 4015 esse
1339 3964 1426 4016 dicum
1441 3964 1554 4014 crucifixi
1568 3963 1757 4026 sui‚tota1nque
1770 3976 1786 4011 a

1008 4073 1111 4125 deorum
1124 4076 1193 4127 cultu
1204 4078 1379 4126 abstraxerunt
1394 4078 1502 4136 mnam,
1515 4076 1580 4125 utet
1593 4085 1682 4122 uxores
1698 4085 1713 4121 a
1729 4086 1783 4121 ma·

1008 4185 1077 4249 ritis,
1090 4189 1117 4238 et
1129 4187 1175 4236 viri
1186 4187 1218 4237 ab
1228 4185 1348 4236 morinus
1361 4186 1496 4236 etiamnum
1508 4185 1647 4235 viventibus
1658 4182 1784 4234 secedant.

1038 4287 1103 4349 §ou
1116 4286 1218 4336 Etiamsi
1231 4287 1314 4335 autern
1325 4285 1476 4349 gravissimis
1490 4282 1734 4342 comminationibus,
1743 4295 1786 4331 va·

1008 4374 1099 4436 riisque
1116 4373 1220 4438 subjecti
1240 4373 1330 4423 tuerint
1349 4373 1488 4437 suppliciis,
1508 4376 1592 4423 tamus
1609 4373 1720 4436 ipsorum
1742 4384 1785 4421 sn·

1007 4462 1119 4525 perstitio
1139 4461 1219 4525 magis
1237 4475 1338 4511 accensa
1350 4461 1482 4525 pluresque
1501 4461 1628 4525 complexe
1646 4463 1698 4521 est,
1713 4463 1741 4510 et
1759 4472 1786 4508 se

1007 4549 1176 4600 disseminavit
1186 4571 1192 4598 ι
1202 4553 1323 4613 quantum
1332 4549 1449 4600 auximus
1457 4553 1576 4610 terrores,
1586 4551 1684 4599 tantum
1695 4547 1785 4598 ettusio

1007 4637 1132 4700 sanguinis
1150 4651 1235 4688 eorum
1249 4651 1325 4700 supra
1343 4651 1443 4700 ωηυοπι
1454 4636 1628 4702 multiplicavit
1647 4636 1786 4686 doctrinam

1005 4725 1124 4788 ipsorum.
1139 4725 1247 4789 Contigit
1260 4728 1355 4787 autern,
1374 4730 1404 4776 ut
1423 4726 1534 4777 viderem
1547 4726 1646 4775 illorum
1665 4724 1786 4787 supersti-

1006 4813 1081 4864 tionis
1109 4813 1217 4877 puellam
1250 4814 1388 4877 quendam,
1413 4814 1533 4878 virginem
1562 4813 1785 4878 speciosissimam,

1006 4917 1081 4967 quam
1091 4919 1148 4954 cum
1155 4917 1257 4954 uxorem
1267 4903 1460 4966 ducerevetlem‚
1469 4903 1523 4954 ausi
1532 4907 1591 4954 sunt
1603 4905 1630 4953 et
1639 4900 1703 4952 hanc
1711 4901 1785 4952 deoc·

1006 4994 1074 5055 ptam
1091 5005 1157 5041 ame
1170 4990 1275 5056 alienare
1291 5011 1297 5039 ι
1310 4995 1336 5041 et
1347 5005 1427 5055 neque
1438 4994 1467 5041 ut
1479 4991 1653 5054 imperatorem
1665 5002 1706 5038 sne
1718 4987 1784 5037 desi-

1005 5078 1169 5139 deraverunt,
1184 5091 1264 5140 neque
1275 5078 1353 5128 minas
1366 5091 1433 5128 meas
1449 5077 1602 5136 timuerunt3
1613 5075 1658 5127 sed
1676 5089 1721 5140 per
1739 5089 1785 5124 sn-

1005 5167 1173 5230 perstitionem
1182 5179 1254 5216 suam
1264 5165 1348 5230 potius
1356 5180 1397 5217 me
1406 5170 1435 5219 ut
1443 5165 1616 5218 detestandum
1623 5168 1650 5216 et
1657 5165 1786 5228 impurum
