3809 5859
396 308 643 414 Mesflshmrts
665 309 794 373 ANNUS
815 310 854 371 X.
876 311 956 372 6968
971 307 1156 389 (tistitus
1177 308 1212 371 P.
1234 310 1293 391 G.).
1594 318 1647 379 131

43 444 137 507 στατεῖ
149 442 177 502 dl
191 440 238 502 καλ
254 441 331 507 uide
345 449 404 509 ταῖς
416 442 579 520 οἰκοδομίαις
591 440 648 507 ταῖς
660 443 764 511 ίαυτοῦ,
774 447 819 503 τοῦ
875 465 963 521 uptote
974 441 1044 506 ὄντες
1056 445 1108 501 τῶν
1121 444 1147 501 ἐν
1159 441 1228 501 τέλει
1242 442 1287 501 καὶ
1301 440 1385 523 ιἰρχάς
1395 440 1498 523 ἔχοντες
1510 442 1557 504 καὶ
1571 468 1653 525 προσ-

44 557 73 593 τε
87 529 155 610 νεὼ,
171 530 259 612 φημὶ,
275 528 321 588 καλ
334 532 387 591 τῶν
401 528 561 609 βασιλείων,
576 532 707 606 ἐπιμελῶς
724 528 822 608 ξυγκο-
875 529 948 597 όδους
970 529 1087 607 μεγάλας
1108 528 1154 588 καί
1175 528 1278 589 πόλεων
1309 531 1354 589 καὶ
1387 532 1518 611 φρουρίων
1543 534 1653 593 ἐπιστα-

44 624 111 701 μιδῇ
123 642 153 678 τε
167 617 299 699 σπουδαία
313 618 344 675 οὗ
355 618 433 693 μόνον
444 620 496 676 τῶν
511 616 662 695 sepem
675 618 701 685 ἒς
712 615 746 675 τδ
756 614 822 698 ἔργα
878 623 981 685 τοῦντες
1005 622 1035 677 ού
1057 615 1234 696 καρπούμενοι
1253 618 1369 695 τούτοις,
1389 618 1448 677 ἀλλ’
1467 619 1601 700 ἀπληστία)
1623 643 1653 681 τε

43 713 125 784 ὑλῶν,
135 705 206 767 liti
220 704 253 777 δι)
269 706 316 764 καί
328 707 380 763 τῶν
393 708 460 781 ἄγαν
470 704 613 784 φιλοτίμων
626 704 671 763 καὶ
682 707 823 785 περιττῶν,
876 705 984 786 γνώμης
998 706 1043 765 καὶ
1063 704 1194 787 μοχθηρία
1210 704 1313 785 τρόπων
1335 706 1375 765 ἀεὶ
1391 710 1437 765 τοῦ
1451 706 1568 775 πλείονος
1582 708 1653 789 ἐφιέ-

43 797 90 857 καλ
105 794 270 871 μετακλήσει
284 793 452 872 πανταχόθεν
471 796 597 871 τεχνιτῶν
617 795 669 851 τῶν
691 792 821 872 ἀρίστων,
878 816 952 868 μενοι
979 794 1025 854 καὶ
1049 792 1179 874 νεωτέρων
1203 796 1401 870 ἐπιθυμοῦντες,
1420 795 1601 865 στασιάζοντές
1623 820 1653 857 τε

43 884 191 959 οἰκοδόμων
205 905 245 957 τε,
260 880 338 963 ρημλ,
352 881 398 940 καί
414 878 536 947 λιθοξόων
554 880 599 940 κα1
620 880 765 961 ξυλουργῶν
779 881 825 940 καί
879 872 947 952 ἦσαν
967 883 994 941 ἐν
1014 881 1137 952 ἀλλήλοις
1158 880 1231 941 αὐτοί
1255 881 1300 940 καὶ
1316 884 1492 957 πολεμοῦντες
1506 882 1552 942 καὶ
1565 884 1653 944 πάντα

46 978 97 1035 τῶν
113 971 198 1042 άλλην
213 974 334 1041 ἡντινοῦν
346 971 370 1036 te
382 967 416 1028 τδι
426 973 535 1028 τοιαῦτα
555 968 668 1048 ίχόντων
686 968 825 1048 ἐμπειρίαν
879 972 956 1029 τάκεῖ
992 968 1140 1051 Ευγχύσειύς
1167 992 1197 1028 τι
1226 969 1271 1030 κα1
1304 974 1424 1051 ταραχῆς
1455 972 1654 1050 spernimur,

46 1059 92 1120 καὶ
106 1060 216 1137 τέχνην·
231 1056 296 1138 έρχα
315 1079 345 1114 τε
365 1054 418 1136 γάρ
441 1054 473 1125 δι)
495 1056 601 1133 μεγάλοι
622 1057 826 1125 κατεσκευάζετο
879 1056 940 1125 τούς
959 1080 989 1116 τε
1004 1058 1131 1124 δεσπότας
1147 1055 1296 1136 ξυνέκρουόν
1318 1078 1346 1115 τε
1369 1057 1415 1116 καὶ
1431 1056 1588 1124 ξυνέύαλλον
1604 1060 1652 1118 ἀλ·

46 1145 91 1208 καί
113 1144 253 1213 ἀξιοθέατα
272 1143 319 1203 καὶ
343 1145 386 1202 διὰ
401 1141 507 1201 πάντων
520 1144 574 1211 τοῖς
591 1142 725 1222 μεγίστοις
737 1166 767 1202 τε
780 1144 825 1202 καὶ
880 1145 971 1217 λήλοις
987 1148 1033 1204 καὶ
1064 1144 1263 1225 ξυνιτάραττον,
1276 1146 1310 1206 cd
1332 1144 1380 1219 μὲν
1394 1149 1486 1226 πρῶτα
1503 1148 1549 1206 καλ
1570 1147 1655 1229 λάθρα

49 1232 246 1300 καλλίστοις”
210 1255 263 1291 των
278 1232 400 1291 παλαιῶν
417 1230 608 1313 ἀμιλλῶμενα,
625 1232 672 1291 καί
692 1231 737 1291 διά
749 1236 825 1291 τοῦτο
878 1233 980 1300 τούτοις
999 1232 1206 1313 προσερχόμενοι
1223 1234 1269 1293 κα1
1291 1234 1473 1313 διαλεγόμενοι
1486 1258 1525 1293 πα
1528 1234 1610 1316 δι
1528 1258 1655 1317 με

47 1323 148 1392 πολλῆς
163 1321 297 1381 lirino*
264 1343 311 1392 της
330 1318 485 1387 ἰπιστασίας
508 1343 537 1379 τε
556 1319 602 1380 καὶ
626 1320 760 1408 ρροντίδος
778 1321 825 1379 καὶ
879 1320 1048 1402 ἑκατέρω
1005 1344 1051 1381 και
1061 1319 1095 1388 ως
1104 1343 1163 1379 τινα
1171 1343 1224 1379 τυιν
1238 1321 1393 1400 ἀπορρήτων
1407 1322 1482 1394 δτθεν
1492 1324 1657 1404 1κρα1νοντες

48 1412 145 1492 χειρῶν
166 1410 211 1469 καὶ
231 1410 299 1467 ὑλῶν
321 1408 451 1488 διαφόρων
468 1430 498 1466 τε
516 1408 562 1467 καὶ
576 1407 765 1490 λαμπρῶνκαὶ
779 1410 827 1466 δα·
879 1409 1021 1487 καλλόγοις
1034 1412 1084 1490 beu
1085 1410 1139 1467 δέσι
1085 1408 1199 1468 δκαί
1208 1408 1343 1477 διαόολαῑς
1355 1410 1416 1468 και)
1426 1411 1547 1522 ἀλλήλων
1562 1411 1655 1483 αῦτοίις

50 1498 136 1569 πάνης
159 1497 206 1555 καὶ
228 1496 445 1641 ἀναλωμάτων
431 1519 467 1563 ως
490 1495 621 1557 πλείστων
641 1519 671 1555 τι
687 1497 732 1556 καί
749 1496 827 1572 μεγί-
881 1496 1257 1576 ἐρεθίζοντεςκαιθπλίζοντες,
1268 1498 1364 1574 μετὰ
1350 1499 1377 1557 οὲ
1392 1503 1468 1559 τοῦτο
1482 1502 1527 1559 καί
1540 1504 1656 1581 φανερῶς

50 1608 129 1645 στων.
171 1583 207 1663 (ε)
221 1572 288 1665 Εἶχε
301 1574 391 1661 μὶν
360 1606 405 1643 ουν
420 1604 464 1640 και
454 1582 588 1649 πολλους
599 1606 661 1663 περι
673 1606 758 1642 ταυτα
769 1580 827 1651 τοδε
881 1590 1113 1667 ἀναισχυντοῦντες
1126 1586 1178 1656 ἤδη
1195 1585 1368 1666 ἀριστάμενοί
1388 1587 1529 1649 τετούτων
1544 1587 1590 1648 καὶ
1606 1592 1656 1649 αιί-

51 1671 227 1753 ἀφεστηκότας
240 1672 341 1730 κα1”
305 1694 358 1729 των
374 1670 440 1747 ἄγαν
454 1672 603 1729 σπουδαίων
620 1693 649 1730 τε
668 1693 714 1729 και
703 1668 827 1740 ξυνέσει

49 1759 95 1818 καί
106 1758 229 1840 ἐμπειρία
242 1757 414 1839 διαφερόντων
429 1760 455 1824 ές
468 1755 502 1815 τδ
515 1764 635 1831 τοιαῦτα,
650 1760 680 1817 ού
694 1758 758 1834 μὴν,
769 1760 827 1818 ἀλλ’

49 1846 104 1907 οὔδ’
118 1846 195 1913 αὐτός
208 1869 239 1923 γε
254 1848 349 1923 ἠμέλει
360 1849 407 1917 τῆς
429 1845 549 1926 ξυνεχοῦς
565 1844 719 1914 ἐπιστασίας
736 1869 765 1905 τε
783 1846 828 1904 καὶ

50 1935 110 2002 θέας
126 1938 178 1993 τῶν
202 1934 303 2016 ίργων,
318 1933 461 2044 ριλοτίμως
485 1934 552 2013 άχαν
575 1934 682 1994 ἅπαντα
705 1934 827 2014 πράττων

52 2046 98 2081 ιιαι
103 2023 268 2135 φιλοκάλως
286 2024 333 2081 καὶ
355 2023 386 2082 τδ
409 2020 469 2082 όλον
486 2026 640 2100 βασιλικῶς.
684 2022 739 2084 Καί
753 2022 813 2082 θ·
781 2046 813 2099 μ
802 2048 829 2081 ν

52 2111 115 2190 περι
129 2114 204 2168 ταῦτ’
221 2102 303 2191 εἶχεν.

94 2196 199 2259 XVlll.
221 2198 269 2256 Ἐν
282 2197 367 2257 τούτω
381 2199 409 2259 δὲ
426 2224 471 2259 κει
460 2198 604 2269 Μικέλης
620 2200 635 2257 δ
650 2197 696 2269 τήν
712 2220 757 2256 του
741 2200 830 2258 “sse-

53 2288 130 2344 λαιοῦ
145 2286 266 2366 Κάστρου
282 2286 444 2364 καλουμένου
453 2287 607 2367 κατέχων
590 2310 673 2365 ακραν
688 2289 715 2345 έν
728 2284 830 2365 Λήμνῳ

53 2371 150 2445 ξυνέόη
173 2372 346 2454 Κριτοόούλω
369 2376 414 2433 καὶ
434 2376 615 2453 παραδίδωσιν
638 2377 709 2433 αὐτῶ
734 2398 782 2445 την
802 2397 830 2433 τε

55 2397 215 2544 ἀιιρότεολινρ
213 2463 258 2522 καί
280 2486 311 2521 το
334 2462 417 2536 ἄστυ,
431 2463 520 2523 λαάδιν
544 2462 608 2543 παρ’
629 2465 708 2523 αὐτοῦ
731 2467 829 2543 χρυσοῦ

57 2552 208 2631 νομίσματα
228 2552 320 2632 χίλια,
335 2550 353 2609 ά
374 2551 528 2621 Ευνεξέτισεν
541 2556 555 2611 θ
570 2554 735 2629 δῆμοςθ
700 2575 752 2611 των
773 2557 831 2623 hq-

881 1676 1052 1752 τυμολοῦντες
1073 1674 1118 1753 ἀρ’
1134 1671 1223 1753 ἑτέρου
1245 1673 1310 1753 πρὸς
1333 1673 1436 1753 ἕτερον,
1453 1672 1657 1757 ξυναριστῶντές

880 1784 909 1820 τε
919 1763 966 1821 καὶ
976 1760 1064 1827 πόλεις
1073 1760 1120 1820 καλ
1130 1760 1240 1841 φρούρια
1252 1760 1269 1818 ά
1281 1770 1416 1839 κατεῖχον,
1428 1760 1442 1821 δ
1456 1763 1487 1834 δι)
1499 1762 1544 1822 καὶ
1555 1764 1657 1840 μᾶλλον

882 1848 942 1918 τούς
963 1849 1092 1916 δεσπότας
1108 1853 1168 1907 κατ’
1182 1850 1304 1921 ἀλλήλων
1318 1850 1426 1925 ἐξέμηνε
1440 1850 1486 1909 καί
1500 1853 1525 1919 ἐς
1543 1852 1656 1932 ρανερίιν

883 1935 979 2018 ἔχθραν
999 1937 1171 2011 κατέστησεν.
1215 1936 1460 2017 (1)Ἔπειράθησαν
1476 1937 1523 2015 μὲν
1539 1937 1591 2019 χδρ
1611 1940 1657 2000 καί

884 2024 956 2093 άπαξ
967 2024 1013 2083 καί
1027 2025 1066 2091 δὶς
1077 2025 1347 2106 διαπρεσόευσάμενοε
1360 2024 1423 2106 παρ’
1434 2026 1562 2098 ἀλλήλους
1572 2027 1658 2103 λόγοις

883 2114 955 2171 λύειν
969 2112 1003 2173 τὰ
1018 2112 1130 2194 διάφορα
1139 2112 1185 2172 καλ
1196 2113 1234 2190 μὴ
1248 2114 1373 2194 πολέμῳ·
1383 2116 1418 2181 ὡς
1429 2112 1453 2172 δ’
1465 2116 1494 2173 οὗ
1507 2115 1659 2195 προύχώρει

883 2199 952 2260 κατά
965 2206 1024 2260 νοῦν
1037 2202 1154 2272 αύτοῐςὴ
1168 2210 1265 2281 πεῖρα,
1278 2205 1330 2261 τῶν
1341 2200 1465 2281 χειρόνων
1478 2202 1655 2281 κρατούντων,

883 2288 929 2345 καλ
953 2286 1099 2363 άξύμύετοι
1113 2287 1262 2361 διελύοντο,
1278 2288 1360 2357 ούτως
1377 2289 1430 2360 ήδη
1447 2289 1492 2348 καλ
1508 2294 1533 2357 ἐς
1548 2290 1658 2371 φανερὸν

883 2379 1049 2447 κατέστησαν
1065 2377 1198 2453 πόλεμον,
1214 2376 1260 2435 καλ
1273 2377 1453 2443 καταστάντες
1466 2378 1597 2457 ἐμάχοντο
1609 2402 1659 2437 κα·

882 2462 1212 2543 τακράτος,1σῦάλλοντες
1233 2468 1258 2531 ἐς
1277 2463 1325 2536 τήν
1345 2464 1468 2535 ἀλλήλοιν
1484 2467 1597 2546 ἰσχυρῶς
1612 2468 1659 2526 καλ

883 2551 1087 2630 κατατρέχοντες
1114 2552 1159 2609 καί
1185 2553 1334 2629 ληιζόμενοι
1358 2552 1471 2627 ταύτην,
1493 2553 1538 2611 καί
1569 2555 1659 2633 χώρας

56 2641 148 2715 μνίων,
884 2640 1066 2717 ἀμπιπριῦντες
1079 2640 1124 2698 καὶ
1136 2639 1245 2721 φρούρια
1259 2640 1438 2720 χειρούμενοι,
1452 2640 1485 2699 τδ
1505 2640 1532 2700 δὲ
1546 2643 1592 2701 καί
1606 2665 1658 2700 κα-

94 2726 174 2789 ΧΙΧ.
195 2730 384 2791 Tutioris
395 2732 523 2808 χειμῶνος
536 2751 583 2788 και
572 2730 669 2787 “”οἱ
635 2752 683 2798 της
697 2729 830 2789 Πελοπον·
883 2728 1088 2799 τασιιάπτοντες,
1106 2730 1150 2785 καὶ
1164 2726 1238 2786 λείαν
1255 2729 1406 2796 ἐλαύνοντες
1420 2729 1543 2788 enindus
1555 2730 1660 2809 τρόποις

53 2814 133 2885 νήσου
156 2816 282 2877 δεσπόται
303 2818 476 2896 διενεχθέντες
496 2818 539 2877 1π1
561 2822 636 2897 κακῷ
651 2821 689 2895 τῷ
711 2816 829 2898 σφετέρῳ
884 2814 1074 2896 διαφθείροντες
1085 2816 1116 2875 τδ
1125 2815 1265 2897 ὁμόφυλον·
1273 2816 1319 2876 καί
1328 2820 1405 2876 τοῦτο
1417 2809 1449 2888 ἧν
1462 2816 1541 2898 μέχρι
1550 2820 1659 2880 πολλοῦ.

54 2902 229 2981 1πολέμησαν
243 2902 366 2975 ἀλλήλοις
380 2906 414 2962 δι’
428 2905 516 2963 αἰτίαν
530 2905 667 2975 τοιαύτην·
679 2907 703 2963 ol
715 2905 766 2981 χδιρ
781 2903 832 2963 tut
886 2903 920 2983 (s)
936 2901 1014 2963 Μετὰ
1028 2903 1056 2962 δὲ
1071 2908 1147 2962 τοῦτο
1167 2907 1219 2962 τῶν
1235 2924 1265 2963 τε
1285 2903 1369 2984 ταύτῃ
1383 2904 1522 2985 Ἰλλυριῶν
1545 2927 1660 2983 μεταπε-

52 3070 160 3121 ἐνέπεσεν
170 3074 233 3124 1111.
246 3073 299 3135 1)-
308 3077 331 3121 5.
342 3078 393 3129 ταῖς
404 3071 500 3136 1ευεοῦ]
511 3078 562 3128 ταῖς
573 3073 643 3127 αὐτὸς
659 3075 743 3122 ἑαυτοῦ
754 3071 840 3121 codex.
855 3073 948 3121 Vocem
958 3074 1026 3128 αὐτὸς
1038 3074 1095 3136 post
1105 3071 1180 3121 verbu
1189 3072 1311 3121 ἐπιστατεῖ
1322 3074 1396 3121 δὲκαὶ
1408 3072 1488 3136 posui.
1498 3074 1536 3123 Cl.
1547 3072 1585 3137 §d
1595 3072 1659 3125 τᾶλλ’

51 3142 101 3191 οὐδ’
112 3144 183 3198 αὐτός
196 3160 225 3207 ηε
234 3145 314 3207 massai
328 3150 369 3201 της
383 3144 530 3201 teneamini.
544 3145 556 3207 1)
569 3169 601 3180 -·
611 3141 854 3208 τέχνην]1111111130,
866 3148 953 3204 γνῶσιν
967 3144 1029 3191 text.

85 3213 147 3260 lttx.
166 3214 204 3263 Da
216 3212 295 3263 altera
308 3211 355 3263 hae
366 3212 392 3262 in
406 3212 600 3277 Peloponnesum
613 3212 767 3276 expeditione
785 3212 866 3261 obiter
876 3211 974 3260 monuit
989 3214 1072 3261 Duras
1087 3226 1112 3276 p.
1126 3216 1181 3273 310,
1199 3212 1284 3263 multis
1296 3225 1351 3263 eam
1363 3216 1546 3277 persequuntur
1560 3213 1661 3265 chalco

52 3282 171 3343 conditas
184 3295 208 3344 p.
223 3286 330 3335 lou-too
348 3286 410 3348 etp.
426 3287 543 3343 11111111,
557 3288 583 3333 et
596 3284 729 3333 Phrantzes
743 3296 768 3347 p.
784 3285 901 3345 311111,
917 3295 1024 3344 quornm
1038 3280 1090 3341 hio,
1103 3282 1204 3333 Thomas
1221 3282 1436 3348 protovestiarius,
1450 3283 1482 3333 de
1502 3282 1663 3348 despotarum

52 3350 175 3412 dissidiis,
185 3352 227 3403 iile
245 3352 277 3405 δε
287 3356 424 3405 luteorum
444 3354 520 3405 rebus
532 3354 608 3416 gestis
619 3353 719 3404 uberior
731 3354 777 3403 est.
793 3350 947 3411 Critobulus,
962 3353 1009 3403 etsi
1023 3352 1105 3403 verbis
1128 3353 1283 3404 cumulandis
1295 3368 1370 3417 quam
1385 3354 1486 3418 singulis
1499 3354 1572 3404 rebus
1586 3353 1663 3419 gestis

52 3420 169 3473 distincte
186 3423 342 3475 recensendis
354 3424 480 3485 intentior,
494 3424 609 3475 nonnulla
618 3428 701 3475 tamen
719 3423 794 3473 babet
811 3436 867 3486 quae
885 3423 952 3487 apud
964 3426 1059 3474 eeteros
1074 3437 1123 3473 non
1137 3428 1363 3474 commemorantur
1376 3429 1422 3475 aut
1432 3428 1499 3475 carte
1517 3425 1591 3474 aliter
1603 3437 1662 3473 nar-

54 3498 148 3545 rantur.
160 3494 286 3556 Ejusmodi
299 3498 338 3547 est
351 3496 417 3561 quod
432 3496 572 3549 Detumrius
584 3495 609 3545 in
622 3494 788 3545 hionembasia
800 3493 926 3544 obsidione
941 3494 1038 3544 einetns
1051 3504 1106 3545 esse
1117 3494 1167 3557 (19,
1179 3494 1214 3558 3),
1232 3494 1398 3545 hleehemrtes
1411 3494 1530 3545 corintho
1544 3500 1621 3558 Argos
1634 3507 1663 3546 sc

56 3564 189 3615 eontulisse
205 3571 254 3627 110,
265 3569 301 3627 1),
311 3570 404 3617 Aunes
422 3566 455 3619 sd
467 3566 614 3619 corinthum
627 3567 653 3615 in
666 3564 803 3615 custodiam
817 3564 891 3614 datus
908 3578 963 3615 esse
974 3566 1023 3628 (10,
1036 3564 1076 3626 3),
1087 3564 1194 3615 Theman
1206 3566 1354 3615 Mantineam
1372 3565 1464 3629 fugisse
1476 3567 1524 3626 (13,
1538 3564 1570 3628 1),
1587 3568 1664 3621 Omne

54 3638 152 3698 satrapa
161 3636 185 3684 in
196 3637 362 3699 Peloponneso
373 3638 478 3689 relictus
489 3651 544 3689 esse
553 3640 601 3699 (11,
614 3635 640 3700 1)
649 3635 815 3699 perhibentur.
825 3634 879 3699 —§
888 3638 910 3686 1.
918 3634 1004 3687 Dehis
1013 3650 1037 3685 r.
1046 3636 1209 3699 Phrantzesp.
1221 3640 1336 3699 181-311,
1348 3635 1437 3686 collato
1445 3635 1559 3685 chalcos.
1572 3649 1597 3699 p.
1605 3639 1660 3687 151.

56 3704 140 3755 Mense
152 3705 253 3754 octobri
275 3720 316 3757 an.
327 3708 387 3759 1917
401 3707 485 3770 (1111)
493 3704 658 3759 idocbemetes
670 3719 685 3756 e
698 3705 864 3768 Peloponneso
873 3704 971 3755 rediens
982 3704 1091 3768 legatum
1108 3704 1221 3765 miserat,
1234 3706 1279 3769 qui
1291 3719 1306 3755 a
1327 3706 1436 3769 despotis
1449 3705 1562 3769 obsequii
1580 3704 1661 3768 justu·

56 3772 159 3824 randum
178 3774 287 3836 exigeret
305 3779 332 3826 et
349 3776 425 3827 hliatn
443 3774 562 3829 benedt
577 3776 604 3827 ln
621 3775 805 3826 matrimonium
825 3775 920 3839 regium
938 3777 1058 3839 posceret.
1070 3777 1191 3826 iurarunt
1203 3775 1254 3833 1111;
1265 3780 1291 3825 at
1307 3776 1455 3840 paullopost
1467 3777 1577 3839 (ianm.
1591 3776 1661 3837 1119)

56 3842 176 3906 ihomas,
188 3845 320 3910 instigante
332 3850 428 3899 Lucane
442 3847 579 3911 Nicephoro
587 3884 594 3907 ,
603 3861 619 3897 α
627 3861 684 3909 rege
693 3846 930 3909 deiecit,sirnulque
942 3845 1036 3896 bellum
1047 3845 1142 3909 pararit
1156 3848 1244 3895 eontra
1259 3846 1409 3895 Demetrium
1422 3847 1538 3905 fratrem,
1549 3845 1593 3907 qui
1605 3847 1662 3896 tum

55 3916 174 3978 temporis
187 3922 291 3968 hennom
306 3918 439 3969 matheum
451 3918 482 3969 de
496 3918 618 3969 munninio
630 3918 673 3967 itto
686 3916 793 3967 ineundo
804 3915 837 3966 ad
850 3930 932 3979 regern
946 3916 1055 3966 miserat.
1070 3914 1197 3965 Februarii
1214 3928 1299 3965 meuse
1312 3916 1420 3965 Thomas
1433 3928 1464 3965 ex
1477 3914 1582 3966 Arcadia
1597 3914 1660 3965 urbe

58 3986 183 4046 proiectus
197 3988 284 4038 Turris
297 3988 429 4053 calabryta
440 3988 544 4054 eripuit,
554 3993 581 4041 et
591 3988 661 4039 tratri
671 3988 760 4039 deinde
770 3988 863 4037 ademit
874 3987 1031 4046 caritenam,
1043 3990 1159 4039 Sanctum
1171 3988 1315 4052 Georgium.
1327 3988 1488 4048 dordoniam,
1499 3988 1658 4049 castritium,

59 4057 199 4113 Zananam.
218 4060 386 4121 Calamatam,
403 4061 537 4111 teuchum
550 4064 576 4111 et
587 4060 674 4111 Mune
688 4059 794 4123 regionis
805 4062 901 4123 partem
914 4057 1046 4123 majorem
1059 4060 1199 4109 Demetrius
1211 4059 1410 4109 reruibeontaris
1425 4062 1451 4110 et
1461 4058 1544 4109 houba
1556 4058 1660 4122 aliisque

55 4125 137 4178 tratre
150 4129 247 4193 oppidis
263 4129 337 4193 potiri
345 4128 464 4192 tentarit,
474 4130 518 4181 sed
528 4143 556 4181 re
565 4130 656 4180 inlecta
668 4132 780 4195 spartam
790 4128 871 4179 rediit.
881 4131 949 4179 luter
958 4129 1003 4177 hos
1012 4130 1134 4179 turnultus
1144 4128 1229 4178 Albani
1243 4128 1405 4194 praedabundi
1414 4142 1457 4192 per
1464 4128 1658 4193 Peloponnesum

56 4195 141 4249 dithrsi
152 4200 222 4250 raris
235 4199 326 4265 oppida
342 4200 491 4263 eestettnque
505 4204 674 4265 occuparunt,
687 4214 732 4251 nee
743 4214 792 4250 uon
801 4199 899 4251 Tureie
911 4198 1028 4250 dorintbo
1037 4203 1064 4250 et
1076 4198 1156 4249 Patris
1168 4200 1325 4249 excurrentes
1339 4198 1419 4249 steina
1430 4198 1584 4249 infestarunt
1598 4199 1660 4261 hex,

57 4268 141 4331 scopis
150 4274 207 4318 tum
219 4269 324 4335 degens,
338 4269 379 4319 his
391 4271 536 4334 compertis,
549 4273 681 4331 ornarem,
693 4268 854 4334 Peloponnesi
866 4272 1006 4331 satrapam,
1016 4282 1089 4331 quem
1101 4267 1280 4319 clandestinum
1291 4268 1379 4317 harum
1390 4268 1520 4319 turbarunt
1533 4268 1658 4319 lentorem

53 4349 112 4387 esse
124 4340 301 4403 suspicabatur.
314 4355 329 4391 a
340 4354 443 4392 munere
455 4341 575 4403 remouit,
586 4341 659 4405 eiquo
674 4340 817 4391 Achmetem
831 4340 938 4390 sutfecit.
952 4339 1032 4389 Shuni
1047 4339 1162 4389 collectus
1176 4337 1327 4389 eThcssetia
1338 4340 1365 4389 et
1373 4339 1464 4389 AEtolia
1481 4338 1564 4403 eopias
1578 4338 1604 4388 iu
1617 4341 1662 4388 Pe·

57 4405 215 4470 loponnesuru
225 4411 306 4471 misit,
321 4424 378 4472 queo
396 4411 444 4461 sub
462 4411 569 4461 chamna
582 4410 646 4463 duos
661 4410 780 4461 thomam
796 4410 918 4471 aPatris,
931 4424 1006 4474 quarn
1020 4409 1106 4460 urbem
1118 4409 1158 4459 ille
1170 4406 1314 4469 obsidebat,
1325 4408 1485 4473 repulerunt,
1499 4408 1587 4459 deinde
1602 4421 1661 4457 reru

56 4474 91 4524 ad
98 4478 254 4528 Ιοοιιθιτίυιιι
267 4479 356 4545 prtelio
369 4481 481 4531 riserunt
490 4482 517 4530 et
527 4481 551 4529 in
561 4480 647 4531 urbem
654 4480 775 4531 inclusum
784 4480 910 4530 obsidione
918 4480 1055 4530 cinxerunt.
1066 4481 1122 4528 Μαι·
1131 4481 1213 4529 tamen
1222 4478 1255 4528 ob
1267 4478 1381 4527 morbum
1392 4481 1543 4542 manantem
1554 4479 1660 4528 dirarum

58 4545 207 4600 obsidionem
226 4551 466 4616 solritet,captiris
479 4550 605 4601 htucblam
621 4552 735 4602 abductis
748 4550 867 4617 perteque
886 4550 1012 4601 exereitus
1028 4547 1094 4613 apud
1107 4549 1259 4599 Demetrium
1279 4548 1386 4598 amicum
1407 4548 1507 4610 relicta,
1526 4548 1558 4599 etl
1577 4560 1659 4611 repom

57 4617 144 4668 auxilii
155 4620 253 4683 petendi
265 4635 341 4671 causa
354 4621 462 4672 recusit.
473 4623 638 4672 Meetremetes
651 4621 765 4685 deinceps
776 4622 823 4671 sub
837 4625 932 4685 dagano
941 4621 1006 4672 duee
1018 4620 1124 4671 alterurn
1137 4621 1273 4671 exereitum
1289 4620 1369 4679 misit,
1383 4634 1433 4683 quo
1444 4617 1566 4678 Thomas,
1579 4619 1660 4675 denuo

60 4688 145 4738 Patras
163 4690 292 4748 obsidens,
305 4704 333 4742 es
349 4692 441 4742 tehain
458 4692 573 4756 ejectus
566 4705 592 4741 ιιι
608 4692 791 4743 meridionalem
804 4692 964 4755 Peloponnesi
977 4690 1100 4756 regionem
1118 4691 1278 4754 oompeliitur
1293 4694 1356 4741 Turn
1375 4690 1455 4754 legato
1468 4691 1544 4739 misso
1557 4689 1661 4755 despota

57 4768 143 4817 pacem
158 4762 245 4823 petivit
256 4765 284 4812 et
304 4763 436 4827 propositis
455 4777 471 4812 a
491 4776 549 4827 rege
564 4762 746 4815 conditionibus
761 4762 891 4827 nequierit
907 4766 1023 4813 Attamen
1034 4774 1112 4825 quum
1130 4761 1246 4811 termille
1264 4763 1383 4819 stateres,
1400 4761 1444 4823 qui
1461 4774 1493 4810 ex
1504 4760 1583 4824 pactis
1595 4759 1661 4815 111110

57 4826 167 4880 solvendi
189 4836 272 4894 erent,
290 4846 339 4883 non
353 4832 531 4883 solverentur
508 4833 754 4914 ,rpsehterhemetes
776 4846 860 4883 mense
875 4832 933 4883 hiaii
946 4846 987 4883 un.
1005 4836 1065 4883 tteo
1079 4845 1135 4881 euru
1154 4830 1287 4882 exercitu
1280 4845 1306 4880 ru
1325 4831 1517 4895 Peloponnesum
1535 4828 1661 4894 proiectus

54 4897 105 4945 1181
121 4898 178 4961 ΙΙ·
148 4871 351 4967 -πολεμδῠντεςῙ
360 4903 397 4953 sic
407 4915 503 4966 margo,
512 4904 644 4966 μαχόμενοι
655 4902 718 4955 tent.
731 4904 742 4969 Ι)
752 4932 785 4942 -
794 4904 872 4960 πάντα
884 4903 1042 4969 τάκε1)τακεῖ
1053 4903 1130 4953 πάντα
1139 4916 1215 4966 supra
1225 4901 1352 4965 seriptum.

90 4965 105 5028 §
122 4975 146 5018 1
164 4972 524 5036 1πειρ11ησαν...1υεινταδια
514 4972 579 5037 αρε)
590 4975 689 5024 Fratres
701 4974 847 5026 castrinum
858 4974 1003 5024 marcuisse
1014 4973 1100 5037 ibique
1114 4987 1141 5024 se
1155 4972 1341 5032 reooneiliasso,
1351 4971 1396 5023 sed
1411 4982 1471 5021 mox
1487 4972 1597 5021 veterem
1610 4970 1660 5023 dis·

58 5036 168 5089 cordiam
181 5041 262 5092 denuo
276 5041 388 5106 erupisse
398 5045 482 5094 nanat
502 5042 670 5108 Phrantreep.
683 5047 738 5095 311.
753 5044 810 5108 1)-
820 5046 862 5094 ιιαὶ
877 5046 910 5106 μὴ
923 5044 1031 5109 πολέμῳ)
1050 5045 1086 5094 sie
1104 5056 1138 5092 ιιι.
1153 5049 1178 5104 1,
1191 5044 1230 5093 καὶ
1244 5041 1272 5091 oi
1283 5058 1309 5091 π.
1320 5052 1387 5091 men.
1403 5046 1423 5092 1.
1436 5039 1491 5105 1)-
1502 5042 1662 5105 χειρούμενοι,

58 5106 87 5154 τὰ
99 5108 124 5156 δε
137 5110 256 5184 κα1)1ι1(1.
267 5124 331 5174 tngo.
344 5111 400 5177 Η·-
411 5114 479 5177 μέχρι
491 5113 715 5196 πολλου]’1ιοιιρςυ,
727 5114 907 5165 1π1πολυ11111
921 5110 1111 5179 ΙΙ-Ἰλλυρῶ]
1122 5078 1241 5163 ’λλόανων
1264 5122 1364 5174 margo,
1379 5110 1519 5161 distinctius
1533 5122 1604 5172 sane,
1617 5109 1663 5165 1111

58 5174 84 5225 iu
97 5179 150 5241 sqq.
162 5182 194 5245 (e
204 5188 243 5242 11,
256 5183 279 5246 ι)
289 5182 589 5248 Albaniitemlllyriorum
600 5186 698 5237 nomine
709 5182 908 5238 introducuntur.
