3809 5859
207 330 297 393 xxxiv
868 325 1164 387 Paotttuottuna.

209 465 288 527 socia
308 477 409 522 contra
422 462 524 521 Persas
539 480 618 519 arma
637 463 809 537 junxerant,
833 459 865 518 in
883 458 986 517 orbem
1002 458 1144 538 inscripta
1165 458 1346 537 legebantur.
1368 459 1460 529 Quem
1480 460 1600 537 quidem
1628 459 1744 519 discum
1762 459 1801 519 ad

208 561 300 621 instar
314 558 386 619 disci
399 558 560 637 Olympici,
574 557 611 615 de
626 576 685 633 quo
701 556 861 615 Pausanias
883 556 917 625 5,
936 575 992 625 ao,
1014 576 1027 613 1
1046 541 1234 630 verba'lacit,
1248 557 1378 615 effictum
1391 570 1420 615 et
1432 555 1469 615 ab
1484 556 1666 615 ¹Aristoderui
1679 569 1804 615 auctore

209 672 346 735 tanquam
358 654 481 731 ἀνάθημα
496 654 574 732 quod
588 652 685 713 Graeci
699 648 805 731 primis
819 663 886 729 post
900 651 1059 709 Plataeense
1074 652 1212 727 proelium
1226 654 1304 712 ludis
1319 653 1383 729 (01.
1398 655 1447 725 76.
1462 654 1537 730 1761
1553 652 1698 730 Olympiae
1709 652 1800 711 dedi-

209 765 333 823 cassem,
348 764 604 809 commemoratum
617 768 679 809 esse
693 748 838 827 suspicor.
852 748 914 807 lloc
925 749 952 806 si
966 762 1043 807 recte
1054 750 1179 827 conjeci,
1195 750 1427 830 praecedentibus
1442 771 1508 828 quae
1525 764 1594 809 sunt
1607 751 1643 808 de
1654 750 1804 809 Pausania

207 849 285 906 etde
304 847 509 906 Themistoclis
530 846 639 923 exilio,
661 864 738 903 unus
752 844 931 923 relinquitur
951 864 1046 904 annus
1067 856 1136 919 177,
1151 846 1198 907 01.
1220 846 1274 920 75,
1297 858 1329 918 a,
1350 867 1409 924 quo
1429 848 1496 925 ipso
1511 846 1657 907 Diodorus
1679 866 1807 924 qnoque

208 962 323 1004 omnem
346 943 496 1003 Pausanias
516 942 687 1013 historiam,
713 961 778 1018 quae
792 954 836 1000 est
856 940 927 999 inde
945 940 983 999 ab
1003 942 1188 1021 expeditione
1208 943 1319 1023 Cypria
1338 943 1484 1021 usquead
1504 955 1628 1001 mortem
1640 942 1708 1021 ejus
1724 944 1804 1012 viri,

208 1040 438 1120 comprehcndit.
710 1106 713 1111 ,

248 1136 314 1197 lstae
331 1138 422 1213 igitur
443 1149 606 1214 temporum
630 1134 832 1208 confusiones,
859 1134 969 1212 quibus
992 1135 1143 1213 antiquior
1162 1136 1331 1195 Grmcorum
1346 1136 1472 1196 historia
1485 1135 1563 1214 apud
1582 1135 1730 1211 aequioris
1743 1136 1802 1193 aeri

208 1234 364 1311 scriptores
385 1231 513 1303 laborat,
529 1249 565 1288 ex
586 1230 717 1289 lontibus
731 1242 839 1288 temere
858 1230 960 1288 mixtis
978 1231 1143 1309 repetendas
1159 1246 1238 1293 sunt.
1252 1232 1387 1312 ipsorum
1403 1251 1475 1289 vero
1492 1231 1616 1289 fontium
1630 1230 1801 1305 dissensus,

207 1349 266 1406 quo
283 1329 378 1405 longae
394 1347 491 1387 rerum
504 1328 594 1386 series
606 1328 642 1384 ab
664 1326 732 1385 aliis
748 1326 843 1399 aliter,
858 1326 909 1386 sed
923 1326 1063 1405 aequabili
1081 1343 1111 1386 et
1132 1332 1277 1390 constanti
1290 1328 1494 1408 discrepantias
1508 1327 1622 1385 ratione
1634 1329 1804 1396 traduntur,

207 1425 246 1483 iis
263 1435 346 1484 ortus
363 1443 426 1483 esse
442 1422 528 1481 debet
550 1421 747 1500 temporibus,
763 1422 872 1500 quibus
893 1423 963 1482 anni
981 1423 1110 1482 nondum
1126 1424 1302 1483 notabantur
1318 1424 1481 1483 secundum
1492 1436 1600 1482 certam
1618 1420 1807 1499 Olympiadis

153 1530 167 1541 “
206 1518 309 1597 primae
324 1519 475 1599 epocham,
497 1518 546 1578 sed
562 1538 580 1576 a
594 1519 719 1576 termino
736 1518 976 1591 numerabantur,
988 1539 1075 1598 quem
1087 1521 1138 1579 alii
1153 1521 1214 1579 alio
1223 1520 1311 1579 modo
1321 1518 1548 1580 constituebant.
1565 1516 1617 1575 liei
1630 1516 1799 1593 exemplum

208 1636 297 1695 supra
312 1617 412 1689 attuli,
428 1604 480 1675 ubi
494 1628 591 1673 aetates
607 1615 848 1695 pbilosophorum
866 1617 1046 1689 ionicorum,
1062 1636 1128 1694 quae
1140 1616 1178 1675 ab
1192 1637 1250 1675 aera
1262 1615 1392 1693 Trojana
1404 1627 1579 1693 computata·
1590 1625 1685 1683 mant,
1695 1610 1801 1670 eadem

207 1710 387 1772 dissensione
404 1710 537 1770 exhiberi
552 1711 695 1781 vidimus,
710 1732 774 1787 qnae
795 1714 954 1774 intercedit
972 1718 1049 1773 inter
1063 1734 1150 1774 aeram
1169 1717 1240 1774 anni
1265 1736 1338 1788 7377
1357 1727 1387 1773 et
1404 1714 1554 1789 vulgarem
1571 1730 1657 1769 aeram
1675 1711 1804 1769 Atticam

206 1830 255 1871 an.
272 1812 364 1883 1183,
381 1829 468 1887 quam
480 1808 677 1887 Apollodorus
689 1810 735 1868 his
755 1811 875 1872 calculis
887 1812 1006 1871 subesse
1020 1831 1176 1891 perperam
1192 1808 1378 1888 opinabatur.
1404 1806 1469 1865 lam
1483 1805 1561 1883 quod
1572 1805 1676 1863 attinet
1687 1804 1805 1863 discre-

206 1908 334 1987 pantiam
354 1925 498 1966 annorum
514 1907 561 1964 vel
583 1908 706 1984 quinum
718 1909 765 1965 vel
782 1922 953 1987 septenum,
974 1930 1038 1986 quae
1053 1930 1114 1988 prae
1127 1899 1232 1968 ceteris
1251 1905 1371 1965 obviam
1390 1904 1468 1962 litet
1483 1902 1545 1980 jam
1561 1900 1685 1960 Varroni
1704 1920 1802 1977 nego-

207 2005 280 2062 tium
296 2004 422 2075 creavit,
433 2022 496 2060 eam
508 2021 545 2059 ex
560 2004 641 2061 raaia
661 2003 774 2062 ratione
788 2022 845 2080 qua
866 2006 968 2063 Atticae
987 2005 1117 2065 historias
1135 2003 1254 2085 epocha
1273 2001 1504 2072 adornabantur,
1516 1998 1718 2077 explicandam
1733 2017 1805 2057 esse

206 2118 320 2169 0011800.

686 2273 737 2334 DE
759 2272 907 2333 ATTlCAE
928 2272 1122 2335 HlS'l'OlilAE
1141 2274 1311 2334 Erocttls.

245 2477 474 2538 Consentaneum
494 2490 537 2535 est
555 2478 631 2555 apud
651 2476 762 2536 Atticos
781 2476 938 2555 epocham,
954 2495 1044 2553 aqua
1060 2476 1194 2535 certioris
1220 2479 1368 2537 memorias
1387 2476 1504 2536 initium
1519 2489 1693 2548 sumeretur,
1715 2489 1746 2533 et
1768 2478 1802 2534 in

207 2577 290 2633 annis
305 2592 401 2632 rerum
417 2573 622 2650 computandis
631 2574 790 2651 scriptores
804 2573 1069 2652 proficiscerentur,
1085 2573 1164 2631 illam
1180 2573 1269 2631 fuisse
1280 2592 1337 2651 qua
1351 2586 1417 2651 post
1430 2592 1513 2648 reges
1525 2585 1554 2631 et
1567 2573 1720 2631 archontes
1733 2592 1800 2650 per·

206 2682 308 2751 petuos
326 2669 416 2727 secuti
432 2681 501 2727 sunt
514 2668 664 2728 archontes
677 2669 867 2739 decennales,
882 2689 957 2746 quos
973 2688 1041 2726 mox
1057 2684 1233 2748 exceperunt
1246 2670 1399 2728 archontes
1413 2672 1513 2728 annui.
1531 2668 1575 2727 Ex
1588 2664 1806 2746 probatissimo

207 2779 344 2845 computo
355 2765 416 2823 baec
430 2765 540 2842 epocha
551 2766 655 2824 incidit
667 2767 699 2824 in
713 2785 820 2824 annum
842 2766 899 2839 757
918 2785 943 2825 3.
962 2765 1003 2835 C,
1017 2765 1064 2821 01.
1078 2787 1094 2838 7
1109 2807 1117 2836 ,
1139 2787 1150 2823 r
1164 2786 1172 2837 ;
1187 2767 1239 2825 alii
1253 2785 1399 2825 ueroeam
1417 2768 1610 2842 autquinque
1624 2777 1673 2823 aut
1686 2777 1798 2842 septem

206 2864 292 2922 annis
304 2862 484 2941 superiorem
501 2862 602 2921 iecisse
614 2876 643 2921 et
657 2882 704 2921 an.
720 2863 775 2936 757
789 2876 839 2921 aut
855 2862 913 2938 759
928 2861 1091 2936 assignasse
1105 2860 1221 2922 debent.
1232 2862 1349 2921 Nullum
1367 2880 1437 2920 sane
1450 2863 1487 2920 de
1500 2862 1547 2920 his
1560 2873 1648 2919 exstat
1656 2860 1799 2919 disertum

205 2960 388 3037 antiquitatis
403 2961 621 3032 testimonium
638 2974 667 3019 at
681 2962 827 3020 exstitisse
845 2958 1016 3017 archontum
1033 2958 1179 3035 catalogos
1195 2959 1294 3035 quinis
1309 2960 1395 3017 annis
1410 2977 1427 3015 a
1441 2958 1556 3033 vulgari
1575 2967 1715 3034 computo
1733 2956 1801 3015 dis-

98 3079 102 3093 ·
206 3057 362 3115 sentientes
376 3056 464 3114 exiis
478 3056 628 3131 colligitur
647 3077 711 3133 quae
727 3054 882 3115 Pausanias
896 3053 978 3113 libro
992 3068 1098 3131 quarto
1117 3055 1201 3113 allert
1214 3054 1251 3112 de
1265 3054 1403 3113 AEsimide
1417 3068 1446 3112 et
1461 3054 1643 3131 llippomene
1655 3064 1686 3110 et
1698 3051 1801 3110 Tlesia

205 3163 234 3207 et
253 3150 383 3208 Miltiade
399 3149 604 3222 archontibus,
624 3172 698 3229 quos
711 3172 812 3211 omnes
831 3152 963 3229 quinque
977 3151 1062 3210 annis
1073 3150 1153 3228 justo
1177 3151 1357 3227 antiquiores
1371 3152 1470 3230 ponit,
1492 3150 1563 3208 adeo
1577 3160 1610 3207 ut
1627 3146 1800 3228 ἀναγραφαί,

205 3244 313 3322 quibus
326 3265 396 3305 usus
409 3258 452 3304 est
463 3289 472 3318 ,
485 3246 526 3304 ita
537 3245 691 3306 habuerint
709 3269 716 3305 :

260 3480 362 3518 1731333133
374 3478 492 3518 decennale!-
559 3483 619 3520 ilem
636 3484 740 3529 mlum
809 3456 912 3558 malit,

247 3644 269 3691 1.
287 3640 398 3705 stampe
400 3673 517 3691 ........
565 3642 660 3693 75201.
690 3646 728 3699 7,1
776 3649 820 3695 757
833 3645 872 3695 01.
901 3651 940 3707 ⁵,t
1785 3668 1786 3717 i

246 3724 269 3768 7.
288 3718 425 3770 termites
430 3752 514 3769 ......
565 3724 649 3770 737»
689 3724 731 3781 aa
775 3728 860 3775 747»
901 3732 941 3787 3,7
987 3728 1059 3788 oto,
1073 3726 1372 3778 773333373373337733
1386 3725 1489 3789 quinam
1500 3739 1539 3791 37.
1550 3728 1654 3776 737337-
1667 3731 1693 3787 1,
1705 3724 1786 3789 ⁵‚⁴·

245 3795 397 3847 acnuam
401 3830 515 3847 ........
565 3802 609 3849 737
636 3820 647 3843 3
675 3803 726 3858 mn
774 3808 818 3855 737
846 3826 858 3851 3
887 3812 940 3866 loa
1784 3800 1786 3869 ἑ

243 3878 267 3924 a.
286 3874 514 3939 flinmmencsw·
564 3882 609 3927 ⁷22
635 3898 648 3921 ν
676 3881 730 3938 113
774 3889 818 3937 777
846 3908 857 3931 .
886 3892 939 3947 737
985 3886 1023 3935 ot.
1036 3889 1073 3947 73,
1087 3876 1785 3950 7.7731373·7333333333317773713173731Μ3177

246 3959 270 4003 5.
288 3956 418 4005 leocmtes
429 3990 514 4006 ......
564 3959 608 4005 712
634 3974 646 3999 a
675 3959 727 4015 17,1
774 3967 818 4015 717
844 3984 856 4009 ι
886 3970 940 4026 15,4
999 3966 1196 4024 Ρ11111.1.13,3.
1783 3994 1784 4015 t

244 4034 409 4096 3373373137
414 4068 514 4085 .......
564 4037 608 4083 702
634 4053 646 4077 ¹·
674 4038 727 4093 19,3
774 4048 818 4094 707
846 4064 857 4088 3
885 4050 938 4105 18,2

245 4112 268 4160 7.
285 4112 388 4172 &exim
398 4145 514 4165 ........
562 4118 607 4164 aaa
634 4135 646 4158 3
672 4119 726 4175 22,1
773 4126 817 4173 397
846 4144 857 4167 s
884 4127 939 4184 aaa

283 4197 462 4239 laetaniarum.

246 4266 364 4316 107137
366 4301 514 4319 ..........
560 4274 605 4319 182
633 4289 645 4313 a
673 4275 728 4329 213
773 4284 817 4331 387
843 4300 855 4324 3
883 4285 938 4338 aaa

245 4346 269 4392 ³·
286 4342 425 4407 manag)
431 4380 513 4395 ······
562 4354 608 4401 6⁸⁰
634 4370 647 4396 ν
673 4358 726 4413 253
772 4364 818 4409 aas
844 4380 856 4403 3
881 4364 937 4419 73,3
984 4357 1025 4408 ot.
1037 4357 1389 4421 733333713333333337.
1400 4358 1506 4407 nacon.
1520 4361 1546 4417 3,
1563 4362 1600 4416 rs,
1618 4361 1642 4407 1.
1781 4392 1782 4425 7

843 4456 854 4481 s
881 4442 935 4496 29,1
981 4436 1019 4486 01.
1031 4442 1070 4495 29,
1084 4441 1152 4489 inst
1163 4436 1280 4487 Miltiadis
1288 4449 1366 4485 annus
1374 4449 1414 4499 ap.
1424 4438 1528 4486 Pausan.
1541 4439 1566 4497 t,
1575 4441 1614 4495 25,
1634 4441 1658 4484 5.
1668 4436 1783 4485 Verum

997 4515 1108 4577 ejusdem
1118 4514 1243 4566 archontis
1251 4528 1342 4565 annum
1353 4527 1386 4564 ca
1404 4514 1453 4564 alie
1465 4515 1532 4564 lonte
1543 4514 1618 4565 habet
1627 4516 1725 4564 Pausan
1737 4518 1762 4572 t,

234 4896 268 4959 (Ἴ
280 4896 366 4947 ’1133133
378 4909 469 4947 annum
483 4900 528 4946 sto
544 4909 593 4946 non
609 4895 727 4946 hebernus
741 4900 866 4947 testatum.
884 4900 912 4947 ln
927 4901 1050 4951 Mannora
1063 4899 1136 4951 Pario
1149 4900 1236 4951 'lleaie
1249 4913 1329 4950 annus
1342 4903 1382 4950 est
1393 4904 1448 4950 tta.
1460 4903 1555 4949 verum
1569 4911 1647 4961 quum
1668 4897 1694 4946 in
1705 4896 1796 4946 eodem

203 4978 280 5015 annus
293 4967 406 5016 creontis
419 4979 468 5015 non
480 4965 514 5015 sit
525 4970 584 5027 112,
598 4964 642 5015 3331
654 4970 714 5025 ast,
730 4966 792 5015 hanc
801 4965 907 5016 duomm
916 4982 1037 5019 annorum
1047 4968 1213 5021 differentiam
1225 4970 1335 5020 ctiamde
1343 4968 1430 5019 Tleaias
1443 4969 1588 5033 magistratu
1601 4965 1737 5017 obduruisse
1747 4978 1797 5028 par

205 5048 231 5085 se
240 5032 372 5085 verisimile
384 5037 423 5084 est
433 5036 459 5085 ct
470 5034 617 5098 comparatis
631 5036 757 5087 Pausania
768 5036 828 5085 locis
841 5038 1021 5101 comprobatur.
1037 5041 1108 5090 Errat
1120 5038 1250 5091 Glintonus
1262 5038 1306 5103 qui
1319 5036 1384 5089 duos
1396 5035 1518 5089 Miltiades
1528 5038 1674 5097 archontes,
1685 5036 1796 5087 alteram

203 5104 260 5153 annl
275 5108 337 5167 659,
350 5105 453 5157 31137737
467 5107 524 5157 anni
535 5109 580 5158 eat
595 5104 778 5169 distinguendos
791 5120 846 5159 esse
859 5108 1007 5172 suspicatur.
1598 5112 1602 5119 '
