3809 5859
574 341 749 404 HISTOIRE
770 343 823 406 DU
843 331 974 404 REGNE
996 345 1047 406 DE
1067 349 1274 410 stainans,

75 469 76 474 ί
152 483 183 559 [S
199 479 264 558 δή]
277 481 343 536 Une
357 489 449 547 autre,
461 475 512 550 qui
527 477 570 532 sut
584 480 647 534 tute
661 480 733 534 aussi
747 478 817 533 dans
832 480 893 533 leur

113 575 249 632 detneure
259 567 297 626 de
310 570 339 623 la
353 584 472 625 resserve
489 583 545 622 aux
557 584 661 635 caves,
676 567 719 623 dit
733 585 768 622 en
782 567 894 622 laissant

112 665 138 721 le
153 659 263 718 monde
279 677 287 713 ε
309 682 321 706 α
337 659 371 712 Je
387 667 415 712 te
428 656 576 724 remercie,
591 655 695 711 (iDieu
707 655 892 722 bieufaisant,

114 753 165 827 qui
180 770 216 807 ne
228 745 297 804 m’as
311 747 395 821 point
407 744 506 800 exclue
516 764 524 814 ;
535 742 628 814 j'e'tais
638 745 749 800 malade
758 753 788 799 et
798 743 827 816 je
837 743 893 798 n'ai

115 860 157 915 pu
174 858 222 895 me
249 846 350 892 mettre
373 836 390 889 ai
412 833 439 888 la
462 834 534 888 suite
564 832 599 888 de
620 851 679 889 mes
702 851 890 907 compagnes.

116 920 893 999 Pourtant,Seigneurdouxetmisericordienx,recois

114 1036 186 1072 mon
199 1017 276 1081 ime,
290 1023 319 1069 et
327 1010 438 1067 mesia
450 1028 518 1065 avec
531 1012 559 1065 la
569 1020 674 1084 troupe
685 1009 722 1064 de
735 1020 775 1064 tes
789 1011 893 1066 saintes

115 1115 270 1177 martyres,
281 1117 342 1156 mes
359 1115 531 1172 compagnes
546 1108 576 1152 et
588 1115 647 1153 mes
663 1115 764 1163 soeurs,
781 1096 847 1169 pres
857 1095 893 1152 de

116 1203 143 1247 ta
157 1199 305 1257 servante,
319 1199 348 1243 ct
363 1187 399 1242 de
418 1196 501 1241 notre
519 1185 606 1259 guide
629 1184 750 1251 Gaiana,
766 1194 794 1238 et
814 1183 850 1238 de
865 1194 894 1239 ta

115 1279 287 1336 bien-aimee
308 1273 466 1349 Hripsime,
482 1284 566 1331 notre
584 1272 651 1329 fille.
670 1297 682 1322 ι
697 1275 733 1328 Et
750 1291 786 1328 en
801 1272 895 1328 disant
913 1339 915 1344 ι

116 1387 160 1424 css
173 1376 266 1434 mols,
279 1367 332 1420 elle
341 1374 469 1419 mourut.
487 1363 533 1418 On
547 1363 607 1436 prit
624 1363 700 1416 leurs
715 1379 799 1441 corps
813 1371 843 1416 et
856 1379 893 1415 on

114 1457 156 1512 les
167 1455 228 1528 jeta
237 1473 270 1510 en
280 1454 381 1529 pature
391 1471 448 1512 aux
456 1451 551 1507 chiens
562 1451 598 1506 de
609 1451 636 1506 la
647 1451 730 1517 ville,
746 1469 801 1505 aux
815 1450 894 1505 bttes

117 1545 226 1600 feroces
239 1543 274 1598 tie
287 1543 314 1597 la
327 1551 401 1600 terre
414 1552 509 1597 etanx
523 1541 637 1595 oiseaux
653 1539 693 1594 du
705 1541 769 1594 ciel.

462 1719 545 1774 XIX.

158 1886 189 1971 [S
201 1885 261 1968 85]
272 1890 368 1961 Quant
377 1906 413 1942 au
427 1888 472 1942 roi
482 1929 491 1957 ,
501 1887 522 1941 il
530 1904 567 1941 ne
581 1887 693 1960 prenait
703 1887 753 1941 nul
765 1889 844 1942 souci
859 1887 895 1942 de

1669 367 1727 427 tlt

948 485 1093 554 remporte
1104 493 1164 538 tant
1178 481 1214 539 de
1224 487 1358 544 victoires
1371 489 1484 547 andeli
1497 493 1533 549 de
1545 495 1726 573 l'Enphrate3

948 568 1018 624 dans
1029 571 1069 624 les
1078 589 1149 644 pays
1158 571 1208 627 des
1221 573 1327 646 Dadjilr
1340 577 1469 655 (Arabes)
1481 581 1501 635 il
1515 593 1564 637 eut
1575 603 1615 638 un
1629 586 1729 642 cheval

949 669 1113 732 gravament
1130 660 1233 732 blesst,
1248 675 1334 736 ayant
1346 667 1406 739 pris
1417 668 1443 721 le
1459 669 1557 725 cheval
1572 684 1600 727 et
1611 691 1654 729 ses
1663 675 1730 731 bar·

949 747 1026 816 nais,
1042 748 1063 801 il
1083 765 1160 804 serra
1176 767 1205 804 sa
1218 751 1341 808 cnirasse
1356 763 1383 809 et
1399 774 1479 829 passa
1493 757 1656 832 l’Euphrate
1670 762 1688 817 a
1701 763 1729 819 la

947 852 1030 908 naga.
1043 835 1209 910 Cepentiant
1223 857 1256 894 ce
1268 842 1367 912 prince
1381 845 1404 898 si
1419 844 1477 900 fort
1492 855 1520 900 et
1532 847 1556 900 si
1568 848 1729 922 vigoureux

949 925 1000 995 qui
1017 924 1078 994 int,
1093 944 1148 998 par
1161 925 1189 982 la
1202 929 1321 985 volonte
1337 929 1373 986 de
1386 934 1471 1008 Dian,
1484 935 1590 990 vaincu
1603 955 1657 1010 par
1671 954 1729 994 une

946 1011 1033 1082 jaune
1055 1011 1127 1082 fille,
1143 1033 1180 1070 ne
1195 1019 1324 1091 songeait
1345 1021 1409 1093 plus
1431 1022 1448 1077 ai
1471 1023 1500 1077 la
1520 1025 1608 1080 bonta
1626 1027 1678 1100 qui
1702 1027 1730 1082 le

948 1102 1094 1170 courrait,
1109 1103 1193 1173 mais,
1213 1105 1288 1178 tpris
1309 1107 1486 1164 ardemment
1503 1111 1582 1168 desa
1606 1113 1727 1184 beaute,

946 1188 967 1241 il
982 1189 1051 1243 etait
1065 1190 1144 1245 triste
1161 1201 1188 1246 et
1202 1194 1317 1250 accable
1332 1196 1414 1268 apres
1426 1198 1453 1254 la
1465 1211 1543 1254 mort
1556 1200 1592 1256 de
1605 1201 1632 1256 la
1642 1201 1729 1273 jeune

946 1273 1021 1345 fille,
1041 1288 1069 1332 et
1094 1279 1113 1332 il
1139 1280 1252 1335 eclatait
1273 1300 1309 1336 en
1331 1283 1553 1345 lamentations:
1574 1313 1586 1338 ιι
1613 1293 1725 1365 Voyez,

949 1363 1089 1435 disait-il,
1107 1378 1180 1423 cette
1200 1380 1274 1425 secte
1296 1370 1476 1429 abominabis
1499 1374 1549 1430 des
1570 1377 1727 1447 chritiens,

949 1471 1060 1509 comme
1075 1456 1129 1510 elle
1144 1458 1227 1532 egare
1241 1459 1281 1514 les
1294 1460 1422 1516 hommes
1434 1481 1469 1517 en
1481 1465 1521 1518 les
1532 1466 1677 1540 eloignant
1688 1466 1728 1521 du

949 1542 1025 1597 culte
1044 1542 1094 1599 des
1118 1545 1215 1604 dicus.
1231 1547 1269 1603 Ils
1283 1549 1324 1603 les
1349 1551 1461 1623 privent
1487 1551 1536 1608 des
1556 1553 1730 1625 jouissances

933 1629 986 1685 ‘de
1011 1643 1084 1687 cette
1104 1635 1167 1705 vie,
1190 1647 1218 1691 et
1242 1637 1282 1692 les
1303 1637 1472 1711 empechent
1493 1640 1530 1696 de
1551 1641 1688 1698 redouter
1701 1643 1729 1698 la

948 1729 1034 1775 mort.
1057 1720 1095 1775 lls
1118 1733 1170 1777 ont
1193 1723 1246 1779 fait
1277 1725 1313 1781 de
1327 1727 1433 1783 ,meme
1455 1748 1531 1803 pour
1553 1729 1729 1787 l’admirable

950 1807 1108 1883 Hripsime,
1134 1811 1184 1883 qui
1204 1811 1250 1867 n'a
1269 1831 1320 1886 pas
1339 1833 1368 1869 sa
1390 1819 1507 1889 parcille
1525 1820 1618 1891 parmi
1635 1829 1729 1874 tontes

949 1894 990 1948 les
1004 1895 1119 1953 semines
1133 1900 1182 1972 qui
1196 1912 1261 1956 sont
1275 1921 1324 1958 sur
1339 1915 1421 1959 terre.
1436 1907 1505 1960 lllon
1525 1926 1604 1961 coeur
1617 1925 1635 1961 a
1646 1907 1730 1962 brirle

117 1996 146 2033 sa
160 1979 271 2046 honte,
286 1994 405 2033 comme·
416 1976 438 2030 il
458 1974 570 2030 l'aurait
583 1975 633 2030 dia.
651 1975 768 2030 Celebre
783 1993 894 2031 comme
949 2000 1024 2055 pour
1047 1985 1116 2056 elle,
1131 1998 1160 2041 et
1179 1991 1256 2058 moi,
1271 1991 1297 2045 le
1317 1991 1365 2047 roi
1381 1993 1521 2063 Tiridate,
1544 2005 1604 2049 tant
1625 2013 1682 2068 que
1698 1994 1729 2066 je

118 2068 139 2120 il
153 2067 241 2121 l’etait
253 2067 269 2122 a
280 2067 306 2120 la
315 2083 432 2140 guerre,
445 2074 473 2120 et
482 2063 581 2119 s'itant
591 2065 705 2118 mentri
718 2062 775 2118 fort
785 2082 895 2120 comme
949 2073 1056 2141 vivrai,
1070 2074 1123 2129 elle
1141 2093 1178 2131 ne
1192 2077 1338 2134 s’esfacera
1359 2082 1442 2154 point
1457 2082 1492 2136 de
1506 2100 1552 2138 ma
1577 2084 1726 2138 mernoire.

8 2193 11 2202 .
117 2173 156 2208 nn
172 2152 613 2229 geant‚auxjeux015mpiques
628 2152 678 2207 des
692 2151 798 2221 (λιστος
812 2163 897 2225 ayant
951 2160 984 2213 Je
999 2163 1115 2216 connais
1128 2164 1196 2218 bien
1207 2167 1234 2220 le
1243 2185 1313 2239 pays
1325 2167 1375 2222 des
1386 2168 1472 2224 Grecs
1482 2180 1510 2224 et
1520 2169 1569 2224 des
1577 2171 1726 2238 Romains,

117 2281 1727 2313 ——.-———-——-—-————*—————-—-

118 2336 181 2403 τινὲς
196 2335 239 2395 τὸν
255 2332 336 2392 τόπον
351 2330 496 2411 φθάσαντες
511 2329 616 2398 ἐζήτουν
631 2327 666 2388 τά
678 2329 791 2409 λείψανα
807 2332 892 2389 αὐτῶν

120 2424 251 2486 συστεῖλαι
281 2420 327 2480 καλ
352 2419 444 2500 θάψαι.
469 2417 579 2486 Τούτοις
603 2408 646 2476 οῦν
674 2416 734 2497 ξίφη
764 2419 894 2485 ἐπιθέντες

120 2515 222 2572 ἀνεῖλαν
241 2510 361 2584 ὀνόματα
383 2507 526 2587 τριάκοντα
548 2505 778 2568 δύο...............
799 2511 893 2567 Ταῦτα

120 2604 146 2660 δὲ
164 2602 206 2661 ἐπί
219 2599 250 2659 τὸ
263 2597 328 2657 αθτθ
344 2595 460 2662 εἰπόντες
473 2593 671 2666 ἐτελειώθησαν.

161 2692 242 2766 §bip
265 2685 341 2748 Μίαν
363 2684 389 2753 ἐξ
404 2687 508 2758 αὐτῶν,
525 2685 682 2742 ἀσθενοῦσαν
702 2683 729 2740 ἐν
751 2687 784 2763 τῇ
807 2707 892 2742 κατα-

123 2781 189 2854 μονῇ
214 2778 298 2834 αὐτῶν
321 2777 359 2854 τῷ
377 2775 467 2851 ληνῷ,
481 2770 636 2830 ἀπέκτειναν
658 2770 704 2830 καὶ
725 2771 806 2841 αὐτὴν
823 2773 892 2851 εἰρη-

122 2871 196 2934 κυῖαν
212 2862 292 2929 ούτως
305 2866 330 2921 ἐν
347 2860 403 2942 ῶρρ
415 2864 463 2932 τῆς
478 2862 602 2930 τελευτῆς
621 2861 710 2930 αὐτῆς·
729 2861 891 2939 Εὐχαριστῶ

124 2977 185 3028 σοι,
197 2950 312 3010 δέσποτα
323 2949 499 3030 φιλάνθρωπα,
512 2949 550 3028 τῷ
569 2945 638 3024 κάμέ
652 2946 689 3022 μὴ
704 2947 889 3024 θστερήσαντι.

123 3039 246 3110 'Aulestis
274 3037 323 3116 γδρ
349 3035 521 3116 ὑπάρχουσα,
550 3037 598 3094 οὐκ
625 3035 757 3108 ἠδυνήθην
784 3037 893 3114 δραμεῖν

124 3129 210 3188 ὀπίσω
221 3129 273 3185 τῶν
285 3129 354 3200 ἐμῶν
365 3125 479 3204 ἑταίρων·
487 3123 558 3200 ὅμως
570 3122 698 3202 δέ,’ὀγαθέ
708 3124 753 3182 καλ
764 3123 893 3201 ἐλεήμων,

123 3216 195 3284 δέξαι
209 3215 256 3274 καὶ
268 3213 382 3294 σύναψον
395 3212 425 3270 τδ
442 3212 501 3288 ἐμὸν
516 3217 622 3288 πνεῦμα
637 3216 673 3280 είς
688 3210 731 3270 τδν
746 3210 824 3290 χορδν
842 3214 893 3270 τῶν

121 3328 170 3363 σου
188 3300 347 3384 μαρτύρων,
363 3305 431 3377 ἐμῶν
451 3301 477 3360 δὲ
491 3303 626 3380 ἀδελφῶν,
645 3301 712 3375 μετὰ
733 3304 780 3370 τῆς
797 3300 894 3378 μητρὸς

121 3395 194 3469 ἡμῶν
210 3395 328 3462 Γαιανῆς
336 3434 344 3462 ,
358 3390 403 3448 καὶ
417 3390 588 3468 ἀδελφῆςκαλ
606 3387 697 3446 τέκνου
709 3391 785 3464 ἡμῶν
801 3386 895 3469 Ῥιψή-

123 3505 181 3556 μης.
199 3479 255 3540 Kal
269 3479 336 3551 αύτή
349 3469 393 3538 οῦν
414 3479 495 3544 οθτως
517 3477 658 3548 λαλήσασα
685 3473 822 3552 ἐκοιμήθη.
839 3477 895 3536 Σύ-

122 3590 210 3648 ραντες
224 3566 252 3625 δέ
266 3566 300 3627 τδι
314 3566 426 3640 σώματα
451 3565 500 3632 ἔξω
515 3565 623 3646 ἔρριψαν
650 3567 746 3644 βρῶμα
770 3563 894 3640 γενέσθαι

122 3657 195 3714 κυσίν
208 3661 257 3728 τῆς
271 3655 385 3728 πόλεως,
399 3654 445 3714 καλ
460 3662 585 3719 πετεινοῖς
602 3654 648 3712 καὶ
663 3652 769 3730 θηρίοις.

162 3747 179 3822 §
196 3745 245 3805 85.
260 3742 294 3803 Ὁ
310 3744 337 3802 δέ
354 3743 476 3822 βασιλεὺς
492 3742 611 3820 μεγάλως
625 3741 797 3820 ἐνετράπη,ὁ
816 3739 896 3806 οὕτως

122 3833 266 3909 ὀνομαστὸς
284 3837 421 3912 πανταχοῦ
439 3831 576 3908 γενόμενος
597 3835 622 3890 ἐν
644 3828 768 3908 πολέμῳ,
784 3826 829 3886 καί
845 3827 896 3903 μά-

122 3924 198 3981 λιστα
214 3924 241 3980 ἐν
255 3920 309 3984 τοῖς
322 3921 494 3995 ὀλυμπιακοῖς
509 3920 592 3991 ἀγῶσι
612 3921 658 3988 τῆς
672 3915 770 3981 Ἰωνίας
793 3920 841 3992 γῆς
855 3938 895 3991 γι-

123 4019 244 4086 γανταῖος
259 4007 346 4087 φανείς
355 4052 363 4079 ,
373 4006 419 4065 καί
428 4005 558 4082 πολέμους
570 4005 690 4064 ἐπέκεινα
700 4009 744 4062 τοῦ
759 4003 896 4083 Εὐφράτου

124 4101 244 4172 ποταμοῦ
264 4093 433 4172 κατορθώσας
448 4096 484 4162 εἰς
504 4093 537 4151 τδι
560 4094 627 4171 μέρη
648 4096 700 4150 τῶν
719 4093 895 4168 Σαρακηνῶν,

124 4181 191 4241 δ’που
205 4181 269 4239 ποτὲ
283 4181 388 4258 τρωθείς
403 4180 471 4260 ἐξῄει
484 4179 550 4256 μετδι
565 4185 609 4238 τοῦ
624 4178 705 4237 ἵππου
718 4178 761 4236 τθν
782 4177 896 4252 πόλεμον

125 4269 227 4346 φεύγων
238 4269 283 4328 καὶ
295 4267 363 4327 ὥστε
377 4268 415 4346 μή
430 4272 638 4346 καταληφθῆναι,
651 4269 695 4327 τόν
710 4291 739 4326 τε
750 4265 832 4324 ἵππον
850 4263 896 4323 σύ-

126 4380 179 4435 ρων
193 4355 238 4413 καί
252 4355 285 4414 cl
298 4357 381 4414 οἰκεῖα
395 4353 464 4434 όπλα
476 4357 522 4415 καί
536 4356 565 4414 τὸ
579 4362 623 4414 τοῦ
635 4355 717 4414 ἵππου
732 4354 829 4428 ἔνδυμα
846 4361 898 4418 τοῖς

125 4443 295 4524 μεταφρένοις
306 4444 411 4516 ἐπιθείς,
421 4443 555 4515 διενήξατο
563 4443 606 4502 τὸν
616 4441 816 4523 Εὐφράτηνκαί
826 4431 899 4506 οῦτος

124 4535 267 4610 πανταχοῦ
280 4531 453 4612 στερεώτατος
467 4540 519 4598 τοῖς
533 4531 630 4596 ὀστέοις
646 4531 697 4589 ἀπὸ
714 4539 775 4606 μιᾶς
786 4527 899 4594 νεάνιδος

121 4615 250 4692 ἡττηθείς
272 4618 431 4699 κατισχύνθη
455 4619 582 4697 θελήματι
601 4625 645 4676 τοῦ
662 4621 742 4678 Θεοῦ.
757 4615 853 4694 Ὅμως
871 4614 898 4674 δὲ

120 4707 246 4789 παριδὼν
263 4705 308 4778 τήν
324 4710 417 4765 ἐαυτοῦ
434 4705 572 4785 αἰσχύνην,
589 4707 623 4770 εἰς
638 4705 664 4764 δὲ
683 4705 730 4775 τήν
744 4703 834 4782 ὀρασιν
852 4705 899 4773 τῆς

119 4797 207 4878 ὄψεως
221 4799 271 4866 τῆς
288 4798 382 4874 κόρης,
399 4795 445 4853 καὶ
464 4799 511 4866 τ’ής
527 4797 606 4863 αύτῆς
627 4792 713 4874 φιλίας
733 4791 898 4871 θερμανθείς,

119 4889 147 4945 ἓν
160 4884 277 4963 μεγίστῃ
292 4884 364 4962 λύπη
378 4883 422 4943 καὶ
436 4882 524 4942 πένθει
539 4883 667 4954 ἐκάθητο,
678 4881 721 4940 τδν
734 4879 844 4938 θάνατον
854 4884 900 4951 τῆς

118 4975 201 5053 κόρης
219 4973 391 5050 ὀδυρόμενος,
400 4971 531 5044 Βλέπετε,
546 4973 639 5048 λέγων,
653 4970 683 5028 τδ
696 4967 816 5049 γοητικθν
828 4967 900 5046 ,γένος

69 5108 73 5116 .
118 5067 166 5134 τῆς
194 5065 251 5120 τῶν
275 5064 433 5140 χριστιανῶν
459 5057 598 5139 θρησκείας
622 5061 676 5125 πῶς
701 5057 830 5117 ἀπόλλυσι
855 5053 901 5122 τδις

118 5150 213 5233 ψυχὰς
240 5151 293 5206 τῶν
309 5147 454 5230 ἀνθρώπων
475 5145 670 5227 διαστρέφοντες
694 5145 747 5206 tut
769 5148 815 5216 τῆς
837 5145 899 5202 θεῶν

947 2335 1057 2399 ipsarum
1082 2339 1198 2403 reliquias
1220 2356 1366 2406 componere
1385 2348 1411 2394 et
1431 2346 1542 2409 sepelire.
1558 2350 1587 2396 ln
1605 2347 1652 2396 hos
1669 2361 1728 2412 ergo

948 2455 1042 2518 gladios
1060 2458 1215 2522 stringentes,
1237 2462 1382 2513 occiderunt
1403 2464 1504 2528 triginta
1518 2467 1544 2514 et
1555 2466 1626 2515 duos.

947 2572 1007 2620 Ηωσ
1020 2571 1094 2622 simul
1102 2573 1227 2639 dicentes,
1237 2578 1476 2628 mortemobieront·
1636 2545 1642 2558 ι

979 2702 994 2765 §
1010 2706 1047 2752 aa.
1063 2705 1144 2753 Unam
1158 2718 1189 2755 ex
1203 2705 1251 2756 illis
1264 2709 1426 2770 egrotantem
1440 2709 1466 2758 in
1478 2709 1589 2771 ipsarum
1602 2709 1727 2759 mansione

948 2798 975 2848 io
985 2799 1102 2850 torculari
1112 2800 1269 2864 occiderunt,
1282 2803 1308 2852 in
1323 2803 1384 2853 bora
1396 2803 1479 2853 obitus
1491 2803 1582 2853 συὶ-εἰσ
1595 2803 1726 2854 locutam

949 2884 1071 2944 u'Gratias
1079 2893 1125 2944 tibi
1135 2895 1348 2958 ago,·misericnrs
1357 2896 1475 2958 Domine,
1486 2896 1529 2960 qui
1539 2909 1585 2946 nec
1594 2909 1636 2946 me
1647 2895 1725 2946 desti·

946 2988 1025 3040 suisti
1042 2991 1106 3039 curn
1114 2990 1181 3040 ωιίιιι
1191 2990 1291 3042 lnlirma
1299 3005 1390 3053 essem
1400 3006 1449 3042 non
1458 2995 1569 3056 poteram
1580 2992 1659 3043 socias
1671 3006 1727 3042 cur·

948 3085 1024 3135 reodo
1036 3087 1115 3150 sequi.
1133 3089 1324 3149 Verumtamen,
1333 3088 1437 3153 benigne
1451 3090 1477 3139 et
1489 3088 1638 3150 miserimrs,
1650 3088 1723 3151 spiri·

947 3181 1002 3229 tum
1028 3195 1111 3230 ineam
1131 3181 1217 3244 accipe
1232 3183 1259 3231 et
1273 3183 1392 3245 coniunge
1411 3196 1469 3232 curn
1493 3183 1569 3232 choro
1587 3184 1727 3245 martyrum

947 3275 1058 3334 tuarum
1072 3287 1184 3324 mearum
1197 3289 1257 3326 vero
1271 3289 1385 3326 sororum
1394 3314 1401 3338 ,
1410 3290 1460 3327 una
1475 3291 1533 3327 cmn
1551 3278 1626 3327 matri
1638 3279 1724 3326 nostra

949 3368 1053 3428 Gaiana,
1071 3371 1098 3418 et
1110 3381 1194 3418 sorore
1210 3382 1240 3418 ac
1252 3369 1303 3419 tilia
1314 3372 1398 3419 ιιοείτσ
1414 3369 1554 3433 bipalme.»
1566 3369 1626 3418 llaec
1638 3369 1724 3432 itaque

949 3461 985 3511 sio
999 3461 1083 3510 locuta
1101 3460 1259 3511 obdormirit.
1284 3464 1374 3512 Tracta
1392 3475 1452 3512 vero
1468 3462 1533 3511 toras
1546 3475 1650 3524 corpora
1664 3475 1721 3525 pro-

945 3560 1066 3623 jecerunt,
1082 3562 1113 3609 nt
1126 3559 1214 3610 tierent
1224 3573 1280 3611 esca
1294 3559 1395 3609 canibus
1410 3559 1534 3621 civitatis,
1546 3558 1683 3622 avibusque
1699 3561 1726 3609 et

949 3654 1017 3704 ieris.
1609 3655 1615 3666 ’

938 3810 942 3819 ¹
980 3751 995 3814 §
1011 3754 1049 3799 85.
1064 3751 1095 3799 tt
1115 3761 1159 3799 rex
1174 3747 1334 3798 vehementer
1345 3746 1457 3810 erubuit,
1473 3747 1513 3796 ille
1531 3745 1662 3807 nimirum,
1680 3746 1725 3808 qui

950 3848 1044 3911 ubique
1058 3850 1108 3898 tam
1120 3847 1229 3896 famosus
1240 3848 1352 3897 evaserat
1365 3844 1390 3894 in
1402 3845 1482 3906 bello,
1491 3847 1517 3896 et
1529 3845 1572 3907 qui
1582 3842 1686 3894 mantne
1698 3845 1724 3893 in

950 3947 1079 4012 olympicis
1091 3946 1266 3998 certaminibus
1277 3947 1351 3996 tonia
1361 3946 1507 4009 apparuerat
1514 3944 1597 3994 instar
1606 3943 1723 4008 gigantis,

951 4051 994 4113 orti
1005 4052 1030 4100 et
1041 4049 1106 4100 bella
1119 4049 1214 4098 sortiter
1230 4049 1339 4111 gesserat
1359 4048 1428 4094 trans
1443 4044 1535 4094 llumen
1548 4043 1688 4107 Euphraten
1699 4044 1725 4093 in

951 4148 1060 4212 partibus
1080 4150 1269 4205 Saracenorum,
1284 4143 1327 4192 ubi
1346 4142 1477 4206 aliquando
1497 4142 1643 4192 vulneratus
1660 4141 1726 4191 bello

951 4262 1064 4313 egressis
1076 4251 1115 4298 est
1126 4261 1183 4297 cum
1194 4259 1259 4308 equo
1274 4244 1382 4308 fugiens,
1393 4244 1419 4292 et
1426 4256 1458 4292 ne
1469 4241 1722 4306 comprehenderetur,

951 4348 1052 4400 trahens
1075 4362 1181 4410 equum,
1196 4356 1311 4406 armaque
1325 4341 1422 4406 propria
1434 4345 1460 4391 et
1481 4342 1539 4404 equi
1553 4340 1724 4391 indumentum

952 4447 1025 4497 dorso
1042 4449 1182 4511 imponens,
1193 4445 1333 4507 Euphraten
1345 4440 1508 4492 transnatavit
1520 4459 1526 4488 ι
1538 4443 1564 4490 et
1574 4439 1615 4494 hic
1632 4439 1724 4488 ossium

952 4547 1040 4598 robore
1052 4545 1144 4608 ubique
1155 4545 1303 4602 celebratus,
1314 4542 1346 4592 ab
1358 4555 1407 4592 uua
1422 4540 1502 4590 victus
1513 4539 1609 4603 puella,
1621 4535 1668 4586 Dei
1678 4549 1724 4584 νο-

952 4647 1046 4698 luntate
1063 4646 1173 4708 dejectus
1194 4646 1241 4694 est.
1269 4643 1446 4692 Verumtamen
1465 4637 1588 4702 negligens
1603 4646 1722 4685 verecun-

952 4748 1019 4798 diam
1028 4760 1112 4806 suain,
1121 4745 1148 4795 in
1156 4743 1276 4794 visionem
1285 4755 1344 4792 vero
1355 4739 1426 4790 faciei
1435 4738 1525 4802 puellas
1537 4736 1563 4786 at
1577 4734 1603 4784 in
1616 4744 1723 4783 amorem

953 4850 1006 4914 ejus
1018 4847 1196 4904 inflammatus,
1208 4844 1235 4893 in
1247 4842 1354 4893 maxima
1372 4840 1473 4891 sedebat
1487 4835 1589 4888 tristitia
1602 4836 1628 4884 at
1637 4832 1722 4889 luctu,

954 4949 985 5001 de
991 4949 1070 4999 morte
1080 4947 1168 5012 puellae
1175 4945 1320 4995 lamentans.
1327 4961 1340 4984 «ι
1348 4940 1445 5000 Videte,
1455 4936 1593 5000 inquiebat,
1604 4928 1724 4992 magicum

954 5063 1029 5114 genus
1039 5049 1144 5106 illorum,
1156 5044 1200 5107 qui
1211 5043 1284 5092 secta
1294 5040 1352 5090 sunt
1363 5036 1560 5095 christianorum
1571 5041 1620 5092 quo
1631 5024 1724 5076 animas

953 5147 1081 5198 hominum
1088 5141 1192 5210 perdant
1200 5138 1289 5201 modo,
1301 5136 1361 5187 dum
1370 5149 1412 5186 eas
1422 5130 1536 5183 avertunt
1544 5127 1575 5175 ab
1584 5123 1724 5175 adoratione

1592 5226 1630 5274 to.
