3809 5859
582 308 632 367 nn
651 308 814 371 nrocurs
835 302 1029 372 unromn
1049 311 1214 374 Amica
1619 296 1701 394 xivij'

90 442 160 509 6842
177 439 211 499 ln
230 438 287 497 boc
304 452 443 517 computo
458 439 616 499 Marmoris
636 460 731 501 annus
747 445 803 501 813
824 442 919 523 (¹⁰77
932 462 960 505 a.
983 444 1045 522 C),
1062 464 1121 522 quo
1139 444 1246 503 Neleus
1261 444 1391 502 colonias
1405 442 1520 503 lonicas
1534 443 1693 505 deduxisse

90 538 216 597 traditur
239 534 305 615 (ep.
325 556 361 609 27
371 534 399 614 j,
421 536 568 595 Medontis
586 556 680 597 annus
694 550 738 597 est
755 536 886 594 decimus
901 549 1018 606 sextus,
1035 536 1120 614 cujus
1138 536 1204 595 loco
1216 536 1349 615 lapicidae
1365 536 1525 615 sphalmate
1538 530 1688 597 exaratum

90 638 197 713 legitur
213 635 368 701 Μενεσθέως
382 634 598 713 τρισκαιδεκάτου
613 634 702 708 ἔτους,
717 654 782 713 quae
794 634 884 692 verba
897 652 934 692 ex
947 634 1199 706 antecedentibus,
1216 634 1268 693 ubi
1283 634 1394 712 epocha
1405 634 1602 713 expeditionis
1612 636 1691 696 Tro-

88 733 166 810 janae
179 746 369 803 memoratur,
383 750 538 810 perperam
552 733 674 810 repetita
688 744 769 803 sunt,
784 733 828 790 uti
838 744 917 789 recte
930 733 1045 790 monuit
1059 731 1233 791 Palmerius.
1247 732 1403 791 lloechhius
1416 732 1508 790 verba
1521 754 1607 809 τρισκ.
1620 726 1692 801 ἔτεινε

91 830 233 902 servavit,
247 830 317 887 satis
331 827 442 886 babens
459 848 514 906 pro
530 826 682 895 Μενεσθέως
715 827 867 904 scripsisse
881 825 1022 893 Μέδοντος.
1042 827 1119 886 Tum
1133 848 1206 887 vero
1220 829 1365 888 Medontis
1377 849 1471 888 annus
1488 832 1603 908 primos
1618 832 1693 890 loret

94 928 170 1003 1189
187 940 215 984 et
232 926 302 983 anui
320 924 370 983 isti
382 924 489 1001 viginti
505 926 652 1001 quinque,
676 924 730 1001 qui
748 924 779 981 in
794 922 987 1000 posttrojanis
1004 924 1163 1002 supplendi
1176 940 1277 995 erant,
1296 927 1402 1001 partim
1422 927 1498 985 inter
1511 927 1688 1000 archontes,

92 1024 197 1103 partim
214 1024 292 1081 inter
314 1040 397 1097 reges
419 1020 620 1079 antecedentes
639 1018 837 1078 distribuendi
864 1018 971 1077 forent.
986 1018 1074 1088 Quod
1096 1040 1187 1098 quum
1212 1022 1402 1081 artificiosius
1425 1023 1478 1097 sit,
1496 1043 1599 1101 parum
1617 1024 1690 1082 mihi

90 1124 242 1200 probatur.

647 1272 816 1331 conteuti
843 1271 1135 1335 lRRATlONALES.

133 1456 275 1516 Videmus
290 1472 340 1510 eos
360 1454 410 1528 qui
424 1449 595 1508 archontum
617 1448 818 1507 deccunalium
836 1468 928 1506 annos
953 1470 991 1522 7ο
1006 1450 1107 1508 ve168
1128 1451 1160 1508 in
1174 1465 1342 1530 computum
1361 1455 1506 1531 cyclicum
1521 1470 1694 1533 receperunt

92 1567 121 1611 et
135 1572 152 1609 a
166 1550 291 1609 Creonte
306 1549 342 1607 ad
358 1547 517 1625 Cecropem
537 1545 651 1612 1t><63
669 1564 761 1603 annos
776 1556 989 1616 numerarunt,
1006 1544 1145 1623 Cecropis
1162 1548 1300 1624 epocham
1313 1561 1423 1625 septem
1438 1550 1485 1607 vel
1500 1551 1632 1627 quinque
1644 1572 1693 1609 an·

92 1647 138 1705 nis
152 1644 322 1709 inferiorem
336 1643 471 1719 posuisse
486 1661 572 1720 quam
588 1642 723 1719 ponenda
736 1654 801 1699 erat
813 1660 849 1698 ex
862 1654 963 1700 vetere
977 1656 1132 1720 computo,
1148 1663 1208 1718 quo
1224 1645 1338 1708 13><63
1353 1646 1423 1703 anni
1437 1657 1520 1703 erant
1531 1665 1548 1703 a
1559 1646 1694 1726 Charope
1767 1701 1774 1717 ,

92 1742 127 1801 ad
138 1742 307 1820 Cecropem.
318 1740 367 1798 Sic
381 1761 412 1800 ν.
425 1761 451 1797 c.
468 1751 552 1797 vetus
564 1738 702 1814 Cecropis
717 1758 812 1797 annus
825 1740 896 1812 1571
912 1740 921 1815 (
936 1741 1049 1805 13><63
1066 1752 1132 1797 ante
1146 1739 1219 1819 752)
1232 1743 1325 1799 evasit
1338 1762 1432 1801 annus
1448 1743 1521 1801 1566
1536 1746 1582 1801 vel
1596 1745 1688 1816 1564,

93 1840 118 1898 si
131 1839 198 1914 quis
217 1838 331 1906 rt><63
345 1855 437 1894 annos
450 1834 602 1913 exputarit
615 1833 684 1892 inde
699 1853 716 1891 a
732 1832 867 1891 Creontis
881 1854 960 1893 anuo
975 1835 1033 1901 684
1050 1836 1097 1894 vel
1113 1838 1183 1896 682.

131 1932 197 1992 lam
209 1951 282 1990 vero
302 1951 391 2009 supra
404 1930 546 2009 exemplis
559 1929 752 2009 probavimus
767 1932 913 1991 exstitisse
928 1931 1031 1991 lalsam
1047 1933 1174 2011 aliquam
1190 1933 1428 2009 chronologiam,
1446 1930 1504 2011 qua
1517 1934 1692 1993 archontum

93 2044 121 2089 et
142 2049 240 2089 rerum
255 2041 400 2105 gestarum
415 2041 545 2105 tempora
565 2039 673 2106 septem
690 2028 737 2086 vel
753 2027 887 2105 quinque
901 2028 987 2087 annis
1000 2028 1082 2105 justo
1097 2030 1264 2107 antiquiora
1280 2044 1469 2108 ponerentur.
1485 2030 1590 2089 Vitiosi
1604 2030 1694 2108 hujus

94 2126 224 2205 computi
243 2127 328 2201 origo
343 2137 446 2203 sponte
460 2126 566 2201 cuique
582 2143 642 2183 sese
657 2123 751 2184 ollert.
769 2123 935 2203 Repeteuda
950 2126 1064 2185 scilicet
1082 2146 1119 2185 ex
1137 2146 1173 2185 eo
1186 2128 1323 2205 estquod
1342 2129 1441 2205 cyclos
1459 2127 1527 2187 illos
1542 2141 1694 2206 quattuor-

93 2221 188 2281 decim
209 2242 269 2280 non
284 2220 490 2299 computabant
508 2241 526 2278 a
541 2220 677 2279 Creontis
691 2240 788 2293 anno,
808 2220 859 2279 sed
881 2234 1010 2280 aretere
1030 2223 1142 2302 epocha
1161 2222 1311 2302 Cecropis.
1332 2223 1428 2301 lgitur
1450 2244 1542 2301 quum
1564 2224 1695 2283 calculos

93 2316 300 2376 subducendus
311 2329 387 2375 esset
400 2316 478 2374 hunc
491 2318 524 2375 in
537 2318 655 2375 modum
1178 2314 1182 2321 ’

550 2414 606 2471 682
627 2422 669 2483 4
691 2414 748 2471 882
770 2438 810 2468 =
836 2415 910 2484 1564
933 2434 1028 2473 annus
1053 2436 1064 2471 r
1088 2413 1244 2492 Cecropis,

94 2509 155 2583 illi,
170 2521 333 2588 permutato
349 2498 475 2568 termino
489 2531 595 2588 aquo,
613 2511 793 2569 calcularunt
811 2534 818 2568 :

550 2608 621 2681 1571
646 2640 685 2652 -
707 2609 764 2666 882
785 2635 825 2660 =
846 2609 906 2683 689
927 2626 1021 2666 annus
1041 2606 1176 2665 Creontis
1191 2609 1251 2683 (⁸⁴¹).

93 2704 126 2761 ln
140 2702 194 2761 hac
210 2704 428 2782 computatione
448 2704 512 2762 fieri
536 2704 632 2782 potuit
651 2717 684 2761 ut
698 2722 758 2763 una
779 2724 845 2762 cum
868 2703 1038 2762 archontum
1063 2704 1148 2760 annis
1162 2706 1250 2761 etiam
1274 2722 1332 2761 aera
1349 2702 1422 2761 belli
1441 2702 1565 2781 Trojani
1588 2704 1691 2763 eodem

94 2813 204 2879 septem
223 2800 270 2859 rel
287 2800 419 2877 quinque
439 2819 581 2859 annorum
597 2820 722 2859 numero
734 2800 842 2877 ajusto
855 2819 907 2858 sua
925 2800 994 2857 sede
1006 2799 1213 2869 dimoverctur‚
1227 2813 1256 2858 et
1271 2821 1299 2861 ν.
1315 2821 1342 2859 c.
1358 2799 1395 2857 ab
1408 2819 1485 2858 anno
1503 2804 1577 2877 1193
1591 2802 1622 2860 in
1642 2820 1694 2859 an·

93 2915 163 2955 num
182 2916 256 2953 saoo
268 2897 496 2971 transmigraret.
510 2894 662 2972 Ejusmodi
683 2915 768 2954 aeram
787 2894 996 2975 (raon-1191)
1015 2894 1184 2972 suppeditat
1196 2895 1327 2973 Velleius
1343 2918 1369 2969 1,
1386 2897 1404 2953 8
1419 2896 1471 2973 qui
1488 2895 1608 2956 Romala
1622 2917 1691 2956 con-

93 2992 184 3051 ditam
201 3011 264 3051 esse
280 2992 351 3051 dicit
364 2992 409 3052 01.
423 2994 453 3064 6,
468 2994 496 3051 3.
513 2993 623 3064 754-53
639 3012 664 3052 a.
682 2992 715 3051 C.
729 3005 794 3069 post
810 2990 928 3068 Trojam
942 3004 1055 3069 captam
1070 2992 1156 3051 annis
1175 2992 1243 3065 437.

637 3166 686 3225 DE
708 3166 810 3225 ANNO
832 3167 945 3225 ROhlAE
965 3166 1151 3227 CONDlTAE.

134 3327 267 3387 Ceterum
282 3346 320 3385 ex
331 3326 473 3403 Charopis
488 3327 636 3385 archontis
649 3326 775 3405 epocha,
790 3348 854 3404 quae
870 3328 901 3385 in
916 3329 1012 3385 Attica
1021 3326 1214 3402 chronologia
1227 3327 1337 3405 primas
1350 3341 1447 3406 partes
1462 3341 1554 3405 tenet,
1569 3328 1694 3407 plurima

93 3424 179 3481 etiam
198 3442 297 3482 eorum
313 3424 439 3502 pendent
456 3443 520 3501 quar
543 3424 579 3482 de
599 3443 675 3482 anno
691 3424 817 3482 conditae
836 3424 934 3483 llomae
950 3423 1035 3481 urbis
1058 3422 1234 3482 serebantur.
1253 3423 1320 3482 llaec
1336 3424 1415 3482 enim
1438 3436 1536 3502 aperte
1550 3444 1568 3481 a
1589 3425 1690 3500 graecis

93 3520 281 3595 chronologis
301 3520 433 3597 prolecta
452 3533 535 3591 sunt,
557 3538 651 3597 neque
669 3520 810 3597 explicari
832 3520 947 3577 ratione
961 3517 1112 3597 probabili
1133 3533 1273 3598 possunt,
1288 3522 1313 3578 si
1330 3518 1398 3597 quis
1422 3540 1543 3596 graecam
1568 3520 1691 3577 chrono-

91 3616 201 3690 logiam
218 3636 236 3673 a
251 3616 342 3674 caseis
356 3606 551 3673 Romanorum
567 3614 750 3693 temporibus
765 3615 867 3693 procul
882 3615 1048 3673 habendam
1064 3634 1127 3673 esse
1141 3636 1207 3674 cum
1220 3615 1412 3673 Mommsenio
1428 3618 1573 3694 opinetur.
1589 3615 1696 3673 Nitun·

93 3724 142 3769 tur
165 3714 351 3789 συγχρσνισμῷ
377 3711 574 3787 chronologiae
590 3713 725 3789 mythicae
742 3712 924 3788 simplicitati
942 3710 1246 3769 accommodatissimo
1269 3730 1276 3767 ε
1297 3710 1412 3787 primus
1430 3730 1480 3769 rex
1501 3730 1568 3769 cum
1591 3712 1690 3789 primo

93 3808 230 3865 archonte
251 3808 419 3879 decennali,
440 3808 538 3865 ultimi
558 3809 637 3882 regis
648 3808 783 3885 expulsio
804 3826 870 3865 cnm
883 3806 1058 3883 expulsione
1080 3806 1335 3865 Pisistratidarum
1355 3820 1583 3884 componuntur.
1605 3805 1691 3865 Com·

92 3905 156 3981 puti
169 3923 239 3962 vero
251 3908 375 3961 varietas
385 3923 450 3980 quae
462 3903 499 3962 de
513 3903 629 3961 Romuli
641 3903 754 3982 epocha
765 3903 843 3980 apud
855 3903 1002 3962 Romanos
1015 3902 1175 3980 scriptores
1187 3901 1311 3977 obtinet,
1325 3923 1359 3961 ea
1369 3917 1413 3962 est
1425 3923 1489 3981 quaa
1500 3904 1537 3961 de
1547 3903 1691 3982 Charopis

94 4020 171 4058 anno
189 4000 290 4078 primo
303 4000 433 4058 occurrit
448 4000 497 4057 vel
513 4018 549 4057 ex
568 3999 684 4075 legibus
697 3999 898 4075 chronologiae
910 4000 1011 4057 Atticae
1023 3994 1295 4075 interpretationem
1312 3999 1400 4067 habet
1412 3999 1540 4057 facilem.

135 4097 342 4157 1.'Secundum
357 4098 516 4174 genuinum
532 4112 699 4175 computum
716 4098 843 4155 Atticum
861 4096 1004 4172 Charopis
1017 4096 1166 4154 archontis
1181 4109 1209 4155 ct
1224 4094 1339 4155 llomuli
1366 4097 1443 4171 regis
1467 4116 1562 4154 annus
1575 4096 1689 4175 primus

93 4196 215 4275 ponitur
224 4215 282 4252 uno
294 4195 377 4271 cyclo
391 4196 519 4253 maximo
532 4207 600 4273 post
610 4193 826 4275 expeditionem
840 4192 1183 4270 'frojanam(1193-l.l.r
1197 4216 1206 4265 ;
1226 4196 1391 4271 1184-432)
1402 4195 1465 4252 sire
1480 4194 1597 4271 Olymp.
1617 4214 1646 4266 7,
1663 4215 1689 4255 1.

94 4292 245 4365 752-751,
264 4304 293 4349 et
308 4290 399 4349 llnma
416 4291 533 4349 condita
546 4304 590 4348 est
602 4290 747 4349 Palilibus
766 4291 829 4349 sire
843 4289 874 4348 d.
891 4310 925 4346 as
943 4289 1055 4367 Aprilis
1069 4309 1115 4348 an.
1133 4289 1200 4361 751.
1216 4288 1284 4347 Haec
1297 4289 1386 4348 Urbis
1409 4308 1481 4361 aera,
1498 4308 1584 4367 quam
1600 4288 1687 4362 Cato,

94 4384 271 4465 Dionysius,
284 4386 401 4463 Apion,
414 4385 575 4456 Eusebius,
590 4384 710 4443 Solinus
728 4386 921 4464 adoptarunt,
934 4386 1070 4461 quamvis
1087 4385 1197 4444 nonsit
1212 4387 1418 4457 usitatissima,
1439 4400 1533 4445 tamen
1548 4399 1692 4463 quatenus

94 4498 262 4563 computum
278 4484 527 4562 simplicissimum
541 4483 654 4558 reddit,
667 4484 771 4541 ceteris
784 4480 963 4559 praeferenda
979 4481 1063 4542 loret.
1080 4482 1193 4551 Quodsi
1209 4484 1360 4555 nonnulli,
1375 4496 1408 4541 ut
1419 4481 1561 4559 Polybius
1576 4494 1605 4540 et
1621 4482 1690 4539 Cor-

92 4582 190 4642 nelins
203 4580 317 4659 Nepos,
334 4601 388 4660 pro
401 4600 477 4639 anno
492 4580 546 4652 751
564 4592 678 4658 ponunt
690 4599 736 4639 au.
757 4579 830 4652 750,
847 4578 878 4636 id
892 4597 929 4635 ex
944 4597 979 4635 eo
993 4578 1186 4637 derivandum
1201 4580 1317 4638 videtur
1331 4579 1409 4658 quod
1427 4580 1460 4637 in
1475 4577 1596 4639 calculis
1616 4576 1689 4635 sub-

94 4678 236 4739 ducendis
250 4690 381 4736 auctores
396 4676 485 4753 bujus
508 4677 638 4754 computi
657 4674 694 4733 ab
709 4696 786 4733 anno
805 4676 879 4731 1183
896 4674 1138 4752 proficiscuntur,
1155 4689 1205 4735 aut
1219 4677 1298 4754 quod
1313 4677 1395 4735 urbis
1408 4695 1516 4735 annum
1533 4673 1690 4751 primumn

94 4775 204 4854 potiori
222 4786 383 4852 posuerunt
394 4792 477 4845 eum,
494 4772 531 4830 ad
546 4792 631 4849 quern
646 4773 743 4830 decem
758 4789 870 4829 menses
883 4771 952 4829 anni
968 4772 1113 4849 Olympici
1131 4775 1289 4852 pertinent.

125 4984 171 5047 (³⁴7
183 4984 299 5034 Similiter
311 4983 366 5034 alin
379 4984 573 5047 computationes
584 4982 736 5031 irrationales
748 4980 829 5031 locum
847 4978 938 5030 habere
954 4984 1080 5045 poterant,
1095 4986 1170 5046 prout
1181 4982 1239 5046 quis
1251 4994 1373 5031 commun
1388 4991 1525 5035 annornm,
1542 4988 1626 5037 quma
1641 4977 1687 5024 ce-

93 5056 371 5179 ffiasdlfflpffia
377 5056 501 5177 {iiim
514 5056 541 5106 in
555 5053 630 5108 variis
647 5052 768 5118 computis
780 5054 849 5105 varia
861 5054 929 5113 erat,
945 5066 961 5102 a
978 5054 1092 5117 cecropis
1108 5052 1201 5117 epocha
1219 5051 1301 5114 aliqua
1314 5046 1451 5101 smnetavlt
1470 5057 1526 5109 quae
1540 5044 1572 5161 ab
1584 5042 1634 5159 bac
1645 5057 1689 5094 an·
