3809 5859
659 861 1198 1019 PRAEFATIO.

814 1216 1095 1251 ψ

228 1460 315 1543 Quae
333 1451 404 1523 hoc
421 1449 603 1522 volumine
621 1448 851 1521 continentur
866 1462 906 1519 ut
920 1448 1063 1521 ederem
1079 1466 1205 1522 auctor
1222 1453 1312 1525 mihi
1330 1455 1398 1526 fuit
1415 1455 1540 1527 Victor
1558 1456 1740 1552 Langlois,

181 1602 288 1675 quem
302 1590 418 1647 morte
436 1587 647 1673 praematura
665 1572 778 1643 literis
800 1586 837 1642 et
861 1572 984 1643 amicis
1007 1597 1124 1671 nuper
1142 1581 1305 1671 ereptum
1324 1600 1396 1647 esse
1415 1602 1541 1649 omnes
1567 1577 1740 1673 lugemus.

181 1695 355 1767 Videlicet
372 1720 485 1793 quum
504 1695 701 1791 collegisset
718 1697 774 1766 vir
801 1695 1032 1768 doctissimus
1050 1721 1272 1795 quaecunque
1292 1724 1332 1771 ex
1353 1700 1510 1772 historiis
1528 1725 1639 1795 graece
1657 1703 1743 1773 scri-

181 1820 252 1917 ptis
270 1820 307 1889 in
326 1819 521 1889 armeniam
540 1819 698 1914 linguam
715 1819 885 1890 translata
900 1838 1138 1917 superessent,
1154 1846 1267 1919 eaque
1282 1823 1570 1921 supplementum
1585 1848 1661 1894 esse
1676 1824 1746 1894 vel·

183 1942 231 2013 let
251 1946 544 2035 Fragmentorum
571 1956 776 2013 nostrorum
793 1942 1070 2032 historicorum,
1090 1942 1254 2013 hortatus
1278 1956 1387 2013 estut
1403 1943 1479 2039 ipse
1505 1967 1650 2038 quoque
1668 1966 1746 2039 quae

183 2075 306 2160 parata
326 2060 496 2136 haberem
511 2064 754 2135 additamenta
773 2064 1038 2161 depromerem.
1062 2065 1153 2136 Dedi
1173 2066 1281 2160 igitur
1300 2090 1379 2162 quae
1399 2066 1505 2136 variis
1524 2090 1543 2135 e
1560 2064 1745 2135 codicibus

184 2186 360 2283 descripta
378 2185 440 2257 diu
453 2185 529 2280 jam
546 2188 683 2258 scriniis
697 2212 908 2286 presseram.
932 2192 1058 2259 Cetera
1076 2188 1207 2285 quibus
1224 2190 1346 2286 priora
1365 2203 1536 2286 quattuor
1554 2193 1745 2284 Fragmen-

184 2322 305 2379 torum
319 2306 503 2379 volumina
518 2310 678 2404 augenda
693 2313 797 2399 sunt‘,
812 2311 850 2381 in
864 2310 951 2381 illud
965 2310 1087 2382 distuli
1101 2326 1242 2410 tempus
1255 2337 1328 2409 quo
1344 2326 1426 2409 post
1439 2311 1601 2383 absoluta
1616 2313 1748 2409 scripta

185 2430 442 2527 geographica,
469 2432 507 2502 in
527 2432 657 2529 quibus
675 2447 772 2505 totus
798 2459 894 2505 nunc
920 2432 1097 2522 detineor,
1121 2435 1276 2529 primum
1299 2435 1561 2505 Historicorum
1577 2434 1747 2505 volumen

186 2553 231 2625 de
249 2554 388 2649 integro
412 2554 574 2626 tractabo
591 2580 633 2627 ac
652 2580 753 2627 novae
771 2558 846 2653 ejus
865 2555 1014 2627 editioni
1034 2553 1225 2651 adjungam
1244 2580 1322 2652 quae
1339 2558 1376 2627 in
1397 2559 1523 2629 ceteris
1541 2558 1746 2630 desideran-

184 2692 256 2749 tur.
280 2682 366 2765 Quae
391 2704 489 2750 nunc
506 2680 723 2777 prodeunte
742 2680 867 2752 codice
882 2677 1115 2766 Scorialensi,
1134 2702 1174 2748 ea
1193 2680 1445 2751 Bussemakero
1460 2681 1594 2771 debe03
1613 2683 1748 2754 codicis

187 2805 335 2875 Parisini
347 2820 513 2901 excerpta
525 2804 692 2877 historica
708 2804 879 2877 Dubnero
893 2815 1040 2899 accepta
1052 2799 1185 2892 refer0,
1202 2804 1263 2898 qui
1278 2801 1400 2899 paullo
1414 2818 1605 2901 postquam
1619 2804 1749 2877 Biblio-

186 2925 293 2997 theca
319 2926 516 3025 lmperialis
542 2953 586 2999 eo
609 2928 702 3000 libro
726 2930 840 3026 potita
864 2940 961 3012 erat,
989 2948 1067 3022 quaa
1094 2924 1201 2995 rebus
1228 2925 1315 2995 meis
1335 2926 1566 3015 inservirent,
1593 2925 1749 2999 dictante

186 3048 344 3140 Millero,
368 3050 576 3149 descripsit;
601 3051 744 3123 codices
767 3051 878 3122 Musei
908 3049 1101 3120 Britannici
1131 3064 1167 3119 et
1188 3048 1334 3143 Seraglii
1358 3050 1747 3147 Constantinopolitani

188 3196 266 3243 mea
282 3174 358 3271 ipse
374 3198 482 3244 manu
496 3176 645 3246 versavi.
664 3178 830 3245 Ceterum
849 3173 1063 3270 compositio
1077 3171 1186 3267 hujus
1199 3171 1393 3242 voluminis
1407 3171 1641 3270 typothetica,
1658 3174 1688 3245 si
1701 3176 1750 3245 ita

186 3296 304 3369 dicere
324 3297 426 3388 licet,
446 3300 572 3397 saepius
589 3299 776 3370 itineribus
796 3299 884 3369 meis
903 3300 1105 3394 interrupta
1124 3310 1177 3366 est
1194 3321 1273 3392 quae
1290 3296 1428 3368 Claudii
1446 3296 1626 3368 Ptolemaei
1644 3321 1749 3369 causa

186 3421 353 3518 auspiciis
372 3424 504 3494 summi
525 3421 730 3494 scholarum
754 3421 980 3520 publicarum
1000 3420 1153 3492 ministri
1176 3422 1328 3517 suscepi.
1347 3425 1486 3492 Interea
1507 3420 1652 3493 Carolus
1670 3426 1751 3493 We·

186 3544 355 3633 scherus,
374 3544 430 3615 vir
447 3544 693 3633 doctissimus,
712 3543 1000 3641 splendidissimo
1018 3544 1201 3616 volumine
1219 3544 1349 3641 scripta
1368 3543 1601 3640 poliorcetica
1615 3543 1750 3615 codicis

189 3667 337 3738 Parisini
356 3665 485 3757 edidit,
510 3666 641 3764 quibus
664 3667 904 3765 supplementi
930 3667 1011 3739 loco
1040 3681 1206 3765 excerpta
1228 3666 1397 3737 historica
1412 3667 1456 3757 ⁴in
1479 3665 1607 3738 eodem
1626 3667 1750 3739 codice

187 3803 322 3859 servata
343 3788 602 3884 adjunguntur.
627 3791 782 3886 Contigit
800 3792 906 3885 igitur
925 3804 965 3860 ut
982 3804 1059 3861 tum
1084 3789 1372 3861 Wescherianam
1391 3812 1540 3885 operam
1564 3803 1640 3863 tum
1662 3789 1750 3861 alio·

186 3934 267 3981 rum
286 3912 448 3983 virorum
462 3911 654 3985 doctorum
674 3912 721 3984 de
736 3914 911 4011 excerptis
925 3912 995 3984 illis
1009 3912 1276 3983 observationes
1292 3912 1330 3981 in
1345 3910 1610 4006 Prolegomenis
1624 3913 1751 3985 saltem

187 4034 225 4104 in
245 4059 330 4105 usus
348 4057 447 4106 meos
466 4050 675 4106 convertere
694 4061 848 4134 possem.
867 4035 999 4106 Eadem
1019 4033 1358 4129 Prolegomenorum
1377 4035 1646 4131 opportunitate
1665 4061 1750 4107 usus

186 4181 267 4227 sum
282 4170 322 4226 ut
342 4157 493 4255 Appiani
514 4158 752 4253 fragmentum
765 4158 957 4247 adderem,
977 4156 1076 4254 quod
1096 4161 1137 4226 E.
1156 4154 1332 4243 Millerus,
1355 4152 1582 4225 doctissimus
1598 4168 1634 4225 et
1651 4180 1749 4251 saga·

187 4280 350 4350 cissimus
368 4282 582 4379 scriptorum
597 4281 868 4380 deperditorum
885 4281 1085 4376 indagator,
1107 4303 1149 4349 ex
1161 4278 1290 4374 ignotis
1309 4276 1465 4349 tenebris
1480 4279 1518 4348 in
1532 4277 1648 4349 lucem
1663 4304 1751 4377 pro.

188 4402 307 4474 traxit.
324 4442 373 4490 ·.·
386 4408 462 4473 Jam
478 4404 577 4501 quod
591 4405 781 4476 utilitatem
796 4429 920 4476 eorum
934 4428 1013 4499 quae
1026 4426 1123 4474 nunc
1137 4399 1345 4472 exhibemus
1361 4401 1490 4472 attinet
1507 4399 1641 4496 (multa
1655 4405 1751 4474 enim

189 4522 346 4595 eduntur
363 4549 442 4620 quae
461 4516 561 4597 nullo
583 4524 767 4597 literarum
788 4526 922 4597 damno
940 4527 979 4596 in
1001 4524 1302 4596 bibliothecarum
1321 4523 1446 4595 loculis
1469 4524 1607 4624 sepulta
1625 4552 1748 4597 mane·

188 4645 306 4742 rent),
323 4645 585 4742 fragmentum,
608 4650 667 4718 cui
690 4648 904 4719 Aristodemi
925 4672 1058 4719 nomen
1078 4645 1282 4745 prmfigitur,
1306 4669 1381 4716 non
1402 4660 1508 4741 auget
1522 4645 1667 4744 quidem
1685 4670 1748 4717 eo·

188 4769 264 4866 pias
283 4784 421 4841 nostras
438 4770 626 4843 historicas
640 4784 676 4841 et
692 4785 771 4840 tum
789 4770 866 4841 aliis
879 4771 974 4843 vitiis
993 4784 1070 4841 tum
1088 4770 1179 4840 mira
1195 4781 1399 4866 temporum
1421 4767 1632 4839 confusione
1653 4767 1752 4838 labo·

188 4906 259 4979 rat,
282 4906 440 4963 attamen
456 4894 493 4963 in
512 4893 588 4991 ipsa
606 4892 666 4964 illa
686 4892 896 4964 confusione
913 4919 1019 4965 suum
1037 4893 1221 4989 quoddam
1236 4892 1391 4989 pretium
1410 4892 1606 4989 repositum
1624 4890 1746 4963 habet.

189 5020 269 5086 Haec
295 5018 392 5088 enim
411 5018 587 5114 ejusmodi
618 5031 671 5088 est
692 5032 733 5088 ut
753 5017 948 5114 inquirenti
970 5018 1008 5087 in
1027 5040 1151 5088 causas
1169 5014 1447 5115 perturbationis
1465 5012 1745 5111 chronologicae,

188 5160 266 5233 quae
279 5164 345 5238 per
364 5164 510 5212 omnem
523 5145 729 5212 Graecorum
748 5139 934 5210 historiam
956 5140 1197 5236 antiquiorem
1216 5138 1345 5209 dillusa
1357 5137 1427 5208 late
1440 5150 1554 5234 patet,
1570 5140 1748 5234 egregium

973 5280 992 5322 r
