3809 5859
159 342 219 403 tao

515 488 576 545 Cll.

199 648 223 704 ll
242 663 271 701 se
286 644 338 698 mit
360 641 469 696 alorsa
493 640 556 693 leur
582 645 713 691 racontev
736 652 767 689 sa
780 634 887 704 vision,
910 644 937 689 et

159 727 221 793 leur
235 734 297 790 dit:
317 755 330 781 a
347 734 439 786 Venez
448 728 637 796 maintenant‚
656 722 715 794 etje
726 741 796 778 vous
808 733 937 778 raconte·

160 826 218 895 rai,
233 839 292 878 mes
306 819 407 886 freres,
421 817 486 890 quel
502 816 579 888 signe
590 813 617 866 le
627 813 762 867 Crdateur
771 809 827 864 m'a
841 809 937 864 donne

161 914 197 970 de
208 929 260 968 son
271 927 373 966 amour
387 923 463 980 pour
477 921 563 970 vous,
585 898 781 966 c'est-ddire,
797 898 825 952 la
843 898 936 951 vision

162 999 317 1057 admirable
335 997 385 1070 qui
398 993 478 1048 m'est
495 1006 634 1064 apparue3
649 995 794 1042 comment
811 986 886 1040 Dieu
898 995 939 1040 est

163 1086 304 1145 descendu
317 1102 381 1139 vers
390 1100 434 1137 ces
445 1080 547 1135 saintes
561 1087 712 1148 martyres,
727 1084 755 1128 et
765 1084 906 1127 coinment
919 1074 938 1126 il

163 1180 202 1233 les
216 1195 232 1230 a
244 1170 379 1230 cieuses
370 1190 386 1224 a
406 1187 463 1223 une
480 1167 602 1221 hauteur
620 1162 802 1218 inaccessible
824 1160 893 1215 dans
913 1162 939 1216 lc

164 1278 298 1337 royanme
316 1258 401 1314 des
378 1274 468 1312 creux.
546 1285 551 1296 ·

205 1350 232 1426 [S
243 1368 308 1406 ιια·
298 1345 366 1402 -113
372 1345 462 1417 .]ιοι
472 1343 545 1396 νοισι
539 1340 584 1394 'la
594 1338 796 1404 merveilleuse,
806 1336 939 1392 ineffable

165 1451 192 1496 et
201 1439 296 1494 divine
309 1436 398 1490 vision
414 1433 464 1505 qui
479 1449 507 1484 m
508 1429 559 1484 'est
571 1444 698 1500 apparue
720 1424 769 1480 des
786 1425 923 1498 grdces'
896 1443 940 1478 νι-

165 1527 292 1583 rifiantes
307 1524 357 1596 qui
377 1538 449 1575 vous
467 1527 563 1573 seront
579 1514 739 1572 accovde'es.
754 1512 836 1568 Volci
847 1513 940 1585 quelle

165 1618 271 1672 ctaitsa
284 1613 404 1666 forme
418 1609 486 1664 Veis
504 1606 530 1659 le
542 1604 638 1658 milieu
652 1602 689 1656 de
707 1602 732 1655 la
752 1602 833 1674 nuit,
848 1600 940 1655 tundis

166 1722 232 1778 que,
245 1699 362 1774 satiguds
378 1695 532 1762 deveiller,
544 1707 692 1746 vousvous
707 1690 776 1744 c'tiez
786 1644 940 1755 endoimis,

163 1792 192 1862 je
204 1790 312 1845 veillais
324 1802 429 1841 encore
445 1793 473 1837 et
480 1781 509 1852 je
519 1779 647 1834 miditais
661 1795 709 1832 sm
727 1774 844 1831 l'inlinie
860 1777 940 1830 mise·

165 1877 280 1934 ricorde
292 1873 328 1931 de
339 1875 429 1940 Dieu,
442 1869 492 1943 qui
502 1886 530 1924 se
539 1877 654 1922 ιιιοιιιια
664 1867 687 1920 si
702 1876 834 1942 prompte
844 1865 860 1919 ἑι
872 1883 942 1919 vous

183 2022 965 2046 ....-.-.------—-——-——-

168 2151 255 2198 σεων,
274 2124 319 2184 καὶ
338 2119 518 2189 καταξιωθῆτε
537 2121 584 2188 τῆς
599 2121 644 2175 τοῦ
657 2118 773 2194 Χριστοῦ
790 2113 942 2191 βασιλείας.

167 2218 228 2275 Τῶν
237 2213 264 2273 δὲ
279 2215 306 2270 ἐν
318 2211 419 2288 σπουδῇ
431 2206 586 2278 ζητούντων,
604 2203 690 2270 καθὼς
704 2203 837 2282 βούλεται,
855 2225 942 2281 προσ-

170 2302 301 2372 ίταξεν’
273 2308 359 2366 αυτοῖς
372 2305 465 2357 ποιεῖν.
485 2295 583 2356 Καὶ’
554 2293 629 2360 αυτός
640 2316 666 2349 τι
676 2293 764 2370 όραμα
776 2291 944 2367 διηγούμενος

172 2393 273 2462 αύτοῖς,
296 2389 393 2466 ἔλεγεν·
410 2384 509 2458 Δεῦτέ,
531 2403 686 2462 φησιν,αε
640 2378 763 2459 ἀδελφοί,
784 2377 944 2486 διηγήσομμι

171 2483 232 2554 ύμῖν
246 2480 294 2550 τὴν
308 2474 516 2552 κηδεμονίαν
484 2495 531 2542 της
545 2493 592 2528 του
574 2469 795 2545 δημιουργοῦ
781 2489 796 2523 α
798 2466 885 2542 γάπης
898 2489 945 2536 την

173 2567 242 2650 πρδς
260 2571 327 2642 ὑμᾶς
350 2556 440 2623 ουσαν·
461 2559 519 2630 ἥτις
539 2555 709 2636 ἀπεκαλύφθη
726 2576 770 2630 μοι
785 2552 884 2632 φούερδι
901 2553 946 2610 καί

173 2655 272 2726 brixili
275 2655 370 2733 εωρία,
386 2651 501 2722 δηλοῦσα
515 2645 606 2718 calv'
578 2648 656 2703 αυτοῦ
678 2639 946 2752 συγκρτάόασιν,ν
899 2664 946 2711 την

171 2767 235 2852 πρρς
249 2742 308 2808 τοὺς
323 2739 410 2818 όιγίους
422 2738 501 2795 αὐτοῦ
515 2732 660 2814 μάρτυρας,
670 2731 714 2789 καί
729 2728 776 2800 τὴν
791 2728 946 2806 ἀσύγκριτον

171 2831 271 2890 τούτων
281 2828 361 2904 τιμὴν
373 2826 456 2896 τὴν’
435 2847 470 2889 εις
483 2823 513 2880 ab
530 2823 643 2897 ἄμετρον
654 2819 716 2898 ύθγος
732 2821 855 2895 ἀρθεῖσαν
866 2817 946 2894 (fort.

173 2944 224 2977 των
238 2915 376 2996 ἀρθεισῶν)
394 2916 464 2972 tv*
432 2935 465 2991 τη
487 2913 539 2968 τῶν
554 2911 669 2988 οὐρανῶν
693 2907 815 2986 βασιλείᾳ
830 2905 876 2963 καὶ
900 2903 947 3000 τὴν

172 3011 234 3083 ύμῖν
253 3005 400 3082 μέλλουσαν
415 3002 580 3088 γαρισθηναι
589 2994 726 3139 ζωοφόρονθ
733 2994 880 3072 ἐπίσκεψιν.

212 3097 327 3174 §112—
310 3093 399 3150 -113.
415 3086 521 3168 Ἐφάνη
550 3089 594 3144 οὖν
622 3083 726 3141 λίανθ
730 3081 865 3157 αυμαστδν
899 3081 966 3164 καί.

173 3183 257 3243 θεῖκδν
276 3179 322 3240 καί
336 3173 590 3252 ἀνεκδιηγητονόρ
567 3195 637 3244 αμα,
654 3162 684 3228 οῦ
704 3169 778 3229 ἒκ’
745 3194 777 3244 με
783 3193 839 3248 ρους
854 3168 947 3228 ἔλαθον

173 3271 221 3344 riv
236 3266 407 3374 κατανόησιγ.
423 3264 525 3324 ’”Εν
490 3286 528 3342 rap
544 3257 707 3338 μεσονυκτίῳ
724 3249 768 3316 οῦν
788 3256 887 3338 τούτω,
905 3257 947 3316 ότι

172 3363 247 3439 ὑμεῖς
269 3354 429 3428 κεκμηκότες
453 3347 655 3409 ἀνεπαύεσθε’
641 3369 693 3404 απο
712 3350 760 3404 τοῦ
784 3345 879 3425 βάρους
902 3368 949 3415 της

174 3445 332 3529 ἀγρυπνίας,
356 3441 440 3521 ἔγδι’
428 3436 585 3518 εγρηγόρουν
612 3433 651 3494 ἔτι
675 3433 865 3511 ἐνθυμούμενος
888 3436 946 3491 καθ’

174 3536 265 3595 ἑαυτὸν
286 3532 423 3592 ἕνεκεν
389 3553 440 3588 των
466 3524 586 3605 ἐξαίφνης
607 3521 761 3598 θαυμασίων
783 3544 829 3580 και
819 3520 951 3579 ἐπισκέ-

174 3629 243 3706 ψεων
257 3645 303 3683 και
292 3617 402 3684 ἐλέους
414 3639 460 3675 του
443 3615 541 3674 ”Θεοῦ
552 3635 616 3692 προς
630 3615 710 3688 ύμας,
726 3608 805 3667 διὰ
782 3631 811 3667 το
825 3609 950 3685 ἐμόαλεῖν

176 3717 224 3772 αθτ
226 3713 253 3772 δν
267 3715 335 3787 ὑμᾶς
358 3710 384 3766 ἐν
405 3708 443 3785 τῷ
462 3700 630 3783 Ιγωνευτηρὶιρ
651 3723 698 3769 της
722 3703 810 3768 θείκης
830 3695 950 3774 γνώσεως

176 3801 221 3860 καί
233 3824 279 3871 της
289 3765 476 3865 διδασκαλιίιῆς
489 3792 660 3856 παιδεύσεως.
677 3785 892 3862 Ελογιζομην
865 3783 892 3842 δ
905 3785 951 3843 καὶ

175 3887 223 3960 τιὴ
251 3890 302 3944 τῶν
323 3906 408 3961 μαρτυ
400 3881 463 3960 ’ρων
487 3878 605 3957 ἀγάπην,
630 3875 677 3947 τὴν
699 3873 764 3980 πρὸς
791 3896 835 3933 τον
863 3875 949 3931 αὐτῶν

178 3974 306 4050 ποιητὴν,
324 3969 369 4032 καλ
383 3968 470 4034 τάςὲτ
472 3966 642 4043 οιμασθείσας
658 3964 745 4028 αὐτοῖς
756 3959 918 4037 ἀμοιόδις,ἄ
901 3983 953 4040 αρα

179 4067 310 4123 δποιαι
280 4082 324 4120 νυν
337 4056 496 4137 υπαργουσι
518 4049 608 4116 Ὠςδε
623 4046 896 4124 ἐντούτοιςῆμην,
879 4071 952 4127 αφνω

178 4151 281 4228 ἐγίνετο
301 4145 373 4260 φωνὴ
407 4139 583 4224 σφοδροτάτης
619 4141 744 4217 βροντης,
768 4135 814 4192 καί
843 4133 934 4214 φοόιρ
926 4157 952 4200 ος

179 4236 293 4310 κτύπος,
307 4239 342 4302 ὡς
355 4256 427 4314 φωνη
415 4227 576 4299 θαλάσσης
590 4229 640 4306 βρα
624 4223 795 4296 αζούσης,”
759 4247 811 4280 των
828 4223 954 4332 κυμάτωγ

180 4325 344 4386 οίδαινόντων
371 4321 416 4380 καί
440 4317 659 4396 τεταραγμένων,
692 4313 738 4371 καί
762 4310 948 4389 διηνοίχθη
924 4333 955 4368 το

179 4412 325 4488 σκηνοειδὲς
340 4409 478 4491 στερέωμα
496 4412 540 4464 τοῦ
556 4407 680 4485 ούρανοῦ,
696 4424 740 4459 και
731 4398 930 4458 ψκατελθὼν
913 4423 955 4456 αν-

179 4509 279 4585 θρωπος
297 4492 332 4567 εἷς
345 4499 371 4556 ἐν
387 4496 507 4603 σγήματι
521 4493 604 4573 φωτός
621 4487 768 4548 ἐκάλεσε
745 4510 775 4546 το
790 4484 873 4562 ὄνομά
883 4505 953 4561 μου,

179 4591 224 4651 καί
234 4581 379 4650 τ’τίπεν
308 4591 379 4666 ·Γρτ
377 4584 465 4663 ,γόριε.
477 4582 511 4641 F
511 4579 600 4659 γωδ
614 4576 743 4648 ἀτενίσας,
756 4565 823 4633 εἶδον
832 4574 880 4646 τίν
893 4595 956 4680 μορ-

180 4679 274 4760 φὴν’
245 4682 336 4736 αυτοῦ.
351 4671 490 4753 Ἔμφοόος
505 4666 531 4726 δὲ
553 4665 689 4744 γενόμενος
701 4663 747 4722 καί
762 4661 907 4740 τρομοίσας,
920 4661 955 4725 εἰς

179 4767 282 4840 τὴν
248 4789 297 4844 γην
321 4763 424 4822 ἔπεσον.
448 4758 501 4818 Καὶ
518 4745 590 4815 εἶπέν
605 4777 657 4832 μοι·
680 4749 837 4831 Πρόσεχε
820 4772 888 4823 ανω,
909 4747 954 4805 καὶ

180 4857 206 4915 ί
207 4879 226 4914 ε
192 4853 273 4914 δτδι
287 4849 437 4928 θαυμάσια,
461 4845 478 4904 ἃ
494 4843 540 4921 ἐ
523 4869 545 4901 ω
568 4864 609 4901 σοι
628 4840 714 4909 δείξω.
735 4838 787 4900 Καὶ
803 4795 955 4915 ἀναθλίψας

180 4942 330 5051 ἐθεασάμην
346 4961 376 4997 το
391 4934 528 5015 στερέωμα
550 4935 595 4990 τοῦ
611 4931 735 5008 ούρανοῦ,
754 4925 799 4985 καλ
814 4923 847 4984 τά
870 4922 954 4982 θδατα

180 5033 248 5090 τδιε
238 5029 359 5109 υπερόνω
384 5031 429 5084 τοῦ
458 5019 652 5128 στεριόιματος
672 5011 810 5094 διασχισθέ
810 5035 859 5071 νεα
896 5009 955 5069 καθ’

182 5118 358 5198 ὁμοίωσιν”
323 5140 375 5174 των
389 5111 545 5196 φαράγγων,
566 5111 600 5174 ὡς
614 5103 672 5172 τοὺς
685 5103 780 5183 λόφους
799 5103 851 5159 τῶν
865 5097 957 5179 θρίων,

846 324 1093 386 AGATHANGE.

991 459 1089 516 visiter
1112 459 1170 516 eta
1192 478 1263 516 vous
1280 461 1379 534 placer
1394 478 1505 516 comme
1526 478 1564 516 au
1590 470 1701 517 creuset
1722 461 1771 518 des

992 550 1215 604 avertissements
1229 547 1265 603 dc
1276 566 1306 602 sa
1317 566 1381 623 suge
1391 559 1419 604 et
1433 549 1528 604 divine
1544 547 1685 606 doctrine.
1699 550 1734 608 Et
1741 550 1773 621 je

994 655 1040 691 me
1060 637 1200 709 rappelais
1211 635 1332 691 l’amour
1349 636 1399 692 des
1417 638 1519 692 saintes
1539 647 1679 710 martyres
1696 657 1774 711 pour

992 726 1055 779 leur
1066 723 1222 779 admirable
1237 725 1381 799 cuiatem,
1394 743 1442 780 car
1456 726 1523 780 elles
1541 724 1709 796 jouissaieut
1723 725 1774 782 des

994 809 1141 866 ineffables
1151 813 1348 885 rcicompenscs
1359 814 1408 885 qui
1420 814 1482 867 leur
1495 815 1601 871 etaient
1610 815 1771 886 prc'pare'cs.

993 900 1076 954 Alors
1088 919 1128 953 un
1139 900 1229 973 grand
1241 901 1320 956 broit
1331 899 1367 955 dc
1380 911 1512 956 tonnerre
1525 921 1554 957 se
1573 899 1605 955 iit
1617 901 1770 971 entendre;

993 984 1084 1042 c'etait
1099 1006 1137 1042 un
1152 990 1351 1062 mugissement
1371 989 1487 1044 terrible
1507 1008 1617 1045 comme
1632 990 1660 1044 le
1678 991 1772 1045 roule·

993 1087 1071 1130 ment
1089 1076 1137 1130 des
1151 1096 1256 1150 vagucs
1271 1074 1396 1150 gonilces
1408 1088 1436 1132 et
1455 1077 1591 1132 lurieuscs
1609 1076 1646 1132 dc
1660 1078 1688 1132 la
1700 1095 1771 1133 mer.

994 1166 1034 1218 La
1049 1164 1137 1218 vorlte
1160 1165 1200 1219 du
1223 1163 1384 1219 sumament
1406 1166 1508 1220 celeste
1526 1165 1645 1220 s'ouvrit
1664 1183 1774 1221 comme

995 1270 1033 1304 uu
1045 1253 1189 1325 pavillon,
1200 1262 1228 1306 et
1238 1253 1256 1306 il
1270 1271 1305 1307 en
1316 1252 1461 1308 descendit
1471 1272 1512 1307 un
1521 1252 1635 1308 homme
1651 1254 1774 1308 delatant

995 1338 1031 1393 de
1042 1340 1177 1408 lumiere;
1192 1341 1209 1393 il
1226 1341 1366 1414 m'nppela
1380 1359 1513 1414 parmen
1525 1360 1593 1395 nom
1610 1351 1638 1395 et
1650 1360 1695 1394 me
1706 1341 1749 1396 dit
1764 1361 1772 1394 ε

999 1451 1010 1476 ι
1023 1427 1175 1502 Grdgoirel
1188 1454 1199 1476 n
1209 1431 1244 1483 Et
1252 1430 1322 1497 moi,
1331 1429 1491 1504 regordant,
1501 1429 1530 1500 je
1544 1430 1649 1484 visson
1662 1429 1773 1503 visage3

997 1517 1156 1589 dpouvante
1178 1528 1205 1572 et
1221 1517 1390 1592 tremblant,
1405 1517 1432 1590 je
1445 1518 1583 1572 tombaia
1600 1528 1683 1572 terre.
1706 1520 1741 1572 Et
1754 1518 1774 1571 il

997 1621 1043 1657 me
1053 1603 1093 1658 dit
1108 1623 1114 1658 ε
1131 1629 1142 1652 ι
1156 1605 1287 1679 liegarde
1300 1624 1335 1660 en
1344 1605 1424 1673 haut,
1436 1615 1465 1660 et
1474 1605 1634 1680 contempte
1651 1606 1691 1660 les
1700 1622 1775 1659 mer·

995 1691 1092 1746 veilles
1104 1711 1161 1765 que
1168 1692 1197 1764 je
1210 1705 1236 1748 te
1252 1704 1373 1749 montre.
1394 1717 1406 1743 a
1422 1690 1459 1748 Et
1471 1693 1531 1747 moi
1538 1735 1548 1765 ‚
1560 1692 1728 1766 regardant,
1745 1689 1776 1762 je

996 1780 1038 1832 vis
1051 1779 1078 1834 le
1093 1778 1252 1836 firmament
1263 1782 1363 1836 celeste
1380 1793 1498 1851 ouvert,
1514 1780 1552 1836 les
1569 1799 1639 1835 eaux
1654 1779 1777 1836 divisc‘es

997 1878 1025 1922 et
1041 1887 1152 1923 comme
1168 1869 1216 1924 des
1226 1870 1328 1924 vallees
1345 1881 1374 1925 et
1392 1869 1442 1925 des
1462 1871 1548 1925 cimes
1560 1868 1596 1923 de
1609 1879 1777 1942 montagnes

1002 2123 1027 2170 et
1038 2119 1171 2185 dignemini
1186 2136 1258 2186 regno
1271 2124 1370 2174 christi.
1389 2122 1440 2173 litis
1449 2136 1508 2173 vero
1520 2121 1633 2172 studiose
1645 2121 1774 2171 obsecran-

1000 2217 1077 2279 tibus,
1087 2222 1116 2268 ut
1129 2220 1235 2279 volebat,
1250 2234 1293 2270 cos
1304 2221 1385 2271 tacere
1395 2221 1507 2285 iubebat.
1520 2220 1563 2270 llle
1573 2232 1683 2281 quoque,
1696 2231 1774 2281 quan·

1000 2314 1059 2366 dam
1072 2316 1191 2366 visionem
1203 2317 1252 2367 illis
1272 2330 1402 2390 enarrans,
1419 2317 1515 2367 dicebat
1530 2315 1659 2375 averita,
1677 2314 1774 2378 inquit,

1001 2412 1103 2472 tratres,
1120 2414 1223 2464 narrabo
1240 2415 1310 2465 vobis
1326 2414 1505 2478 providentiam
1518 2412 1629 2463 caritatis
1642 2411 1774 2462 conditoris

1000 2509 1088 2559 invos.
1107 2513 1167 2560 timo
1179 2511 1239 2560 milii
1254 2515 1352 2562 ostensa
1369 2514 1408 2562 est
1418 2510 1480 2561 visio
1494 2509 1622 2561 tremenda
1632 2512 1658 2559 et
1675 2508 1772 2569 dirim,

1002 2607 1163 2656 manifestans
1176 2621 1251 2669 quam
1263 2609 1397 2658 clementer
1408 2621 1436 2658 se
1448 2607 1562 2659 demittat
1571 2606 1595 2655 in
1611 2605 1714 2670 gratiam
1722 2617 1776 2654 san·

1003 2707 1100 2754 ctorum
1117 2709 1252 2769 martyrum
1263 2746 1270 2767 ,
1282 2710 1308 2757 et
1322 2707 1412 2757 tiorum
1426 2705 1642 2770 incomparabilem
1660 2703 1774 2768 gloriam,

1002 2801 1035 2850 ad
1051 2801 1194 2852 immensam
1207 2803 1362 2854 altitudinem
1374 2803 1399 2853 in
1410 2817 1483 2866 regno
1496 2803 1615 2852 coeloram
1631 2801 1736 2859 elatam,
1751 2801 1777 2850 et

1002 2899 1179 2961 visitationem,
1194 2914 1251 2963 quaa
1271 2901 1349 2950 vitam
1366 2901 1466 2961 atterat,
1486 2899 1557 2948 robis
1567 2889 1671 2961 benigrle
1688 2898 1777 2961 imper·

1002 2987 1120 3037 tiendum.

1033 3085 1047 3148 §
1066 3089 1177 3134 tlt-113.
1195 3087 1282 3148 ltaque
1300 3085 1415 3148 apparuit
1431 3084 1492 3133 milri
1504 3083 1638 3134 admodum
1656 3081 1778 3132 admiran-

1001 3180 1073 3241 dum,
1083 3179 1194 3230 divinum
1202 3183 1228 3230 ct
1243 3180 1398 3230 inerarrabilc
1412 3180 1595 3244 spectaculum,
1614 3180 1685 3242 cujus
1700 3176 1774 3226 uitet·

1000 3275 1128 3339 ligantiam
1141 3289 1173 3325 ex
1186 3277 1256 3338 parte
1274 3278 1402 3325 assecutus
1418 3289 1481 3324 sum.
1500 3272 1620 3323 Inmodia
1632 3272 1680 3321 liac
1691 3273 1779 3332 nocte,

1002 3367 1617 3433 quandorosdonnientesrequiescebatisalabora
1627 3366 1778 3430 vigiliarum,

1002 3480 1047 3530 ego
1062 3467 1204 3531 vigilabam,
1224 3467 1249 3516 in
1270 3467 1414 3530 memetipso
1427 3467 1508 3517 adhuc
1521 3466 1631 3531 cogitans
1644 3465 1676 3516 de
1691 3476 1779 3527 repen-

1003 3561 1063 3612 tinis
1080 3563 1231 3614 mirabilibus
1253 3565 1279 3613 ct
1291 3561 1483 3624 visitationibus,
1494 3564 1521 3612 et
1533 3562 1564 3612 de
1577 3562 1625 3612 Dei
1637 3560 1663 3610 in
1678 3572 1724 3609 vos
1735 3557 1780 3606 mi·

1005 3658 1149 3721 sericordia‚
1161 3659 1221 3722 quia
1237 3673 1283 3709 vos
1300 3658 1437 3709 immisitin
1455 3657 1618 3708 cantaturam
1638 3654 1684 3705 Dei
1696 3653 1780 3716 cogui-

1004 3754 1077 3804 tionis
1097 3757 1123 3804 et
1142 3754 1245 3806 eruditae
1256 3754 1426 3805 institutionis.
1444 3752 1635 3803 Considerabam
1652 3753 1736 3800 autem
1749 3751 1777 3798 at

1005 3853 1143 3913 martyrum
1158 3851 1302 3911 caritatem,
1315 3864 1366 3913 qua
1377 3850 1490 3899 teruntur
1502 3848 1529 3898 iu
1543 3849 1685 3897 creatmem
1697 3857 1780 3901 suum,

1005 3949 1031 3995 et
1041 3951 1138 4009 paratas
1149 3947 1186 3997 eis
1195 3947 1379 4006 retributiones,
1395 3945 1512 4009 qualibus
1522 3944 1678 4006 utique-nunc
1690 3943 1782 3990 trutan-

1005 4041 1054 4089 tur.
1070 4042 1173 4100 Quando
1183 4042 1223 4092 liis
1234 4040 1391 4099 immorabar‚
1407 4043 1507 4103 mpeute
1521 4039 1586 4088 tacta
1600 4038 1637 4086 ast
1653 4048 1703 4084 vox
1717 4033 1783 4084 toni-

1009 4139 1060 4188 trui
1069 4138 1290 4199 vehementissimi,
1303 4139 1330 4187 et
1343 4136 1437 4186 sonitus
1455 4132 1585 4191 terribilis,
1598 4130 1678 4194 qualis
1689 4131 1729 4178 est
1744 4141 1782 4177 so

1006 4247 1054 4284 nus
1076 4233 1152 4284 maris
1169 4231 1341 4290 fervescentis,
1370 4228 1486 4278 ssuctibus
1507 4221 1729 4275 intumescentibus
1756 4224 1782 4271 et

1006 4331 1172 4390 oootmhaus,
1188 4331 1214 4378 et
1224 4329 1284 4378 coeti
1299 4327 1497 4382 firmamentum,
1509 4319 1660 4373 tabernaculi
1673 4317 1781 4368 reterens

1007 4430 1124 4486 tonnam,
1134 4427 1248 4489 apertum
1261 4425 1300 4473 est
1317 4443 1323 4471 z
1342 4420 1544 4481 descendensque
1559 4413 1745 4478 homoquidam
1758 4413 1783 4462 in

1006 4519 1092 4571 babitu
1104 4519 1165 4580 viri,
1178 4517 1275 4566 vocavit
1285 4528 1374 4564 nomen
1382 4527 1473 4575 meum,
1484 4514 1510 4562 et
1521 4509 1584 4560 divit
1593 4529 1599 4558 :
1608 4507 1710 4571 Gregori
1717 4509 1724 4556 t
1731 4509 1781 4572 Ego

1007 4632 1079 4678 vero,
1092 4615 1221 4667 intendens
1234 4612 1333 4671 oculos,
1346 4610 1397 4660 vidi
1408 4608 1572 4670 tormamejus
1582 4626 1588 4653 :
1597 4603 1720 4653 attinens
1731 4604 1782 4651 tre-

1007 4725 1125 4774 mensque
1137 4711 1231 4768 tactus,
1248 4706 1377 4756 interram
1396 4702 1482 4752 cecidi.
1496 4703 1527 4750 Et
1547 4698 1608 4748 ιιιιιι
1625 4696 1686 4746 ιιιιιιι
1703 4716 1711 4746 ι
1733 4695 1783 4746 lle·

1008 4809 1074 4873 spice
1082 4819 1190 4866 sursum,
1198 4807 1224 4870 et
1233 4800 1290 4852 vide
1297 4799 1433 4861 mirabilia,
1444 4810 1501 4862 quae
1510 4795 1555 4846 tibi
1566 4792 1707 4844 ostendam
1721 4792 1784 4838 Sur-

1008 4919 1112 4970 sumquc
1131 4900 1264 4966 aspiciam,
1284 4897 1337 4948 vidi
1348 4897 1531 4946 firmamentum
1549 4891 1622 4952 ooeli,
1643 4890 1670 4940 at
1690 4898 1783 4949 aquas,
1825 4923 1834 4934 .

1007 5019 1064 5069 quaa
1075 5005 1134 5054 sunt
1152 5013 1227 5064 supra
1239 4997 1431 5053 firmamentum,
1440 4991 1556 5042 discissus
1567 4988 1600 5038 ad
1610 4985 1712 5036 modum
1724 4994 1786 5045 prtu-

1010 5100 1164 5165 cipitiorum,
1176 5091 1357 5148 sicutvertiocs
1365 5089 1503 5148 montium,
1514 5077 1786 5137 hincetindedirisas,
