3809 5859
818 606 1255 737 ιιΡινοΒονΛον

719 889 951 949 infrenem
977 888 1160 951 ΙΣΤΟΡΙΩΝ
1183 889 1358 949 ΠΕλΙΠΤΗ.

914 1082 1178 1113 *-

232 1285 339 1347 Περιέχει
355 1284 397 1341 ἥδε
414 1281 455 1331 τόν
473 1298 499 1331 τε
517 1282 619 1354 πόλεμον
631 1286 730 1333 Ἐνετῶν
744 1286 785 1333 καὶ
796 1286 871 1345 τὴνές
889 1285 1006 1350 Βδστρους

262 1356 369 1420 δευτέραν
381 1355 511 1417 προσθολήν
523 1360 565 1403 τοῦ
580 1357 707 1417 βασιλέως,
720 1355 756 1405 ἔτι
767 1356 794 1405 δὲ
807 1357 848 1405 καὶ
860 1356 902 1415 τήν
914 1356 937 1414 d:
957 1358 1002 1407 'ii-

262 1428 352 1491 λυριοὺς
361 1427 455 1490 πρώτην
462 1426 503 1473 καὶ
512 1427 619 1489 δευτέραν
628 1427 778 1490 ἐκστρατείαν
789 1432 831 1476 τοῦ
840 1428 955 1489 βασιλέως
966 1428 1006 1477 καί

253 1498 294 1553 ,ὡς
305 1495 439 1557 ὑπηγάγετο
449 1494 536 1553 ταύτην
545 1496 586 1545 καί
593 1495 661 1544 πόλιν
670 1495 784 1559 θτείχιστν
792 1497 818 1546 έν
826 1498 895 1561 αῦτη.
914 1496 1005 1560 Χρόνου

231 1559 235 1566 '
259 1567 345 1625 πλῆθος
360 1566 401 1623 ἔτη
414 1565 527 1627 τέσσαρα.

270 1724 468 1807 Μαχουμούτης
506 1724 534 1785 δέ
555 1725 710 1806 ἀφικόμενος
738 1728 764 1793 ίς
796 1727 1002 1802 Πελοπόννησον

230 1806 463 1890 στρατοπεδεύεται
480 1814 554 1880 ἀκτθς
568 1818 614 1872 τοῦ
629 1814 735 1891 Ἰσθμοῦ
755 1814 820 1894 πρὸς
839 1816 1005 1899 τῇύπωρείορ

229 1905 275 1967 τοῦ
300 1902 476 1981 Κιθαιρῶνος,
486 1900 531 1960 καλ
549 1899 657 1977 πέμψας
670 1901 779 1980 ἀγγελον
790 1901 877 1983 κρύφα
889 1908 1004 1965 κοινολο·

228 1990 314 2064 γεῖται
329 1986 449 2069 Ἀμάρη,
471 1990 558 2060 δηλῶν
576 2012 605 2047 τε
623 1992 673 2059 τήν
694 1990 773 2049 αὐτοῦ
795 1989 879 2071 ἄφιξιν
897 1992 1005 2064 καὶτῆς

228 2083 352 2154 στρατιᾶς
370 2075 415 2134 καὶ
438 2077 629 2156 πυνθανόμενος
648 2078 682 2136 τδι
696 2078 722 2137 ίν
742 2080 780 2158 τῷ
798 2077 898 2159 Ἰσθμῷ
908 2068 1004 2139 ’πάντα

228 2162 322 2222 καλτδ
344 2166 396 2223 τῶν
410 2164 544 2244 πολεμίων
557 2169 592 2233 ὡς
614 2165 680 2245 ἔχει.
706 2165 758 2226 Καὶ
781 2165 931 2244 ξυνθέμενοι
956 2166 1004 2239 τήν

229 2251 343 2310 ἐπίθεσιν
363 2254 388 2320 ἀς
403 2252 504 2333 ἡμέραν
520 2254 601 2336 ῥητήν
617 2254 685 2331 μετά
705 2278 736 2333 γε
761 2253 924 2331 ξυνθήματος
937 2246 1009 2327 sieri-⁸

228 2342 320 2418 χαζον.
364 2342 401 2422 (ι)
416 2340 519 2401 Ἐνετοί
530 2340 558 2399 δὲ
569 2341 671 2420 σπουδῇ
680 2364 710 2400 τε
721 2344 807 2421 πολλῇ
816 2343 861 2401 καὶ
870 2343 1003 2424 προθυμία

228 2427 274 2486 καί
287 2429 444 2510 πολυχειρίᾳ
457 2428 590 2509 χρώμενοι
605 2431 630 2496 ἐς
640 2428 670 2487 τὸ
685 2430 771 2510 ἔργον,
787 2430 925 2490 ἐπετέλουν
939 2432 1004 2491 αὐτὸ

227 2514 341 2595 ταχέως·
362 2517 416 2576 καί·
429 2516 480 2597 γάρ
504 2516 575 2575 άπαν
599 2516 629 2575 τό
654 2518 741 2597 τεῖχος
765 2516 909 2591 έξήνυσαν,
931 2517 1002 2591 πλήν

226 2605 305 2692 τριῶν
329 2600 346 2674 ἢ
369 2605 501 2683 τεττάρων
525 2604 652 2676 σταδίων,
677 2606 706 2663 ού
727 2603 815 2680 μέντοι
835 2628 865 2681 γε
888 2608 914 2673 ἒς
940 2604 1003 2687 ῦψος

226 2690 315 2749 ἱκανόν
332 2682 399 2772 ήραν
422 2692 500 2765 αῦτδ,
512 2694 572 2750 ἀλλ’
585 2693 646 2753 όσον
661 2694 692 2751 ἐκ
707 2692 799 2751 τούτου
816 2694 1003 2773 ἀπομάχεσθαι

230 2780 362 2859 ἀσφαλῶς.
377 2780 426 2839 Ἐν
443 2780 529 2860 τούτῳ
549 2778 576 2837 δέ
589 2778 706 2859 Ἀμάρης
720 2780 811 2859 καιρόν
837 2780 954 2859 φυλάξας
977 2784 1002 2851 ές

230 2867 361 2940 ἀπίθεσιν,
383 2867 508 2944 σημαίνει
521 2870 559 2947 τῷ
581 2865 785 2947 Μαχουμούτει,
810 2867 857 2927 καλ
872 2869 925 2927 ἀπὸ
946 2870 1002 2937 ἑνὸς

227 2952 387 3031 ξυνθήματος
401 2954 557 3036 όρμηθέντες
568 2956 648 3035 ἄμφω
660 2956 858 3036 προσόάλλουσι
870 2960 907 3036 τῷ
922 2980 1000 3037 στρα-

226 3043 330 3123 τοπέδῳ
341 3046 393 3102 τῶν
405 3043 555 3117 πολεμίων,
570 3047 583 3101 ὁ
599 3042 647 3119 μὲν
660 3044 744 3118 ἔντθς,
757 3048 771 3103 θ
785 3043 813 3103 δέ
827 3045 901 3113 ἐκτός
914 3042 1000 3104 ίπιθέ·

227 3152 312 3207 μενοι,
325 3134 373 3211 βοῇ
386 3155 414 3190 τε
430 3132 517 3210 πολλῇ
533 3131 578 3190 καί
592 3136 696 3213 κραυγῇ
710 3131 755 3191 καί
770 3133 920 3212 ἀλαλαγμῷ
929 3157 1000 3213 χρω-

226 3218 312 3292 μένων
332 3221 383 3277 τῶν
410 3223 590 3299 στρατιωτῶν·
612 3219 657 3277 καί
681 3218 782 3296 γίνεται
803 3218 875 3297 ἀγὼν
889 3223 999 3279 ἐνταῦθα

227 3305 309 3383 μέγας
328 3308 374 3365 καί
396 3308 510 3383 ὠθισμός
523 3307 569 3366 καί
584 3306 658 3389 μάχη
675 3307 790 3389 καρτερά
805 3306 931 3375 ξυσταδόν
954 3307 1000 3366 καλ

227 3391 303 3468 φόνος
327 3394 427 3461 πολύς·
451 3396 478 3452 έν
496 3388 515 3473 ᾖ
530 3395 622 3474 μικρόν
641 3394 689 3471 μὲν
708 3397 802 3475 χρόνον
823 3395 951 3475 ἀντέσχον
975 3382 1012 3455 οίΙ

226 3482 328 3543 Ἐνιτολ
352 3481 487 3559 δεξάμενοι
509 3482 569 3552 τοῦς
591 3483 719 3555 ὁπλίτας,
742 3483 835 3541 ίπειτα
855 3483 998 3562 τραπέντες

226 3569 332 3649 ἔφευγον
348 3571 397 3629 ἀνὰ
407 3571 501 3652 κράτος
512 3572 633 3637 ἀτάκτως
647 3595 675 3630 τε
687 3572 732 3630 καὶ
744 3570 786 3640 ξῦν
797 3572 880 3631 ούδενὶ
893 3573 997 3652 κόσμῳ,

224 3660 248 3716 οί
263 3659 290 3718 δέ
305 3661 411 3719 ὁπλῖται
433 3657 567 3718 ἀπέκειντο
588 3652 729 3725 κτείνοντες
744 3659 855 3739 ἀφειδῶς
875 3658 921 3717 καὶ
945 3664 959 3727 ζ
984 3694 999 3705 -

223 3751 343 3825 γροῦντες
356 3755 437 3827 σφᾶς,
452 3746 501 3814 ἕως
523 3746 645 3828 ἀφίκοντο
665 3748 690 3814 ές
703 3746 751 3818 τήν
766 3747 902 3807 θάλασσάν
916 3750 1000 3809 τεκαὶ

224 3837 270 3903 ri<
289 3842 361 3903 ναῦς.
407 3839 439 3912 (ελ
452 3836 583 3896 Ἐνταῦθα
599 3835 630 3906 δή
645 3836 689 3916 βίιρ
710 3860 738 3893 τε
752 3837 837 3913 πολλῇ
857 3839 904 3896 καὶ
924 3837 1000 3915 μόγις

225 3923 349 3991 ἐσθύντες
369 3927 394 3990 ἐς
415 3923 462 3988 τδς
483 3925 596 4002 τριήρεις
615 3926 638 3981 οί
658 3924 760 3984 Ἐνετοί
780 3924 933 4004 ἀνήχθησαν
953 3925 997 3983 ε’πί

225 4011 356 4088 μετεώρου
382 4012 473 4091 μικρόν
497 4013 742 4091 ἀνακωχεύσαντες,
764 4010 824 4071 όσον
848 4014 922 4080 ἐκτός
954 4012 997 4091 βί·

224 4100 283 4165 λους
297 4090 379 4172 εἶναι,
395 4100 440 4162 καὶ
462 4100 583 4179 ἐδέχοντο
609 4101 669 4167 τοὺς
691 4099 744 4158 ἀπδ
761 4100 896 4170 θαλάσσης
918 4122 997 4178 νηχο·

1065 1286 1173 1363 μένους·
1193 1284 1285 1343 πολλοὶ
1301 1282 1352 1365 γθιρ
1374 1284 1523 1364 βιαζόμενοι
1542 1283 1594 1343 ίπδ
1617 1287 1674 1343 τῶν
1691 1282 1846 1361 πολεμίων,

1063 1374 1196 1457 ῥίπτοντες
1210 1373 1245 1453 τθι
1259 1372 1330 1431 όπλα
1352 1371 1460 1431 ἔπιπτον
1476 1375 1502 1438 ές
1521 1373 1569 1443 τήν
1593 1372 1763 1449 θάλασσαν,
1784 1375 1845 1433 eiii

1061 1461 1107 1529 uel
1122 1460 1164 1530 ξῦν
1183 1460 1286 1533 όπλοις,
1302 1458 1348 1519 καλ
1371 1458 1533 1540 ἀπενήχοντο
1550 1461 1639 1537 οἱμὲν
1661 1462 1688 1526 ές
1702 1460 1755 1528 τάς
1773 1465 1846 1535 ναῦς,

1062 1552 1086 1608 σί
1108 1548 1197 1609 δὲκαὶ
1218 1548 1394 1629 ἀπεπνίγοντο
1420 1548 1497 1633 βάρει
1510 1551 1563 1607 τῶν
1578 1547 1684 1609 ὅπλων.
1706 1548 1845 1610 Ἀπέθανον

1062 1635 1090 1696 δέ
1103 1638 1129 1699 ἐν
1149 1642 1181 1717 τῇ
1201 1637 1277 1717 μάχη
1298 1639 1396 1709 πλῆθος
1411 1638 1478 1695 πολθ
1496 1640 1549 1697 τῶν
1570 1638 1734 1717 πολεμίων,
1763 1641 1845 1698 ἀστῶν

1061 1749 1089 1785 τε
1108 1727 1154 1785 καλ
1178 1725 1272 1795 ξένοιν,
1286 1725 1331 1784 καὶ
1349 1724 1425 1792 αὐτός
1440 1726 1454 1783 ό
1469 1727 1630 1803 στρατηγὸς,
1655 1722 1731 1807 ἀνὴρ
1751 1726 1845 1802 ἀγαθός

1061 1813 1211 1892 γενόμενος,
1230 1812 1381 1894 ἐλήφθησαν
1404 1812 1431 1871 δέ
1449 1811 1495 1871 καλ
1508 1814 1601 1879 ζῶντες
1615 1813 1703 1893 ὀλίγῳ
1720 1814 1844 1881 ἐλάσεως

1060 1901 1227 1981 τριακοσίων.
1271 1900 1305 1981 (ι)
1320 1902 1356 1961 Οἱ
1366 1900 1393 1958 δέ
1405 1899 1437 1972 δή
1448 1902 1608 1987 στρατιῶται
1622 1900 1807 1979 διαρπάζουσι
1817 1905 1844 1961 τό

1059 1991 1234 2069 στρατόπεδον
1252 1988 1323 2049 δλον.
1345 1988 1446 2068 Εὑρέθη
1467 1988 1495 2047 ii
1512 1990 1539 2046 ἐν
1554 1989 1628 2067 αὐτῷ
1651 1986 1789 2067 χρήματά
1815 2014 1841 2049 τε

1059 2076 1145 2135 πολλά
1166 2077 1211 2135 καὶ
1229 2075 1330 2135 ἔπιπλα
1346 2076 1391 2135 καί
1416 2075 1565 2153 ἐκπώματα
1579 2078 1625 2135 καὶ
1649 2078 1722 2149 άλλη
1743 2103 1784 2143 τις
1797 2082 1842 2138 αἰιι

1060 2164 1137 2244 όλίγη
1151 2164 1286 2237 ἀποσκευή
1301 2188 1329 2223 τε
1347 2163 1393 2222 καλ
1410 2166 1506 2245 χρεία,
1524 2164 1626 2245 ἐλήφθη
1646 2164 1674 2223 δέ
1701 2168 1750 2225 καὶ
1772 2166 1840 2227 ὅπλα

1060 2252 1166 2326 πολλά,
1181 2252 1216 2311 τό
1232 2252 1280 2329 μέν
1300 2251 1353 2311 ἀπό
1374 2254 1477 2311 σκύλων
1497 2256 1550 2311 τῶν
1565 2256 1683 2331 νεκρῶν,
1697 2254 1735 2312 τά
1756 2256 1843 2315 δὲκαὶ

1060 2340 1241 2418 ἀποκείμενα,
1252 2338 1299 2400 καί
1311 2340 1430 2419 μηχαναὶ
1445 2344 1568 2399 παντοῖαι
1580 2338 1626 2399 καὶ
1647 2340 1697 2399 όσε
1713 2348 1838 2405 τοιαῦτα.

1099 2430 1136 2489 ll.
1160 2425 1344 2507 ,θίαχαμούτης
1369 2426 1398 2486 δέ
1423 2428 1490 2506 μετδι
1520 2433 1596 2486 τοῦτο
1621 2428 1760 2487 seriniis„
1784 2431 1838 2501 τήν

1059 2515 1182 2595 στρατιὰν
1192 2514 1288 2574 ίσεισιν
1302 2517 1326 2584 ἐς
1340 2515 1387 2589 τήν
1401 2514 1539 2593 μεσόγειαν
1552 2516 1746 2587 Πελοποννήσου
1759 2520 1835 2594 μετὰ

1058 2610 1103 2664 τοῦ
1124 2604 1249 2683 Ἀμύριος
1263 2602 1308 2661 ini
1330 2604 1363 2662 τὰ
1384 2604 1538 2663 ἀποστάντα
1562 2608 1613 2664 τῶν
1634 2604 1759 2685 φρουρίων
1782 2608 1833 2665 καὶ

1057 2690 1117 2760 τοὺς
1132 2692 1218 2759 ἄλλως
1234 2692 1447 2772 νεωτερίσαντας
1465 2694 1685 2763 Πελοποννησίων
1700 2694 1748 2751 καὶ
1760 2696 1788 2751 ἔν
1801 2698 1833 2753 οῦ

1057 2782 1166 2845 πολλαῖς
1190 2780 1302 2859 ἡμέραις
1329 2786 1465 2861 χειροῦται
1489 2780 1525 2840 τά
1555 2804 1585 2839 τε
1605 2781 1720 2863 φρούρια
1740 2784 1788 2839 καὶ
1807 2785 1840 2840 τὲ

1057 2865 1126 2926 ἀλλα
1149 2866 1255 2939 πάντα,
1280 2865 1313 2924 τθι
1328 2866 1377 2943 μέν
1405 2866 1450 2949 βίφ
1470 2876 1526 2935 τοῖς
1547 2870 1656 2939 ὅπλοις,
1680 2868 1719 2927 τίι
1749 2870 1777 2927 δὲ
1797 2873 1840 2927 καὶ

1056 2956 1142 3011 πειθοῖ
1153 2952 1359 3034 προσαγόμενος.
1403 2956 1436 3031 (ε)
1461 2957 1539 3013 Merui
1550 2955 1578 3013 δὲ
1589 2963 1669 3014 τοῦτο
1689 2959 1836 3036 ἀφικνεῖται

1056 3042 1081 3106 ἐς
1095 3038 1204 3122 Ἄργος,
1220 3043 1295 3100 πόλιν
1309 3043 1361 3099 τῶν
1381 3039 1512 3113 Ἐνετῶν,
1528 3043 1573 3100 καὶ
1594 3045 1836 3121 στρατοπεδεύεται

1059 3128 1111 3206 πρὸ
1121 3134 1166 3189 τοῦ
1184 3128 1290 3201 ἀστεος,
1306 3128 1352 3189 καλ
1371 3128 1514 3209 προσφέρει
1529 3130 1621 3206 λόγους
1641 3138 1700 3195 τοῖς
1721 3134 1749 3189 ἐν
1772 3134 1837 3209 αύτῷ
1899 3172 1900 3215 i

1056 3217 1116 3295 περὶ
1135 3218 1258 3283 ἐνδόσεως
1276 3220 1374 3276 ἑαυτῶν
1389 3238 1418 3274 τε
1438 3216 1484 3275 καὶ
1500 3222 1547 3275 τοῦ
1560 3218 1662 3284 ἄστεος.
1681 3220 1721 3278 oi
1740 3218 1768 3277 δέ
1786 3219 1837 3299 Ἀρ·
1899 3220 1900 3237 ²

1057 3305 1123 3381 γεῖοι
1133 3308 1243 3383 δρῶντες
1257 3303 1285 3361 τό
1295 3328 1324 3363 τε
1332 3305 1429 3373 πλῆθος
1440 3307 1484 3374 τῆς
1497 3312 1623 3380 στρατιᾶς
1635 3308 1837 3384 περιστοιχίτ-τν

1055 3390 1102 3462 τήν
1112 3392 1186 3449 πόλιν
1196 3391 1296 3471 κύκλῳ,
1305 3390 1334 3450 τύ
1343 3414 1370 3448 τε
1379 3393 1451 3469 σφῶν
1462 3394 1548 3468 τεῖχος
1561 3388 1668 3456 ἀσθενὲς
1678 3391 1728 3449 καί
1741 3392 1836 3467 ἐπίμα-

1054 3502 1100 3558 χον
1112 3477 1183 3553 dior,
1195 3479 1344 3559 ἐπικουρίαν
1360 3502 1388 3538 τε
1405 3479 1536 3556 μηδεμίαν
1553 3476 1633 3537 ποθέν
1657 3479 1677 3549 ἢ
1694 3478 1801 3559 ἔχοντες
1820 3480 1836 3550 i,

1054 3569 1119 3634 δλως
1133 3566 1199 3635 ἕξειν
1214 3568 1375 3643 ἐλπίζοντες,
1392 3568 1430 3645 μή
1443 3571 1472 3627 ἐκ
1489 3566 1643 3645 προσόολῆς
1657 3568 1708 3647 βίφ
1719 3570 1836 3649 ληρθῶτι

1055 3662 1108 3725 τοῖς
1138 3656 1229 3725 ὅπλοις
1250 3658 1295 3716 καλ
1328 3657 1493 3727 ἀπόλωνται,
1523 3656 1723 3735 παραδιδόασιν
1751 3656 1835 3735 ἀμαχὶ

1055 3746 1164 3813 ἑαυτούς
1185 3770 1213 3806 τε
1234 3747 1279 3806 καί
1295 3746 1343 3819 τήν
1364 3748 1440 3805 πολιν
1461 3743 1669 3823 Μαχουμούτει,
1694 3746 1731 3803 τά
1756 3749 1835 3806 πιστά

1054 3834 1191 3901 λαῦύντες.
1237 3836 1269 3911 (ο)
1285 3832 1319 3893 Ὁ
1335 3832 1362 3892 δέ
1376 3832 1477 3901 πάντας
1495 3832 1587 3899 αὐτοῦς
1605 3834 1741 3905 ἀποικίζει
1760 3838 1789 3900 ές
1807 3836 1834 3891 τὸ

1055 3923 1196 3992 Βυζάντιον
1213 3922 1255 3991 ξῦν
1266 3922 1367 4002 γυναιξί
1383 3924 1428 3981 καὶ
1442 3922 1540 3988 τέκνοις
1552 3922 1598 3979 καί
1613 3931 1667 3987 τοῖς
1683 3922 1833 4002 ὑπάρχοντι

1055 4022 1120 4071 πᾶσι
1128 4015 1179 4078 σῶς
1193 4012 1237 4071 καί
1247 4014 1337 4070 κακῶν
1348 4013 1469 4087 ἀπαθεῖς,
1483 4011 1568 4083 τήνδέ
1577 4010 1654 4070 πολιν
1670 4010 1833 4093 κατέσκαζυε.
1899 4014 1900 4037 ¹

1055 4100 1215 4176 Διαθέμενος
1236 4098 1264 4158 δέ
1278 4100 1311 4158 πθ
1324 4102 1350 4158 ἐν
1372 4099 1568 4181 Πελοποννήσῳ
1587 4100 1678 4158 πάντα
1699 4102 1790 4165 καλῶς
1808 4124 1832 4158 τε

255 4354 275 4401 1.
292 4353 364 4409 Quod
379 4353 404 4401 in
419 4366 474 4415 sqq.
489 4356 603 4403 narratur
615 4350 647 4403 de
657 4355 746 4403 Omere
762 4355 788 4402 et
799 4353 957 4403 Moenumute
974 4351 1001 4401 in
1019 4352 1116 4403 Isthmo
1136 4354 1252 4417 utrinque
1264 4356 1372 4403 Venetos
1391 4352 1465 4403 simul
1482 4352 1576 4403 adoriis
1590 4354 1616 4402 et
1630 4352 1682 4402 reri
1699 4352 1791 4417 proelio
1809 4354 1830 4400 ir

224 4431 300 4471 nores
320 4421 507 4484 repellentibus,
523 4427 691 4472 commentum
711 4423 838 4487 scriptoris
851 4436 905 4476 esse
924 4423 1031 4483 ridetur,
1056 4426 1085 4473 ut
1098 4436 1111 4473 e
1126 4424 1215 4474 ceteris
1233 4424 1339 4473 testibus
1354 4424 1462 4487 coiiigns.
1482 4424 1570 4474 Veneti
1595 4423 1749 4473 corinthum
1765 4424 1830 4473 obsi·

224 4492 311 4543 denies
322 4492 408 4556 prrniio
422 4492 537 4542 octobris
551 4493 592 4543 die
604 4493 722 4543 vicesimo
733 4494 863 4545 commisso
879 4495 1001 4557 insignem
1014 4492 1108 4545 cladem
1121 4497 1187 4558 passi
1207 4498 1277 4545 erent
1294 4494 1417 4557 simulque
1436 4494 1615 4557 intempestive
1631 4492 1725 4545 hiemis
1742 4496 1829 4558 [rigore

224 4564 381 4613 acerbissimo
393 4563 457 4613 maie
469 4562 647 4613 efficiebeniur.
661 4566 748 4628 ltaque
761 4566 841 4615 soluta
851 4566 977 4616 obsidione
996 4565 1085 4628 pnriirn
1097 4566 1144 4616 snb
1156 4566 1243 4615 Isthmi
1265 4577 1377 4621 murum.
1397 4565 1486 4628 partim
1496 4565 1624 4628 Nauplian
1636 4578 1664 4614 se
1674 4570 1828 4629 receperunt

224 4632 317 4682 Deinde
329 4631 370 4695 (d.
382 4631 487 4694 iiior.)
502 4644 579 4695 quum
598 4634 699 4684 nuntius
712 4634 846 4685 offerretur
865 4635 896 4685 de
914 4635 1021 4685 instante
1039 4634 1208 4684 Meehrrnruiis
1222 4633 1344 4693 adventu,
1357 4633 1432 4684 eiiam
1448 4635 1585 4695 lsihmum‚
1608 4634 1705 4683 reiieiis
1724 4634 1827 4697 impedi·

223 4704 325 4761 meniis,
338 4703 500 4754 deseruerunt
520 4706 582 4753 etin
598 4717 673 4754 nares
688 4706 850 4770 aufugerunt,
864 4706 925 4757 odeo
939 4710 966 4757 ιιι
984 4707 1157 4757 Macnumures
1167 4718 1267 4755 murum
1281 4702 1452 4755 defensoribus
1470 4718 1577 4755 vaenum
1595 4704 1727 4755 offendens
1738 4704 1828 4767 nbsan

225 4775 310 4837 proeiio
326 4775 351 4823 in
364 4776 560 4839 Peloponnesum
571 4774 686 4826 invadere
701 4780 792 4840 posset.

255 4846 269 4907 §
286 4852 308 4896 ι.
323 4846 477 4910 Κιθαιρῶνος]
490 4849 526 4898 De
538 4846 625 4897 itinere
636 4848 800 4899 iirohurnntis
812 4848 884 4913 pluro
895 4849 972 4900 habes
983 4863 1022 4913 αρ.
1031 4847 1113 4898 Chalc.
1125 4862 1150 4911 ρ.
1162 4854 1215 4898 560.
1230 4847 1300 4911 Η
1313 4853 1335 4896 2.
1349 4848 1421 4913 σφᾶς]
1435 4844 1492 4897 add.
1501 4846 1586 4911 mgni
1597 4872 1629 4883 —
1638 4846 1653 4909 §
1662 4852 1687 4897 3.
1699 4849 1721 4895 οἱ
1739 4848 1826 4895 'terre

223 4918 249 4965 ei
261 4915 349 4967 deinde
362 4918 567 4980 ἀνακωχεύσαντες
585 4920 610 4968 e't
621 4917 685 4979 βάρει
696 4924 743 4966 τῶν
757 4918 836 4968 όπλων
849 4918 907 4971 edd.
920 4934 985 4984 ingo.

255 4988 289 5037 ll.
306 4987 321 5046 θ
338 4996 358 5037 i.
374 4989 414 5043 Ἐς
427 4990 469 5047 τὴν
479 4987 603 5049 μεσόγειαν
623 4994 665 5036 τοῦ
683 4986 834 5053 ssei.]1ngo‚
851 4991 1029 5049 Πελοπόννησον
1047 4990 1108 5041 text.
1126 4987 1137 5053 11
1151 4990 1221 5039 *τά
1232 5007 1257 5040 τε
1269 4991 1364 5054 φρούρια
1376 4992 1415 5039 καὶ
1432 4990 1461 5038 τὰ
1477 4990 1538 5037 ἄλλα
1562 4988 1657 5052 πάντα]
1683 5002 1777 5052 margo,
1797 4988 1824 5036 τα

223 5059 319 5119 φρούρια
329 5062 391 5107 text.
407 5058 418 5122 ΙΙ
435 5088 462 5095 -
480 5055 531 5121 δε.
544 5056 651 5123 Ἀργεῖοι]
669 5056 726 5108 edd.
739 5072 830 5124 mergo.
844 5060 855 5124 fl
869 5086 900 5097 -
915 5059 963 5124 §ir
980 5058 1142 5123 Περιολίπιῳ]
1154 5061 1191 5110 De
1203 5060 1251 5109 hoc
1267 5060 1417 5111 monasterio
1432 5058 1543 5122 Deiparae
1555 5071 1629 5108 sacro
1641 5072 1666 5107 ν.
1680 5060 1788 5119 Βοιαιης.
1804 5058 1827 5105 ir

225 5128 309 5176 const
326 5127 418 5195 Christ.
431 5128 474 5178 lib.
490 5132 541 5191 ip.
558 5132 586 5179 ei
602 5141 639 5191 so.

1013 5222 1071 5281 150
