3809 5859
191 295 258 373 xxvj
720 324 724 331 -
848 287 1146 353 renascentum.

191 440 220 485 et
233 423 476 485 luculentioribus
489 423 630 503 exemplis
641 412 742 480 doceat
755 440 911 498 quousque
924 423 1051 497 genuina
1059 421 1190 480 historiae
1203 418 1324 479 traditio
1335 419 1492 479 adulterari
1507 424 1636 500 potuerit
1648 417 1695 502 Γ).
1706 427 1791 484 Atta·

191 522 296 581 mensi
311 520 383 599 quid
396 520 529 579 utilitatis
543 538 580 577 ex
593 518 777 577 Aristodemo
789 518 821 576 iu
835 517 934 577 studia
947 518 1091 577 historica
1101 517 1259 593 redundat,
1273 518 1304 576 id
1318 517 1350 576 iu
1362 518 1427 597 ipsa
1439 517 1490 576 illa
1505 532 1668 597 temporum
1683 522 1791 580 conlu-

192 619 275 677 sione
286 615 484 694 quaesiverim.
498 614 569 674 Nam
584 634 673 692 quum
689 614 765 673 idem
780 634 901 692 prorsus
921 634 1013 692 genus
1026 634 1160 675 errorum
1178 613 1456 689 chronologicorum
1470 615 1503 673 iu
1519 615 1682 692 antiquiori
1696 615 1787 674 (ἕσσε-

191 734 291 773 corum
306 713 432 772 historia
443 713 521 791 apud
541 725 653 771 ceteros
667 732 785 789 quoque
800 712 978 790 scriptores,
991 713 1043 790 qui
1057 732 1074 771 e
1091 711 1183 771 variis
1196 710 1328 770 lontibus
1340 730 1393 769 sua
1404 725 1630 787 congesserunt,
1647 713 1790 791 frequens

189 812 346 871 admodum
363 811 421 883 sit,
438 809 474 868 ad
487 829 670 869 communem
689 828 793 867 eorum
809 811 954 885 originem
969 810 1163 885 indagandam
1176 811 1338 886 fragmento
1353 822 1456 868 nostro
1467 808 1584 886 egregie
1600 807 1791 886 adjuvamur.

189 909 374 987 Quapropter
386 907 424 965 de
437 906 485 965 his
498 906 576 965 iulra
589 906 721 965 dicemus
737 906 912 966 accuratius.

151 1010 155 1015 ’
229 1007 316 1079 Quod
331 1008 424 1065 fontes
437 1005 618 1067 Aristodemi
638 1006 758 1076 attinet,
778 1005 885 1064 fundus
907 1005 1086 1063 narrationis
1101 1004 1202 1062 nescio
1218 1005 1328 1081 quibus
1349 1003 1457 1063 rivulis
1473 1002 1654 1063 derivandus
1668 1003 1792 1064 ridetur

189 1126 226 1165 ex
239 1124 328 1184 opere
343 1103 428 1181 cujus
441 1116 543 1161 auctor
557 1102 688 1181 Philippi
703 1122 763 1160 aero
776 1102 913 1160 historias
929 1101 1048 1179 scripsit
1062 1101 1129 1158 luco
1144 1099 1274 1158 oratorie
1286 1100 1391 1159 tinctas
1405 1120 1439 1158 ac
1456 1101 1551 1157 nimio
1561 1101 1790 1161 Atheniensium

96 1242 97 1245 =
190 1204 287 1263 studio
300 1203 407 1281 passim
423 1212 586 1278 corruptas.
604 1199 736 1278 Philippi
753 1212 931 1257 coaetaneum
949 1198 1031 1256 locus
1045 1196 1145 1275 prodit
1159 1195 1203 1275 (c.
1217 1218 1246 1266 a,
1259 1218 1276 1253 a
1286 1196 1316 1274 ),
1328 1217 1388 1274 quo
1403 1196 1567 1256 Alexander
1581 1218 1634 1256 rex
1648 1212 1790 1276 tanquam

189 1298 312 1379 πρόγονος
333 1298 463 1376 Philippi
479 1295 686 1355 introducitur.
704 1294 923 1353 Atheniensium
940 1294 1037 1352 fautor
1058 1304 1158 1351 narrat
1171 1294 1203 1350 in
1225 1312 1323 1370 pugna
1344 1293 1502 1352 Salaminia
1519 1294 1709 1353 Athenienses
1725 1293 1790 1365 τοὺς

191 1393 392 1476 ἀριστεύσαντας
407 1387 499 1453 inisse
512 1395 555 1471 (c.
573 1414 603 1465 a,
620 1392 675 1469 i),
689 1410 742 1449 nec
757 1412 817 1449 non
829 1392 865 1451 ad
879 1376 1043 1469 Tanagram
1062 1392 1131 1451 item
1146 1392 1337 1466 Athenienses
1348 1394 1475 1452 victores
1487 1392 1596 1451 abiisse
1608 1393 1616 1473 (
1629 1414 1656 1452 c.
1677 1414 1723 1466 ια,
1741 1395 1789 1472 ι),

191 1511 283 1570 porro
299 1488 517 1561 Alexandrum,
538 1488 685 1549 Mardouii
699 1488 845 1565 legatum,
866 1490 1054 1549 contumeliis
1069 1490 1204 1548 allectum
1220 1488 1257 1546 ab
1278 1489 1508 1549 Atheniensibus
1521 1489 1707 1549 amandatum
1724 1509 1792 1570 esse

192 1590 236 1669 [c.
253 1608 283 1659 n,
296 1608 312 1643 a
325 1598 345 1659 ).
359 1585 461 1644 Eidem
476 1585 706 1663 vaniloquentia
721 1584 863 1644 debentur
875 1606 941 1661 quae
955 1587 992 1644 de
1004 1605 1075 1664 pace
1089 1585 1189 1644 Calliae
1203 1586 1342 1660 leguntur
1356 1586 1389 1644 iu
1399 1587 1543 1664 majorem
1558 1586 1788 1645 Atheniensium

114 1750 116 1757 ,
189 1684 315 1761 gloriam
335 1682 471 1741 ementita
488 1684 529 1760 (c.
548 1684 594 1756 13,
620 1682 669 1757 a).
692 1680 798 1740 Orator
811 1679 919 1739 buccas
943 1680 1050 1739 iullaus
1064 1683 1192 1741 Xerxem
1209 1685 1240 1741 iu
1261 1682 1436 1760 Psyttaleam
1453 1683 1611 1742 insululam
1633 1682 1790 1760 trajecisse

188 1779 260 1839 dicit
275 1777 368 1846 ἱκανὰς
382 1776 511 1859 μυριάδας
528 1778 607 1853 (too
622 1790 708 1836 eraut
723 1777 862 1857 milites),
879 1796 952 1854 aquas
969 1776 1111 1835 Aristides
1125 1775 1168 1835 ibi
1183 1778 1341 1837 coniecerit
1355 1781 1398 1857 (e.
1416 1800 1446 1851 a,
1464 1779 1514 1859 i),
1530 1779 1633 1839 Persas
1648 1799 1720 1839 vero
1734 1800 1791 1858 per

188 1876 386 1937 Macedoniam
400 1878 554 1935 redeuntes
568 1876 749 1933 interneciva
762 1887 858 1948 strage
869 1873 981 1932 deletos
995 1876 1080 1953 esse(
1092 1894 1119 1933 c.
1134 1876 1163 1945 3,
1187 1877 1230 1951 ι).

227 1974 359 2035 Alterum
376 1973 503 2045 sontem,
519 1991 578 2049 quo
594 1971 793 2030 Aristodemus
811 1972 858 2028 vel
879 1971 980 2047 potius
996 1983 1109 2041 auctor,
1125 1988 1211 2046 quem
1227 1970 1279 2028 ille
1301 1970 1342 2028 ob
1360 1971 1461 2029 oculos
1473 1969 1614 2044 hahebat,
1631 1993 1702 2031 usus
1723 1988 1787 2047 est,

187 2069 389 2146 Thucydidem
405 2069 494 2129 luisse
506 2080 594 2147 patet.
607 2064 651 2125 Ex
665 2086 701 2125 eo
713 2067 798 2125 ducta
811 2079 876 2123 sunt
890 2085 954 2144 cap.
972 2087 1023 2139 ιι,
1038 2075 1053 2135 t
1070 2066 1196 2125 debello
1210 2066 1346 2145 AEgypdo
1360 2080 1389 2125 et
1402 2086 1466 2144 cap.
1484 2066 1501 2124 5
1518 2056 1555 2125 de
1568 2069 1690 2128 Athenis
1703 2069 1788 2130 The-

187 2166 328 2225 mistoclis
341 2164 465 2224 consilio
483 2165 605 2224 munitis
624 2176 653 2222 et
667 2182 732 2241 quae
754 2182 818 2240 cap.
838 2164 928 2240 16-19
943 2162 1107 2222 afferuntur
1120 2163 1157 2221 de
1175 2166 1269 2222 causis
1283 2163 1354 2220 belli
1378 2163 1630 2243 Peloponnesiaci.
1652 2163 1788 2245 Ἤρξαντο

187 2260 213 2321 δὲ
229 2266 306 2321 αὐτοῦ
322 2262 388 2342 (τοῦ
403 2259 551 2339 πολέμου),
564 2259 762 2337 Thucydides,
784 2280 811 2332 t,
828 2261 878 2331 23,
897 2270 913 2329 4
930 2261 987 2331 ait,
1003 2258 1131 2331 Ἀθηναῖοι
1153 2259 1199 2318 καὶ
1212 2258 1435 2332 Πελοποννήσιοι,
1450 2254 1579 2329 λύσαντες
1597 2263 1644 2328 τὰς
1658 2285 1786 2343 τριακον-

186 2366 282 2427 τούτεις
292 2358 441 2426 σπονδάς...
455 2359 512 2431 Τὴν
528 2355 576 2433 μὶν
592 2354 643 2436 γὰρ
659 2356 839 2427 ἀληθεστάτην
850 2355 998 2435 πρόφασιν,
1009 2356 1193 2435 ἀφανεστάτην
1202 2356 1230 2414 ti
1243 2356 1325 2437 λόγῳ,
1337 2355 1395 2423 τοὺς
1409 2354 1556 2428 Ἀθηναίους
1569 2362 1686 2437 ἡγοῦμαι
1696 2361 1787 2436 μεγά-

185 2458 245 2523 λους
262 2452 429 2533 γιγνομένους
442 2452 487 2513 aul
505 2451 585 2533 qo'dor
606 2448 772 2531 παρέχοντας
785 2460 838 2516 τοῖς
852 2450 1072 2527 Λακεδαιμονίοις
1086 2452 1233 2531 ἀναγκάσαι
1248 2455 1274 2520 ἐς
1292 2452 1323 2511 τὸ
1342 2455 1481 2530 πολεμεῖν·
1495 2456 1523 2512 αἱ
1541 2454 1569 2513 δὲ
1585 2456 1611 2522 ἐς
1625 2454 1656 2514 τὸ
1671 2456 1784 2536 φανερὸν

186 2550 328 2629 λεγόμεναι
352 2552 434 2610 αἰτίαν
457 2549 508 2610 ait·
533 2540 599 2621 ἦσαν
625 2547 769 2627 ἑκατέρων,
785 2551 830 2627 ἀφ’
845 2536 881 2605 ὧν
906 2547 1032 2613 λύσαντες
1048 2546 1096 2615 τὰς
1118 2548 1231 2615 σπονδὰς
1247 2551 1273 2615 ἐς
1292 2548 1336 2609 τὸν
1358 2549 1473 2625 πολεμον
1488 2550 1665 2621 κατέστησαν.
1680 2551 1788 2610 Narrat

185 2648 322 2725 deinceps
338 2666 438 2707 causas
452 2647 522 2705 belli
539 2666 555 2704 e
578 2648 665 2704 rebus
681 2644 838 2722 Epidamni
858 2656 887 2701 et
910 2644 1047 2703 Potidaea
1069 2646 1252 2723 repetendas.
1269 2646 1412 2707 Similiter
1434 2647 1637 2707 Aristodemus
1657 2649 1785 2727 primam

184 2743 255 2804 belli
276 2764 391 2803 causam
415 2764 452 2803 ex
476 2757 563 2821 rupto
580 2744 689 2803 loedere
709 2741 863 2801 tricennali
884 2740 1019 2814 deducit3
1035 2763 1101 2801 nam
1120 2742 1174 2802 hoc
1187 2757 1305 2803 narrato
1319 2744 1416 2821 pergit
1432 2748 1473 2822 (c.
1491 2744 1544 2823 16)
1560 2767 1568 2803 ι
1590 2745 1673 2805 αἰτίαν
1688 2745 1716 2803 dl
1731 2745 1783 2806 xci

185 2840 300 2905 πλείονας
322 2840 443 2920 φέρονται
458 2840 578 2920 περὶτοῦ
593 2838 720 2915 πολέμου.
738 2837 772 2895 ln
793 2836 983 2913 sequentibus
997 2851 1152 2917 postquam
1167 2840 1204 2898 dc
1227 2838 1390 2919 Epidamno
1406 2856 1434 2900 et
1453 2843 1491 2901 de
1505 2842 1637 2901 Potidaea
1650 2842 1784 2915 dixerat,

184 2937 287 2995 ultimo
301 2938 367 3002 luco
381 2957 442 2996 eam
459 2936 611 3014 subjungit
625 2935 697 2994 belli
717 2953 831 2993 causam
853 2952 938 3010 quam
963 2935 1084 3013 etipse,
1100 2936 1176 2996 sicut
1196 2936 1399 3014 Thucydides,
1416 2936 1465 3010 ’τὴν
1480 2940 1661 3011 ἀληθεστάτην
1680 2955 1777 2999 vocat.

183 3034 275 3093 Simul
291 3054 361 3091 vero
376 3032 423 3092 his
435 3034 576 3112 premisit
586 3030 799 3110 λαοδογματικὴν
814 3030 918 3103 istam,
931 3032 1016 3104 cujus
1029 3032 1173 3108 fingendae
1186 3036 1367 3093 occasionem
1383 3034 1529 3096 dederunt
1541 3056 1600 3093 vox
1620 3036 1783 3096 Alcibiadis

149 3187 152 3193 ,
183 3140 211 3184 et
224 3148 289 3204 quae
302 3128 337 3186 de
354 3128 457 3186 Phidia
471 3142 499 3187 et
512 3129 625 3187 Pericle
638 3128 849 3206 Aristophanes
864 3146 916 3205 per
931 3128 1032 3186 ludum
1044 3130 1201 3206 jocumque
1212 3130 1331 3207 jecerat.
1351 3130 1431 3189 llauc
1445 3132 1536 3191 solam
1551 3146 1688 3210 tanquam
1704 3126 1776 3191 belli

184 3223 326 3297 originem
347 3224 493 3284 Diodorus
512 3226 521 3301 )
537 3246 583 3297 ra,
603 3227 661 3303 39)
676 3238 789 3293 narrat,
808 3223 927 3281 laudato
938 3224 1068 3301 Ephoro.
1086 3224 1287 3285 Aristodemus
1302 3246 1363 3285 eam
1379 3246 1416 3285 ex
1429 3228 1557 3301 ejusdem
1576 3227 1678 3286 larinae
1691 3228 1782 3287 histo·

183 3320 245 3377 rico
260 3320 402 3403 adscivit,
417 3320 494 3379 haud
509 3340 580 3378 vero
595 3340 632 3378 ex
650 3321 752 3379 eodem
769 3320 897 3399 Ephoro.
913 3318 984 3377 Nam
1002 3320 1033 3377 iu
1048 3320 1234 3380 Aristodemo
1247 3324 1311 3398 (ιδ,
1329 3324 1364 3403 t.)
1379 3322 1547 3384 Alcibiades
1562 3324 1669 3383 Pericli
1688 3325 1782 3384 adstat

183 3416 351 3496 σκεπτομένῳ
370 3416 431 3498 περ)
445 3420 492 3487 τῆς
507 3415 654 3483 ἀποδόσεως
669 3418 734 3495 ὑπὲρ
756 3420 803 3489 τῆς
827 3415 1044 3493 ἰργεπιοτααίας,
1060 3416 1096 3474 de
1113 3436 1170 3493 qua
1192 3432 1293 3477 auctor
1310 3419 1422 3478 dixerat
1444 3441 1470 3478 c.
1497 3422 1544 3497 16,
1565 3441 1599 3493 13
1623 3421 1783 3480 secundum

183 3513 332 3592 Ephorum
350 3534 420 3574 vero
442 3513 512 3593 (ap.
529 3513 616 3572 Diod.
638 3534 684 3587 ιο,
702 3516 751 3586 38,
774 3514 811 3591 a)
827 3512 956 3571 Pericles
970 3512 1006 3569 de
1027 3512 1185 3572 reddendis
1208 3515 1372 3574 rationibus
1386 3517 1530 3576 sollicitus
1544 3530 1609 3576 erat
1624 3532 1783 3596 propterea

183 3611 261 3688 quod
277 3623 387 3688 partem
412 3611 618 3690 pecuniarum,
633 3630 698 3687 quae
714 3630 750 3667 ex
769 3610 917 3668 communi
931 3609 1103 3669 Graecorum
1125 3610 1343 3672 contributione
1358 3627 1462 3671 coactae
1479 3626 1578 3686 erant,
1600 3615 1631 3673 iu
1646 3616 1781 3692 privatos

184 3726 254 3764 usus
269 3707 455 3785 expenderat.
476 3707 618 3765 Praeterea
633 3706 764 3765 versibus
783 3706 1006 3785 Aristophaneis
1024 3706 1081 3765 alia
1099 3708 1230 3767 recensio
1245 3709 1321 3786 apud
1336 3709 1513 3782 Diodorum,
1537 3710 1595 3768 alia
1609 3711 1686 3789 apud
1711 3712 1783 3769 Ari·

182 3804 343 3861 stodemum
360 3802 469 3865 subest.
482 3802 616 3879 Denique
632 3802 702 3861 satis
713 3802 774 3879 jam
790 3816 902 3862 constat
915 3804 970 3883 )“*)
983 3803 1143 3862 Diodorum
1162 3806 1193 3863 in
1207 3804 1329 3863 historia
1342 3805 1486 3863 bellorum
1502 3806 1683 3865 Medicorum
1696 3820 1725 3865 et
1735 3811 1785 3877 τῆς

182 3899 416 3965 πεντακονταετίας
430 3914 458 3957 et
478 3899 547 3958 belli
569 3900 811 3977 Peloponnesiaci
833 3912 925 3958 totum
945 3919 978 3958 se
1000 3899 1120 3977 Ephoro
1135 3900 1299 3973 addixisse,
1317 3900 1447 3961 dubitari
1462 3904 1555 3977 igitur
1568 3904 1686 3981 nequit,
1708 3905 1783 3982 quin

183 3995 272 4051 alium
287 3996 390 4053 ducem
406 4010 521 4055 secutus
536 3997 576 4055 sit
590 3996 809 4069 Aristodemus,
829 3997 939 4076 quippe
955 3997 1025 4075 qui,
1041 3999 1177 4074 quamvis
1200 4001 1306 4076 passim
1324 4020 1388 4058 cum
1405 4001 1534 4059 Diodoro
1550 4003 1727 4077 musentiat,
1748 4002 1781 4059 iu

182 4090 281 4147 inultis
296 4104 389 4149 tamen
401 4098 431 4150 ct
444 4092 626 4167 gravissimis
638 4091 726 4151 rebus
742 4091 778 4151 ab
793 4112 827 4151 eo
842 4095 963 4152 recedit.
981 4097 1074 4153 Porro
1089 4099 1113 4154 si
1127 4113 1237 4173 eaquae
1251 4095 1287 4154 de
1301 4095 1437 4156 Tolmide
1450 4097 1521 4157 falsa
1534 4098 1566 4156 in
1583 4112 1685 4157 nostro
1698 4098 1779 4172 frag·

182 4198 279 4243 mento
295 4188 331 4261 (c.
351 4188 384 4244 15
395 4188 406 4266 )
419 4188 565 4264 leguntur,
579 4189 621 4247 sic
632 4188 692 4267 jam
706 4188 818 4247 dixerat
833 4190 982 4248 .Eschiues
994 4192 1024 4248 in
1041 4212 1084 4249 or.
1099 4192 1135 4250 de
1153 4193 1172 4253 s.
1189 4192 1244 4268 leg.
1260 4195 1276 4269 §
1293 4194 1330 4266 75
1346 4194 1423 4274 (343
1435 4214 1463 4255 a.
1479 4194 1523 4273 C.)
1533 4239 1541 4268 ,
1551 4196 1604 4253 vix
1618 4194 1782 4252 credideris

211 4436 244 4500 (*)
257 4438 315 4485 llaec
330 4438 445 4487 curtium
454 4438 688 4502 Wacltsmuthium,
702 4442 781 4491 virum
795 4456 876 4493 rerum
896 4443 1068 4495 historicarum
1081 4444 1274 4508 peritissimum,
1287 4447 1451 4505 induxerunt,
1464 4449 1493 4496 ut
1506 4445 1533 4495 in
1547 4447 1682 4510 fragmento
1694 4447 1780 4494 nostre

132 4551 134 4555 ι
180 4520 309 4570 agnoscere
332 4507 379 4558 sibi
399 4508 525 4558 rideretur
546 4509 635 4559 ictuc
650 4510 764 4561 iiiuoidae
786 4512 872 4575 lilium,
884 4514 925 4575 qui
938 4514 1025 4563 silvam
1047 4513 1189 4571 historicam
1209 4530 1241 4565 ex
1257 4516 1397 4573 liemdote,
1416 4514 1575 4577 Thucydide,
1592 4515 1775 4569 Demosthene,

180 4578 309 4638 AEschiue,
326 4580 448 4643 Lycurgo,
469 4579 590 4641 Diodoro,
604 4581 748 4643 Plutarcho,
767 4582 867 4633 scholiis
886 4585 910 4633 in
923 4584 1109 4648 Thucydidem,
1125 4585 1313 4650 Aristophanem
1328 4590 1355 4637 et
1368 4585 1547 4650 Hermogenem
1558 4584 1584 4636 el
1595 4584 1775 4648 leucographis

180 4648 319 4709 collectam,
330 4650 382 4700 suis
390 4650 468 4714 ipsius
481 4650 627 4701 commentis
639 4656 736 4702 auctam
746 4656 772 4703 et
784 4652 947 4719 variegatam,
959 4654 1071 4711 lacunis,
1084 4657 1243 4721 corruptelis,
1254 4658 1405 4723 interpositis
1417 4656 1559 4711 Philostmti
1570 4658 1631 4708 locis
1642 4658 1774 4711 turbatam,
1830 4684 1833 4689 -

180 4719 267 4783 insigni
280 4718 385 4770 artifieio
396 4733 533 4784 manusque
543 4721 691 4773 dexteritate
703 4722 728 4772 in
742 4722 851 4773 codicem
865 4723 1000 4773 Parisinum
1014 4724 1139 4775 intulisset
1154 4729 1198 4786 tv.
1215 4726 1307 4778 rhein
1321 4732 1443 4780 Muscam
1455 4724 1505 4790 fiir
1514 4726 1608 4776 Philet.
1624 4730 1683 4777 isati
1695 4738 1718 4790 p.
1731 4728 1776 4774 tot

179 4802 244 4852 sqq,
256 4806 281 4854 p.
298 4796 343 4840 582
357 4803 409 4853 sqq.
417 4790 434 4853 ).
449 4790 565 4841 Probavit
576 4791 624 4841 hoc
642 4792 741 4842 iiiecllo
756 4793 781 4842 in
795 4792 948 4857 zeitschrift
963 4794 1012 4855 [εἰσ
1030 4797 1274 4857 Gprrrrresiattcescu.
1294 4802 1361 4858 1868,
1374 4812 1399 4862 p.
1421 4800 1464 4847 721
1480 4810 1534 4859 sqq.
1552 4798 1601 4861 Ego
1612 4794 1673 4859 quid
1683 4796 1721 4846 de
1736 4795 1777 4844 his

180 4861 290 4920 sentiam,
303 4861 437 4924 significari
449 4862 474 4911 iu
486 4864 625 4925 Getttupcr
641 4862 691 4925 pel.
709 4866 836 4927 Ausctpen
852 4868 920 4924 ¹869,
933 4878 958 4927 p.
979 4870 1016 4915 aa.
1028 4868 1117 4916 Fateor
1128 4866 1189 4916 mihi
1202 4880 1315 4929 quoque,
1328 4881 1405 4930 quum
1420 4866 1528 4931 primum
1541 4880 1582 4916 au.
1606 4870 1666 4916 ttius
1677 4867 1776 4928 sepita

179 4930 250 4979 istam
263 4934 392 4994 inceptans
397 4932 477 4982 obiter
487 4932 636 4993 movissem,
647 4946 702 4983 eam
713 4934 753 4983 rix
766 4933 864 4997 dignam
880 4935 957 4985 risam
968 4949 1023 4987 esse
1031 4950 1089 4999 quas
1099 4936 1125 4985 in
1140 4937 1220 4987 lucem
1232 4938 1425 5001 protraheretur.
1437 4936 1509 4989 Haud
1520 4934 1594 4998 igitur
1602 4934 1680 4987 miror
1696 4933 1777 4985 simile

178 5001 238 5064 quid
249 5001 367 5053 accidisse
378 5002 578 5063 Wachsmuthio,
590 5007 615 5053 at
630 5003 732 5053 mirarer
746 5004 827 5055 virum
839 5004 1010 5057 doctissimum
1023 5007 1050 5057 in
1060 5020 1091 5057 ea
1100 5008 1212 5071 opinione
1225 5012 1430 5071 perseverantem.

210 5072 258 5135 (⁰)
268 5073 330 5123 Vide
340 5072 548 5138 diligentissimam
560 5072 751 5137 disquisitionem
761 5072 804 5125 ch.
817 5078 880 5137 Aug.
894 5074 1098 5137 volquardseuil.
1108 5078 1128 5127 i.
1144 5090 1168 5140 p.
1180 5085 1208 5128 si
1222 5091 1276 5141 sqq.
