3809 5859
191 342 230 402 θθ
612 334 815 397 CRITOBULI
837 334 1101 396 HISTORIARUM
1122 335 1194 396 ΗΒ.
1217 337 1242 409 Ι,
1262 338 1367 397 ίί-ίθ.

190 469 280 547 ὥσπερ
303 467 336 541 δὴ
357 468 401 527 καί
421 466 537 543 ἡμέρας,
554 468 577 525 εί
592 466 630 546 μὴ
646 491 696 527 που
715 467 785 528 κατὰ
798 468 905 545 γνώμην
921 470 961 541 είη
1018 467 1046 526 δν
1061 466 1138 527 dieve
1157 467 1283 545 λογισμδν
1303 471 1330 527 ἐν
1351 472 1473 548 πῇψυχῇ
1495 468 1541 527 καί
1561 469 1627 548 πρδς
1646 467 1676 530 δν
1697 468 1800 549 ἔφερεν

190 581 220 634 γε
233 563 278 615 τοῦ
298 556 475 637 φρουράρχου.
519 554 553 635 (a)
569 554 662 623 Οὕτως
683 558 753 637 αύτῷ
767 557 802 616 τθ
814 562 860 616 τοῦ
881 580 963 637 φρου-
1018 558 1089 638 αύτῷ
1107 556 1193 616 πάντα
1219 554 1317 617 σκυπδν
1336 557 1364 625 ἐξ
1384 559 1468 636 ἀρχῆς
1488 560 1513 623 ἐς
1533 556 1615 637 πέρας
1641 558 1714 634 άγειν
1738 558 1797 631 ἤδη

191 648 246 724 ρίου
257 645 415 723 έμελετὴθη,
426 645 472 704 καλ
484 649 573 703 τοῦτον
585 643 630 704 τδν
641 644 736 724 τρόπον
746 645 793 712 τάς
804 668 833 703 τι
843 644 964 725 ἠπείρους
1018 645 1139 705 διενοεῖτο
1161 645 1207 703 καί
1228 644 1324 722 μηκέτι
1349 646 1488 720 μιλλησειν
1518 644 1583 721 μηδ’
1604 647 1631 704 έν
1645 644 1798 715 ἀνιύολαῑς

190 736 289 811 συνῆψε
304 732 350 793 καί
366 732 413 803 τὴν
428 732 549 791 διοίῦασιν
566 732 606 811 ὑφ’
622 736 693 813 αύτῷ
707 732 859 805 πεποίηται.
882 736 963 795 Ἐπι-
1017 722 1097 791 εἶναι·
1110 736 1128 803 ἡ
1151 730 1178 790 δὲ
1193 723 1226 803 ἡν
1239 732 1354 808 πόλεμον
1369 732 1508 810 ἐξενεγκεῖν
1523 730 1667 809 Ῥωμαίοις
1678 734 1728 793 καὶ
1741 738 1796 813 βα-

190 821 320 888 σκευάσας
340 820 426 880 τοίνυν
444 821 506 880 αιίτδ
529 822 615 887 καλῶς
640 822 685 880 καί
709 821 820 887 θπλίσας
844 821 890 880 καί
911 824 964 891 τοῖς
1017 818 1342 900 σιλεῖΙίωνσταντίνιρκαί
1354 820 1506 899 πολιορκίαν
1521 824 1555 900 τῇ
1569 821 1653 880 πόλει,
1666 820 1700 900 (ι)
1715 819 1796 881 Ἐνό-

190 918 271 968 πθσιν
286 908 430 989 άχείρωτον
442 909 612 980 καταστήσας
626 908 657 982 ἡ,
671 911 771 987 μᾶλλον
785 914 885 982 εἰπεῖν,
898 910 964 979 όλως
1018 910 1076 984 μιζε
1097 907 1164 986 γδρ,
1179 907 1243 989 ὅπερ
1264 908 1310 968 καί
1323 901 1371 981 ἡν,
1394 912 1444 983 ὡς,
1458 910 1482 969 εί
1502 908 1600 981 ταύτην
1620 908 1677 967 ἕλοι
1699 909 1798 989 πρόπαρ

191 996 407 1077 ἀνεπιχείρητον,
430 994 544 1076 φρουράν
563 1018 591 1055 τε
605 996 699 1067 ίκανὴν
715 999 898 1075 ἐγκαταλιπὼν
918 1000 964 1057 καί
1017 994 1114 1070 παντί,
1135 997 1253 1058 καὶτῶν
1276 994 1374 1069 ταύτης
1404 995 1491 1075 κύριος
1515 996 1681 1071 κατασταίη,
1706 996 1794 1073 μηδὲν

191 1086 356 1168 φρούραρχον
370 1084 416 1145 ίνα
427 1089 478 1142 τῶν
488 1084 652 1144 πιστοτάτων
663 1087 735 1165 αὐτῷ
746 1083 895 1157 ἀποδείξας,
906 1093 964 1152 ταῖς
1018 1073 1083 1142 εἶναι
1097 1083 1129 1141 τδ
1144 1085 1262 1144 κωλῦσον
1275 1083 1314 1144 ίτι
1331 1083 1403 1150 ἐντός
1415 1084 1503 1161 ὀλίγον
1517 1084 1611 1163 χρόνον
1624 1087 1659 1150 ὡς
1671 1083 1702 1142 έκ
1722 1109 1796 1152 τινος

190 1198 219 1236 τε
244 1174 378 1253 μηχαναῖς
398 1171 541 1243 ἐπιστήσας
555 1172 613 1239 τοὺς
632 1175 718 1239 καλῶς
739 1195 767 1229 τε
791 1172 835 1231 καί
850 1174 963 1243 ἐπιστη-

192 1262 278 1341 μόνως
309 1260 501 1342 χρησομίνους,
527 1261 657 1321 ἐπάνεισιν
686 1262 711 1326 ἐς
742 1258 789 1330 τὴν
803 1260 961 1339 ΙἈδριανοῦ,

191 1350 352 1432 φθινοπώρου
367 1349 497 1429 φθίνοντος
512 1350 574 1419 ἤδη.
612 1348 666 1409 Καί
680 1347 817 1421 ἑξηκοστὸν
831 1346 888 1414 ἔτος
899 1346 963 1426 πρὸς

191 1446 244 1506 τοῖς
255 1440 412 1503 ίννακοσίοις
423 1458 451 1494 τε
461 1436 507 1495 καί
518 1435 704 1515 ἑξακισχιλίοις
713 1444 766 1501 τοῖς
779 1434 846 1501 ὅλοις
856 1434 963 1508 ἠνύετο,

192 1527 309 1607 δεύτερον
322 1526 349 1584 δὲ
364 1529 410 1595 τῆς
424 1526 508 1604 ἀρχῆς
522 1528 560 1603 τῷ
573 1526 687 1602 βασιλεῖ.

232 1617 296 1675 ΧΗ.
312 1612 388 1673 Κατὰ
402 1611 428 1670 δέ
442 1613 485 1670 τδν
501 1612 578 1671 αύτδν
591 1611 684 1691 χρόνον
699 1610 832 1686 οἰκοδομεῖ
845 1608 890 1667 καί
912 1614 962 1689 βα·

193 1705 276 1763 σίλεια
291 1699 401 1779 λαμπρίι
420 1700 480 1779 περί
498 1698 546 1769 τὴν
563 1698 713 1778 Ἀδριανοῦ,
733 1702 814 1757 αὐτοῦ
834 1721 884 1756 που
903 1698 963 1779 περὶ

192 1792 235 1851 τδν
251 1782 334 1870 Εῦρον
346 1787 465 1864 ποταμὸν
480 1787 563 1867 πέραν
576 1792 621 1845 τοῦ
635 1788 743 1861 ἄστεος,
757 1786 837 1852 λίθοις
850 1809 879 1843 τε
889 1786 962 1862 λαμ-

193 1885 267 1956 προῖς
283 1875 328 1934 καί
341 1874 492 1955 μαρμάροις
504 1873 641 1955 διαφανέσι
653 1873 858 1951 κεκοσμημένα,
873 1878 964 1952 χρυσῷ,

192 1988 221 2025 τε
240 1950 332 2044 πολλῷ
346 1962 391 2022 καί
413 1962 517 2045 ἀργύρῳ
533 1961 789 2043 καταστραπτόμενα
810 1961 917 2021 ἔνδοθέν
936 1987 965 2022 τε

194 2053 239 2112 καί
259 2052 368 2125 ἔξωθεν,
390 2052 428 2109 ἔτι
446 2050 474 2109 δὲ
490 2052 604 2133 γλυφικῇ
621 2051 667 2109 καί
682 2054 798 2131 γραφικῇ
820 2048 899 2130 τέχνῃ
914 2074 965 2107 πε-

193 2140 349 2219 ποικιλμένα
363 2138 408 2198 καί
425 2139 557 2220 διαφόροις
577 2139 669 2205 άλλαις
691 2138 873 2205 πολυτελείαις
889 2142 964 2219 φιλο-

192 2231 276 2309 τίμως
294 2228 482 2309 ἐξειργασμένα
504 2229 549 2287 καλ
563 2228 717 2306 ἠσκημένα·
734 2228 766 2307 (a)
793 2228 965 2308 παραδείσους

193 2340 222 2376 τε
242 2317 345 2395 φυτεύει
359 2315 419 2395 περί
434 2314 520 2393 αὐτὰ,
532 2318 621 2395 φυτοῖς
635 2338 664 2373 τε
685 2314 818 2381 παντοίοις
843 2314 888 2374 καί
909 2314 964 2373 δέν·

194 2404 262 2484 δροις
271 2403 379 2483 ἡμέροις
389 2402 575 2481 κομῶνταςκαί
586 2406 694 2481 καρποῖς
702 2402 807 2481 ὡραίοις
821 2406 965 2480 βρίθοντας,

195 2489 268 2560 ζώων
290 2514 319 2550 τε
345 2489 454 2571 διάφορα
475 2491 539 2567 γένη
565 2488 670 2569 ἡμέραιν
689 2512 717 2547 τε
732 2490 777 2548 καί
800 2490 896 2569 ἀγρίων
920 2490 966 2547 καί

196 2582 300 2651 πτηνῶν
314 2578 409 2655 άγέλας
420 2576 521 2645 τούτοις
535 2577 677 2653 έμῦάλλει,
696 2578 742 2636 καί
758 2579 863 2645 πολλοῖς
879 2576 968 2642 ἄλλοις

198 2667 307 2745 ἀγάλλει
327 2669 434 2739 καλοῖς,
458 2666 507 2724 ὅσα
521 2664 612 2745 τέρψιν
641 2665 697 2741 ἅμα
721 2666 767 2725 καλ
793 2666 891 2740 κόσμον
915 2654 968 2723 εἶδε

197 2754 282 2837 φέρειν
298 2754 343 2813 καλ
356 2754 465 2827 ἡδονήν·
508 2754 541 2833 (a)
559 2752 757 2822 Κατασκευάζιι
778 2752 805 2813 δέ
825 2754 869 2813 καί
891 2753 968 2831 βασί-

196 2844 265 2901 λειον
280 2843 361 2912 αθλὴν
376 2840 518 2921 φιλοτίμως
537 2840 657 2922 ξύνεγγυς
677 2842 788 2914 τούτων,
805 2844 850 2899 καί
868 2838 969 2911 οίκησιν

196 2929 236 2989 ότι
249 2930 372 3001 πλείστην
385 2938 496 2988 ποιεῖται
507 2930 572 2987 νέων
584 2927 737 3006 καταλόγων
751 2926 796 2985 καί
809 2927 969 3006 πεζαιτέρων

178 3021 224 3099 Ιἐν
240 3020 306 3099 αὐτῇ
329 3041 358 3076 τε
371 3018 417 3075 καί
438 3016 498 3097 περί
520 3016 620 3090 αὖτὴν,
637 3015 805 3095 ἱπανταχόθεν
828 3014 970 3095 ἀσφαλιζό-

199 3129 273 3183 μενος
287 3108 320 3165 τδ
336 3105 468 3184 βασίλεια.
511 3104 564 3165 Καί
577 3110 660 3163 ταῦτα
673 3103 720 3179 μίν
740 3105 765 3169 ίς
776 3108 908 3163 τοσοῦτον.

238 3193 314 3253 ΧΙΙΙ.
327 3194 361 3251 '0
377 3191 403 3249 δὲ
417 3190 465 3261 τὴν
477 3192 561 3249 πάλαι
575 3193 599 3250 οί
612 3190 794 3267 μελετωμένην
811 3190 907 3267 βουλὴν
921 3190 968 3250 καί

1017 1171 1122 1231 πάντων
1145 1178 1233 1247 κοινῆς
1255 1172 1421 1252 ἀκροπόλεως
1441 1171 1543 1244 ταύτης
1569 1172 1724 1253 ὁρμώμενον
1755 1173 1796 1232 τὰ

1018 1258 1099 1319 λοιπθ
1116 1259 1203 1319 πάντα
1224 1261 1403 1338 καταδραμεῖν
1425 1260 1472 1319 καί
1490 1261 1533 1339 ὑφ’
1558 1262 1644 1339 ἑαυτῷ
1670 1261 1798 1331 ποιήσα-

1018 1356 1089 1407 σθαι.
1114 1349 1150 1424 (a)
1167 1348 1218 1407 Διά
1232 1370 1272 1406 τοι
1280 1352 1357 1406 τοῦτο
1368 1348 1485 1424 οὐδαμοῦ
1496 1346 1620 1415 καθεκτδς
1630 1340 1664 1418 ἡν
1676 1350 1725 1422 ἔτι,
1738 1350 1799 1407 οὔδ’

1018 1435 1062 1492 ἐπί
1076 1437 1128 1493 τῶν
1150 1436 1236 1493 αὐτῶν
1249 1440 1295 1493 τοῦ
1309 1436 1401 1492 λοιποῦ
1423 1434 1511 1509 μένειν
1525 1433 1599 1505 ἠξίου
1612 1436 1659 1494 καλ
1684 1435 1797 1514 εἰρήνην

1018 1520 1103 1600 ἄγειν,
1118 1521 1187 1580 ἀλλά
1194 1520 1346 1599 πολεμητέα
1358 1524 1381 1581 ai
1394 1520 1477 1580 ἐδόκει
1487 1512 1553 1579 εἶναι
1564 1525 1590 1582 ἐν
1599 1523 1675 1601 τάχει
1688 1524 1735 1581 καί
1743 1523 1798 1594 τὴν

1018 1610 1095 1669 πολιν
1107 1608 1249 1689 ἐξαιρετέα,
1294 1611 1327 1686 (ε)
1341 1608 1451 1686 Ἐνῆγον
1466 1607 1494 1667 δέ
1506 1609 1585 1668 αύτδν
1597 1610 1715 1686 μάλιστα
1726 1612 1798 1690 πρὸς

1018 1704 1093 1760 τοῦτο
1106 1698 1152 1757 καί
1168 1698 1322 1776 θεοσημεῖαί
1335 1719 1417 1774 τινες,
1430 1696 1470 1756 ἔτι
1480 1698 1507 1756 δέ
1523 1702 1645 1775 μαντεῖαι
1660 1699 1707 1759 καί
1725 1702 1795 1758 οίω-

1018 1786 1106 1865 νισμοί
1120 1786 1165 1845 καί
1180 1786 1316 1866 κληδόνες,
1328 1784 1374 1844 καί
1385 1785 1454 1843 αίλλα
1469 1784 1553 1856 ἄττα,
1572 1776 1609 1851 οἶς
1622 1808 1651 1843 τε
1665 1788 1794 1865 προσεῖχε

1019 1876 1097 1947 πάνυ,
1106 1874 1152 1933 καί
1159 1866 1197 1941 οἷς
1207 1876 1237 1935 τδ
1248 1874 1343 1952 μέλλον
1353 1876 1377 1933 οἱ
1386 1874 1518 1954 ἄνθρωποι
1532 1877 1678 1952 θηρῶνται,
1687 1873 1795 1932 ἅπαντα

1019 1965 1045 2029 ic
1069 1963 1162 2022 ταύτδν
1180 1962 1270 2043 ἔφερε,
1297 1962 1343 2021 καὶ
1362 1962 1482 2044 χρηστάς
1501 1964 1525 2021 οί
1548 1963 1664 2020 ὑπετίθει
1685 1963 1796 2029 ἐλπίδας

1020 2050 1153 2125 ἁλώσιμον
1174 2041 1239 2109 εἶναι
1259 2049 1308 2121 τὴν
1330 2050 1407 2110 πόλιν
1433 2051 1516 2131 αύτῷ.
1560 2049 1596 2129 (ε)
1620 2051 1795 2128 Ξυγεαλὶσας

1020 2132 1064 2199 ούν
1085 2137 1144 2205 τοῦς
1168 2142 1194 2197 ἐν
1208 2138 1278 2197 τέλει
1302 2136 1418 2211 πάντας,
1441 2138 1580 2220 σατράπας
1602 2139 1632 2197 τέ
1657 2162 1726 2218 φημι
1745 2140 1796 2199 καὶ

1020 2224 1180 2307 στρατηγούς
1193 2227 1239 2286 καί
1262 2225 1374 2306 ίλάρχας
1394 2227 1439 2287 καί
1456 2225 1649 2307 ταγματάρχας
1664 2227 1710 2285 καί
1728 2231 1795 2305 ἡγε-

1022 2315 1101 2392 μόνας
1109 2318 1161 2373 τῶν
1176 2314 1284 2388 τάξεων,
1298 2315 1344 2373 καί
1352 2314 1474 2389 ξύλλογον
1484 2314 1596 2385 ποιήσας
1606 2313 1680 2383 ἔλεξε
1688 2315 1795 2373 τοιάδε·

1061 2402 1136 2463 xii.
1152 2431 1164 2456 ι
1179 2401 1286 2482 Ἄνδρες
1300 2404 1369 2482 φίλοι
1382 2402 1427 2461 καλ
1438 2408 1487 2476 τῆς
1499 2403 1631 2483 ἡμετέρας
1641 2405 1740 2483 ἀρχῆς,
1753 2403 1798 2461 ὅτι

1021 2489 1069 2567 μίν
1078 2493 1102 2549 οί
1116 2491 1238 2571 ἡμέτεροι
1252 2492 1374 2572 πρόγονοι
1387 2490 1435 2561 τὴν
1452 2490 1537 2569 άρχὴν
1550 2490 1628 2563 τὴνδε
1638 2490 1671 2563 ἡν
1686 2491 1796 2569 ἔχομεν,

1023 2580 1090 2656 μετδι
1103 2580 1208 2638 πολλῶν
1226 2580 1335 2655 ἀγώνων
1349 2603 1379 2639 τε
1392 2578 1438 2638 καί
1451 2577 1576 2637 κινδύνων
1593 2581 1646 2637 τιῦν
1662 2576 1794 2655 μεγίστων

1024 2666 1168 2734 έκτὴσαντο
1183 2667 1229 2724 καί
1242 2668 1269 2733 ἔς
1285 2667 1361 2746 δεῦρο
1375 2668 1485 2745 διαδοχῇ
1499 2670 1532 2747 τῇ
1544 2668 1617 2746 σφῶν
1635 2668 1721 2725 αύτιῗιν
1739 2668 1797 2724 δια-

1024 2755 1171 2828 σώσαντες,
1195 2755 1258 2822 παῖς
1271 2752 1345 2836 παρίι
1378 2754 1477 2834 πατρὸς
1499 2755 1681 2833 ἐκδεχόμενοι,
1711 2755 1795 2835 παρέ·

1024 2845 1132 2924 πεμψαν
1147 2846 1173 2909 ἐς
1186 2841 1252 2918 spi,
1279 2842 1374 2908 πάντες
1386 2840 1443 2900 ’ίστε
1464 2842 1549 2915 δήπου
1571 2846 1677 2915 καλῶς,
1700 2845 1725 2901 οί
1746 2840 1796 2918 μὲν

1024 2933 1097 3005 ὑμῶν
1115 2928 1161 2988 καί
1184 2930 1302 2988 κοινωνοί
1321 2929 1395 2988 ἐνίων
1417 2928 1499 3008 ἔργων
1523 2933 1549 2989 ἐν
1566 2930 1640 3007 μέρει
1663 2930 1797 3008 γεγονότες

1025 3016 1144 3090 έκείνοις,
1162 3016 1269 3098 ὅσοιπερ
1287 3020 1314 3076 έν
1327 3018 1390 3098 τῇδε
1409 3022 1443 3096 τῇ
1463 3024 1509 3077 νῦν
1530 3018 1647 3093 μάλιστα
1666 3024 1797 3090 καθεστη·

1024 3104 1086 3185 κυίφι
1107 3105 1196 3185 ἡλικίφ
1210 3106 1354 3185 τυγχάνετε
1368 3103 1545 3184 πρεσόύτατοι
1559 3104 1647 3178 ὄντες,
1662 3108 1692 3163 οί
1706 3103 1734 3163 δέ
1749 3105 1799 3165 καί

1024 3191 1098 3272 παρὰ
1122 3198 1174 3253 τῶν
1198 3194 1318 3274 πατέριον
1340 3195 1406 3273 άκοῇ
1430 3193 1638 3275 παρειληφότες,
1663 3190 1718 3254 όσοι
1740 3196 1796 3251 νέοι

229 3415 244 3478 §
265 3417 288 3462 θ.
307 3412 407 3476 φρουρὰν
429 3410 519 3473 ἱκανὴν]
540 3410 705 3474 τετρακοσίους
732 3412 796 3466 νέους
816 3422 865 3459 see.
880 3413 976 3461 Ducam
989 3427 1014 3476 p.
1034 3415 1137 3467 246,19.
1150 3413 1161 3477 ἡ
1175 3440 1202 3449 -
1221 3416 1263 3463 ἕνα
1272 3420 1319 3463 τῶν
1335 3414 1592 3479 acaemetarum&
1600 3414 1674 3475 Ἅγαν
1687 3414 1801 3472 (fimus

201 3484 436 3549 Apa)ses.1)acam
457 3481 473 3531 1.
485 3482 502 3531 l.
521 3480 532 3543 11
552 3510 579 3522 -
597 3480 726 3543 ἐπάνεισιν]
744 3480 868 3530 Absolutis
881 3480 956 3531 rebus
970 3482 1079 3542 castelli,
1100 3484 1265 3534 Machemetes
1276 3484 1302 3533 in
1317 3498 1403 3547 agrum
1423 3483 1723 3547 comantuopalisanum
1740 3496 1799 3547 pro·

200 3556 280 3607 taetus
295 3568 380 3604 mures
400 3552 470 3603 urbis
487 3554 615 3613 iussusque
636 3552 743 3616 inspexit
762 3552 802 3601 die
819 3557 849 3603 23
865 3566 944 3602 mens.
963 3554 1066 3617 Augusti
1080 3559 1141 3605 621111
1155 3554 1237 3619 (1432)
1263 3554 1405 3617 (Pirantres
1422 3570 1449 3619 p.
1475 3560 1529 3606 231.
1547 3554 1587 3605 Cf.
1608 3553 1800 3616 Chaieowndyi,

200 3640 224 3691 p.
236 3630 289 3676 331.
301 3625 421 3675 Puseutus
433 3628 457 3683 3,
473 3622 600 3684 iit-366).
620 3622 802 3687 Adrianopoiinr
823 3624 949 3685 proiectus
968 3629 1007 3673 est
1024 3624 1104 3687 primo
1124 3624 1164 3674 die
1186 3639 1228 3674 an.
1255 3628 1326 3685 3931,
1348 3626 1401 3676 σίνε
1421 3626 1500 3689 primu
1513 3625 1553 3676 die
1575 3623 1714 3687 Septembr.
1741 3627 1800 3675 1432

201 3696 326 3757 (Phrantz.
337 3696 352 3744 1.
363 3695 401 3749 t).
415 3694 425 3757 ίΙ
438 3722 465 3735 -
478 3694 582 3756 δεύτερον
590 3691 625 3755 δὲ]
635 3693 775 3743 inauratior
783 3696 867 3743 Dueas
876 3706 900 3756 p.
915 3697 969 3754 243,
984 3698 1011 3744 21
1024 3711 1030 3744 ι
1041 3695 1086 3753 ἠδη
1098 3699 1139 3753 τῆς
1150 3695 1275 3757 ἡγεμονίας
1290 3696 1362 3744 αὐτοῦ
1376 3697 1496 3759 τρέχοντος
1511 3696 1618 3756 δωτὲρον
1628 3694 1702 3755 trous,
1713 3694 1761 3743 ἀπὸ
1774 3697 1801 3744 ἃ

200 3766 299 3821 κτίσεως
315 3764 407 3827 κόσμου
420 3763 500 3825 (ptri.

233 3838 286 3885 1111.
300 3832 424 3896 Βασίλεια]
437 3831 574 3883 Seadeddin
590 3838 613 3891 2,
628 3846 654 3895 p.
671 3837 714 3883 133
729 3853 734 3881 :
750 3833 776 3882 Il
793 3832 823 3882 re
835 3846 862 3882 ae
879 3831 904 3880 ιε’
920 3832 991 3883 nidd
1010 3833 1069 3883 atta
1081 3845 1131 3883 sua
1143 3834 1296 3896 felicissima
1310 3833 1444 3885 resideam
1470 3833 1497 3884 d'
1514 3833 1708 3897 Adrianopati.
1733 3832 1802 3882 dave

202 3907 293 3968 ainata
315 3900 504 3954 camarderio
523 3902 580 3952 aila
601 3902 705 3964 sponda
728 3901 774 3951 del
788 3900 872 3961 'dume
892 3900 1160 3965 Τνοςια(1.ο.2ωπ
1176 3902 1310 3967 11οῶ,ηοί
1329 3917 1405 3967 prope
1426 3903 1512 3954 urbem
1533 3903 1559 3952 in
1575 3901 1685 3952 Hebrum
1701 3901 1801 3963 induit)

202 3974 377 4040 fabricassem
391 3974 637 4037 rependendarum
653 3986 728 4022 econ
744 3974 888 4022 interdiana
899 3986 913 4021 e
923 3976 994 4022 mira
1006 3973 1034 4022 di
1042 3974 1173 4036 prendere
1188 3974 1419 4036 constantinopoli
1437 3972 1493 4037 fece
1510 3972 1619 4037 [οιιιίσνε
1635 3976 1801 4023 amiseratis·

203 4047 261 4109 simi
274 4047 347 4105 panzi
365 4043 553 4105 dartiqliastu.
570 4047 652 4095 Dusae
665 4058 690 4107 p.
706 4047 760 4103 249,
778 4048 787 4093 1
807 4045 890 4093 narrat
902 4044 1081 4095 Mechemeteru
1092 4046 1207 4102 (ianuar.
1220 4044 1297 4106 1433)
1308 4043 1441 4094 susannam
1452 4044 1520 4094 iilam
1532 4040 1710 4106 humandam,
1721 4057 1799 4107 quarn

203 4113 317 4163 Orbanns
334 4115 464 4176 Hungarus
481 4112 585 4176 fenerat,
603 4115 735 4165 mlloctsse
757 4116 886 4176 ἔμπροσθεν
898 4122 939 4170 τῆς
954 4114 1055 4177 μεγάλης
1066 4115 1139 4172 πύλης
1157 4120 1195 4172 τῆς
1207 4115 1277 4174 αύλῆς
1289 4120 1336 4163 τῶν
1344 4114 1465 4164 παλατίων
1476 4120 1524 4164 τῶν
1536 4114 1592 4176 παρ’
1606 4114 1680 4163 αὐτοῦ
1691 4115 1731 4163 ‘edi
1749 4116 1803 4171 ίτος

203 4184 278 4232 ἐκεῖνο
299 4185 446 4231 καυθέντων.
469 4184 583 4233 catenum
601 4184 641 4233 die
660 4183 738 4246 prirna
750 4183 841 4233 mensis
855 4183 970 4233 octobris
985 4188 1044 4234 1132
1057 4196 1102 4233 res
1115 4184 1270 4234 Turahanem
1280 4181 1368 4233 ducem
1379 4198 1436 4234 eum
1449 4184 1559 4234 exereitu
1569 4180 1802 4245 in‘Pelopnnnasum

204 4254 319 4311 miserat,
347 4255 376 4302 nt
399 4252 462 4302 belia
484 4254 613 4316 inpediret
633 4255 752 4304 ‘rhomam
774 4258 799 4304 et
811 4254 965 4303 Demetrium
982 4254 1097 4317 despotas
1112 4268 1143 4303 ne
1158 4255 1396 4305 consuntinoiratri
1409 4254 1594 4305 auxiliarentur.
1615 4252 1804 4317 Expeditionem

204 4324 281 4383 hane,
292 4321 361 4383 eujus
370 4334 448 4384 neque
457 4324 626 4386 Ducasnequa
636 4324 781 4374 critobuius
794 4324 965 4384 meminerint,
978 4328 1078 4374 ιιεττοιιί
1088 4324 1233 4385 Phrautres,
1253 4339 1279 4389 p.
1293 4330 1338 4374 233
1347 4339 1386 4388 sq.
1399 4328 1425 4374 et
1434 4324 1654 4387 Οίιείυοοοειθγίω,
1669 4338 1694 4387 p.
1703 4328 1749 4374 331
1762 4338 1803 4385 sq.

205 4395 288 4443 Menae
298 4390 428 4441 Decembri
442 4390 605 4443 Meehernetas
618 4392 790 4455 Didymotieho
802 4394 945 4456 (Dimoticn
955 4393 1030 4453 had.)
1039 4394 1191 4454 sumebatur,
1200 4393 1243 4443 uhi
1254 4394 1387 4444 Ατιίοιιίαιπ
1400 4394 1499 4444 θίατιιιη
1505 4396 1635 4450 Venatum„
1647 4394 1719 4456 eujus
1732 4393 1805 4443 navia

204 4463 230 4512 in
248 4463 355 4525 Bospara
372 4460 514 4510 bombardu
530 4462 644 4511 manime
657 4462 736 4525 iapida
750 4461 862 4513 demersa
884 4463 925 4525 (d.
945 4470 975 4513 2ο
991 4464 1133 4523 Noverunt„
1153 4477 1203 4514 see.
1214 4464 1315 4513 Barbsr.
1329 4478 1354 4527 p.
1370 4465 1399 4523 2)
1414 4465 1480 4524 erat,
1493 4463 1549 4528 palo
1565 4476 1609 4527 par
1621 4475 1697 4511 snsun
1713 4462 1805 4511 adacto

205 4532 287 4584 necari
297 4529 379 4594 jussit·
396 4530 458 4579 Hine
471 4529 586 4594 deinceps
613 4545 695 4581 mense
711 4532 824 4581 ianuario
842 4536 898 4583 1453
911 4532 1092 4596 adrianopolim
1112 4547 1227 4584 resersus
1247 4537 1285 4583 est
1306 4536 1402 4597 (Duces
1410 4548 1435 4597 p.
1448 4538 1502 4593 219,
1518 4534 1575 4595 21),
1589 4533 1600 4596 ΙΙ
1612 4559 1645 4570 -
1659 4533 1750 4582 biotae
1762 4534 1804 4581 ui

206 4602 302 4667 ίξωθεν]
317 4603 376 4651 iliae
387 4600 482 4650 addidit
494 4614 581 4652 manus
595 4602 710 4653 secunda.
732 4602 742 4666 ΙΙ
756 4603 813 4666 -§
828 4610 851 4653 2.
867 4604 987 4667 ἐμθάλλιι]
999 4606 1099 4654 ivstitia
1109 4604 1195 4654 andex.

237 4675 303 4722 xm.
322 4672 337 4734 §
354 4676 375 4721 1.
391 4672 418 4719 θν
438 4671 506 4719 aaa
526 4670 653 4733 λογισμόν]
673 4672 713 4721 Gi.
733 4674 816 4721 Duces
832 4686 858 4736 p.
876 4675 931 4732 243,
950 4678 979 4721 111
1001 4673 1104 4738 ιἜχων
1117 4672 1159 4722 οῦν
1178 4677 1192 4723 θ
1212 4674 1306 4735 ἡγεμὼν
1321 4675 1361 4722 καί
1384 4674 1408 4722 ίν
1426 4675 1491 4723 νυκτί
1506 4674 1547 4722 καί
1570 4673 1645 4737 ἡμέρᾳ
1663 4675 1704 4733 τὴν
1722 4676 1805 4723 πᾶσαν

206 4742 314 4805 φροντίδα
336 4742 375 4790 καί
396 4742 519 4803 με’ριμναν,
543 4742 686 4803 κοιτώμενος
705 4743 745 4790 καί
764 4742 915 4803 ἀνιστάμενος
940 4744 981 4792 καί
1002 4744 1065 4800 ίντθς
1081 4750 1122 4802 τῆς
1143 4744 1215 4800 αὐλῆς
1235 4744 1307 4793 αὐτοῦ
1327 4745 1368 4792 καὶ
1388 4743 1467 4800 ἐκτός,
1487 4744 1549 4806 ποίῳ
1566 4746 1663 4806 πολέμῳ
1681 4744 1723 4791 καὶ
1744 4742 1805 4804 τοία
1826 4798 1829 4801 ,

208 4817 301 4874 μηχανῇ
312 4812 401 4868 καθέξει
415 4813 457 4869 τὴν
470 4812 725 4873 Κωνσταντινοιίπολιν,
746 4813 793 4862 etc.
812 4812 849 4862 ld.
871 4826 896 4875 p.
915 4818 969 4873 252,
984 4818 994 4862 1
1006 4831 1012 4861 :
1025 4814 1067 4870 τὰς
1080 4813 1159 4870 πάσας
1177 4812 1218 4863 οῦν
1228 4814 1313 4870 νύκτας
1324 4813 1411 4869 ἐκείνας
1429 4814 1475 4863 οῦκ
1491 4814 1555 4862 έλιπε
1566 4812 1747 4876 διανυκτερεύειν
1761 4815 1803 4860 καὶ

209 4887 322 4944 μεριμνῶν
336 4882 365 4930 τὰ
379 4882 440 4931 κατὰ
453 4888 494 4940 τῆς
513 4882 617 4943 πόλεως,
631 4882 755 4941 λαμόάνων
768 4883 792 4932 tv
809 4884 876 4946 χερσὶ
892 4882 982 4946 χάρτην
995 4885 1035 4933 καί
1051 4887 1139 4947 μελανα
1154 4887 1357 4949 καὶ’σκιαγραφο·ον
1371 4885 1413 4942 τήν
1428 4884 1541 4947 περιοχὴν
1556 4890 1598 4943 τῆς
1616 4886 1714 4939 πόλεως.
1773 4910 1803 4918 -

209 4951 341 5015 μελλὴσιιν]
352 4954 460 5015 μέλλησιν
473 4950 527 5001 cod.
541 4952 592 5015 ll-
600 4952 615 5016 §
624 4957 647 5003 3.
661 4953 699 5001 διά
708 4969 744 5001 τοι
759 4952 843 5015 τοῦτο]
854 4970 890 5002 τοι
906 4960 994 5002 mani
1008 4953 1128 5003 additum.
1141 4954 1152 5018 ΙΙ
1169 4980 1201 4991 -
1218 4954 1234 5017 §
1246 4955 1270 5003 i.
1284 4952 1398 5016 μαντεῖαι]
1420 4954 1457 5004 De
1470 4952 1592 5004 runcinis
1604 4967 1661 5017 quas
1672 4950 1742 5017 apud
1753 4954 1806 5002 Os-

210 5032 296 5069 manos
312 5020 461 5085 terebantur,
473 5020 524 5071 rid.
535 5023 652 5072 Hammon
662 5024 682 5084 1,
697 5035 721 5084 p.
734 5026 777 5072 524
788 5036 825 5085 sq.
843 5022 854 5086 ΙΙ
873 5047 903 5057 -
913 5020 986 5085 ἅττα]
1000 5022 1141 5072 αταιοθυτ.

240 5088 305 5141 inv.
321 5092 358 5141 Gi.
372 5092 450 5143 aratia
468 5092 627 5143 Machametia
642 5106 681 5156 ap.
694 5093 828 5143 Puaeuium
846 5098 870 5150 3,
884 5096 951 5143 2351
963 5130 971 5152 ,
983 5093 1027 5143 ubi
1040 5096 1099 5156 post
1108 5106 1190 5155 regern
1200 5094 1310 5156 loquitur
1323 5094 1402 5144 Ghutil
1420 5094 1512 5144 beilum
1527 5094 1672 5145 dissuadens
1685 5094 1805 5160 (tt-92).

211 5164 238 5213 et
255 5162 369 5226 deinceps
384 5164 448 5227 ragis
466 5163 566 5213 canalia
584 5164 690 5228 probans
708 5166 819 5226 Zaganus
838 5162 1011 5227 (1113113111
1030 5190 1056 5198 -
1071 5162 1086 5226 §
1099 5168 1119 5211 1.
1139 5164 1231 5228 ἀρχῆς]
1248 5167 1326 5228 supra
1345 5164 1463 5227 seriptum
1481 5167 1519 5216 est
1535 5166 1613 5226 αὐλῆς.
1637 5164 1806 5229 thiam
