3809 5859
231 357 271 417 80
650 353 852 416 CRiTOBULI
873 353 1140 417 Hisnournnnn
1159 356 1233 417 LiB.
1255 357 1279 429 1,
1301 358 1408 419 :nn-36.

229 486 330 563 ματαία
352 484 472 558 δαπάνη,
494 488 546 544 τῶν
568 488 694 567 μηχανῶν
708 486 738 544 τδ
756 494 808 545 πᾶν
829 507 1000 567 κατεργααα-
1054 486 1133 569 φόρου
1147 490 1264 568 τυχοῦσα
1278 486 1406 560 τοσαύτην
1417 488 1523 560 ἐποίησε
1539 488 1623 569 φλόγα
1636 490 1682 549 καὶ
1699 496 1836 550 τοσοῦτον

229 574 323 649 μένων.
943 620 946 626 -
982 618 987 625 -
1053 575 1120 655 ἤρθη
1131 576 1273 654 μετέωρος,
1287 576 1381 643 ώςκαλ
1394 579 1448 635 τῶν
1467 576 1600 647 ἐπάλξεων
1614 581 1703 637 αύτῶν
1721 584 1816 658 ὕστερα

266 662 391 723 xxxli.
418 658 463 721 Ἐν
481 660 535 741 ὅσῳ
550 660 675 720 δὲταῦτα
700 660 814 739 ἐγίνετο,
836 666 850 723 δ
876 662 999 741 βασιλεὺς
1054 659 1167 733 ναύῆναι
1180 662 1226 720 καλ
1243 664 1268 729 ἐς
1287 662 1321 721 τά
1347 662 1401 722 έσω
1420 668 1467 722 τοῦ
1485 663 1608 744 φρουρίου
1626 671 1757 745 χεθῆναι,
1782 670 1833 725 καὶ

230 744 369 809 ἀναλαύών
384 770 457 815 τινας
469 753 522 809 τῶν
537 748 636 817 τάξεων
653 749 698 808 καὶ
715 750 763 823 τὴν
782 750 921 830 βασιλικὴν
939 750 999 820 ἴλην
1053 748 1215 828 καταφλέξαι
1224 749 1397 817 πολλοθςπῶν
1420 752 1547 831 έναύτῶ,
1569 755 1669 828 μᾶλλον
1689 753 1719 812 δέ
1733 753 1834 832 ὀλίγου

228 844 332 907 πᾶσαν,
348 834 390 914 ᾔει
406 833 449 893 ἐπὶ
470 834 560 907 τὸτοῦ
574 836 724 915 Θεραπείου
738 836 875 919 φρούριον,
890 837 998 916 ἐρυμνά·
1053 837 1143 909 ἰδέησε
1162 838 1262 905 πάντας
1285 840 1431 920 διαφθεῖραι
1448 839 1507 906 τοῖς
1531 839 1614 901 ένδον.
1664 844 1700 919 (ε)
1727 841 1834 919 Ὅμως

228 946 304 984 τατον
324 924 411 995 πάνυ,
430 923 477 983 καὶ
499 924 643 996 ἐπιστήσας
665 924 787 1003 μηχανάς
809 923 944 987 κατέσεισέ
970 948 1000 983 τε
1052 949 1083 1003 γε
1098 925 1153 999 μὴν
1173 928 1198 985 oi
1212 927 1431 1007 περιλειφθέντες,
1450 927 1524 1003 μόλις
1544 927 1589 987 καὶ
1609 929 1677 1006 μετὰ
1701 930 1833 988 κινδύνου

228 1012 274 1071 καῖ
288 1010 428 1091 κατέρριψε
442 1010 536 1070 τούτου
544 1011 578 1071 ,τδ
589 1012 681 1072 πλέον·
696 1013 742 1071 καλ
754 1016 807 1071 τῶν
819 1014 891 1080 έντδς
906 1013 999 1071 πολλοὶ
1053 1014 1150 1073 πολλοῦ
1168 1014 1320 1091 διαδράντες
1338 1014 1369 1073 τὸ
1388 1019 1450 1093 πῦρ,
1463 1014 1669 1095 προσεχώρησαν
1693 1020 1772 1097 αύτῷ
1787 1017 1836 1076 καῖ

229 1100 357 1159 ἀπέθανον
372 1103 425 1163 τοῖς
439 1098 492 1157 ἀπὸ
503 1102 555 1158 τῶν
574 1103 700 1178 μηχανῶν
722 1098 815 1173 λίθοις,
837 1103 860 1159 oi
879 1101 906 1159 δὲ
927 1123 1001 1179 περι·
1054 1101 1115 1160 άνευ
1130 1102 1285 1179 ὁμολογίας·
1299 1101 1343 1168 οῦς
1353 1101 1399 1160 καλ
1410 1100 1499 1160 λαύών
1514 1102 1700 1182 αῖχμαλώτους
1713 1104 1836 1177 πάντας,

228 1185 373 1267 λειφθέντες
393 1189 444 1243 τῶν
466 1190 583 1265 φρουρῶν
600 1187 630 1244 οὐ
649 1186 788 1259 δυνάμενοι
801 1187 917 1267 ἀντέχειν
942 1186 998 1257 ίτι,
1053 1188 1112 1253 τοῦς
1131 1186 1178 1263 μέν
1192 1185 1330 1267 οἰκήτορας
1344 1189 1473 1265 ἀπέδοτο,
1491 1188 1550 1256 τοὺς
1562 1188 1590 1248 δέ
1608 1192 1835 1273 περιλειφθέντας

229 1272 437 1352 προσεχώρησαν
459 1272 585 1351 ὁμολογίᾳ
600 1272 752 1352 χρήσασθαι
764 1274 850 1342 αὐτοῖς
870 1274 924 1332 ὅτι
939 1273 1001 1352 βού-
1052 1276 1105 1332 τῶν
1118 1276 1237 1355 φρουρῶν
1253 1274 1397 1338 ἀπέκτεινε.
1417 1275 1471 1335 Καὶ
1483 1282 1568 1336 ταῦτα
1584 1276 1632 1352 μέν
1644 1278 1746 1359 ταύτῃ.

230 1364 315 1421 λοιτο·
327 1365 341 1419 θ
352 1360 379 1419 δέ
389 1359 576 1421 ἀνεσκολόπισε
588 1362 692 1427 τούτους
706 1361 903 1441 τεσσαράκοντα
914 1362 1000 1428 ὄντας.
1095 1361 1230 1422 XXXIV.
1252 1360 1384 1440 Ῥωμαῖοι
1405 1362 1433 1422 δέ
1451 1365 1496 1423 καὶ
1512 1364 1665 1443 Ἰυεστῖνος,
1686 1367 1719 1427 τὸ
1742 1379 1838 1448 τεῖχος

231 1452 263 1526 (ε)
281 1452 407 1509 Κάκεῖθεν
420 1449 460 1527 ἐφ’
477 1446 566 1527 έτερον
576 1447 619 1526 ᾔει
632 1448 754 1528 φρούριον
766 1450 892 1509 Σπουδίου
908 1447 1002 1508 καλού·
1054 1450 1164 1527 δρῶντες
1177 1447 1260 1515 οῦτως
1275 1451 1388 1529 ἰσχυρῶς
1404 1451 1455 1511 ύπδ
1468 1456 1521 1511 τῶν
1535 1457 1664 1532 μηχανῶν
1682 1458 1836 1516 κατασειό·

231 1555 321 1608 μενον,
333 1536 378 1593 καλ
394 1534 459 1593 αὐτὸ
473 1535 632 1603 κατασείσας
645 1540 704 1601 ταῖς
716 1541 848 1615 μηχαναῖς
860 1536 905 1595 καῖ
917 1560 1002 1595 κατα·
1055 1558 1130 1612 μενον
1140 1536 1185 1594 καλ
1207 1534 1392 1615 ῥιπτούμενον,
1405 1538 1436 1597 τό
1445 1561 1476 1598 τε
1485 1538 1555 1606 ἐντός
1568 1540 1638 1599 τότε
1653 1542 1739 1616 ἐκτὸς,
1749 1548 1832 1623 πρῶ·

232 1622 322 1682 ύαλὼν
349 1621 497 1697 αὐθημερόν
522 1623 723 1703 παρεστήσατο,
749 1625 793 1683 καλ
815 1623 872 1691 τώς
905 1625 1002 1703 ἄνδρας
1055 1645 1098 1681 τον
1112 1622 1160 1699 μέν
1170 1622 1381 1701 δοκοθςμεγάλας
1390 1624 1541 1695 ἐξάπτοντες
1549 1627 1645 1687 ἀνωθεν
1655 1635 1703 1688 τοῦ
1714 1630 1836 1709 τείχους,

231 1709 447 1781 άνεσκολύπισεν,
472 1709 577 1789 ἀγαγὼν
592 1711 664 1791 παρά
680 1711 710 1769 τὸ
725 1718 810 1792 τεῖχος
823 1716 869 1783 τῆς
885 1713 1001 1789 πόλεως,
1056 1710 1101 1769 καί
1116 1709 1227 1789 βρόχους
1239 1709 1394 1788 ἐξαρτῶντες
1404 1711 1450 1770 καλ
1466 1713 1564 1778 σάκτας
1581 1712 1678 1789 μεστάς
1689 1716 1775 1793 ἐρίων
1788 1718 1837 1775 καὶ

230 1798 274 1857 ίνα
288 1796 321 1869 δν)
334 1808 490 1878 καταφανεῖς
504 1790 564 1859 τῖεν.
1056 1795 1125 1854 ἄλλα
1138 1802 1245 1855 τοιαῦτα
1259 1795 1466 1877 περιύάλλοντες
1480 1798 1593 1857 ἀνέκλων
1605 1803 1640 1866 ὡς
1652 1802 1771 1861 δυνατὸν
1784 1803 1836 1875 τὴν

276 1888 414 1947 xxiilii.
435 1886 512 1947 Κατά
525 1886 551 1945 ἀὲ
568 1886 614 1954 τάς
628 1886 706 1953 αὐτάς
722 1888 823 1967 ἡμέρας
836 1884 881 1945 καῖ
900 1886 1004 1945 Παλτό-
1055 1883 1136 1964 φοράν
1150 1885 1202 1941 τῶν
1213 1883 1292 1942 λίθων
1307 1884 1352 1944 καλ
1365 1883 1538 1954 ἐξεκαύλιζον.
1584 1885 1620 1964 )τ)
1632 1886 1683 1955 Ὡς
1701 1889 1730 1949 δέ
1746 1897 1837 1949 ταῦτα

232 1976 297 2053 γλης
310 1979 324 2033 θ
336 1979 382 2033 τοῦ
394 1976 486 2035 στόλου
500 1974 606 2053 ἡγεμών
619 1972 667 2041 τὰς
681 1976 729 2053 μὲν
747 1972 854 2040 πλείους
872 1976 924 2031 τῶν
938 1977 1003 2031 νεῶν
1059 1969 1144 2051 βραχύ
1167 1971 1214 2029 καὶ
1234 1970 1306 2033 odiis
1327 1971 1344 2030 ό
1360 1971 1445 2030 τεκαὶ
1463 1972 1541 2049 λόγου
1559 1973 1630 2043 ἀξιον
1651 1975 1752 2053 ἤνυεν,
1765 1980 1838 2036 άλλά

198 2051 200 2060 “
234 2066 311 2121 αὐτοῦ
324 2062 462 2122 κατέλιπεν
478 2065 598 2143 ἐφορμεῖν
608 2064 646 2143 τῷ
656 2062 767 2135 στόματι
780 2066 826 2121 τοῦ
839 2059 944 2138 λιμένος
954 2062 1000 2119 καὶ
1056 2060 1143 2119 πάντα
1160 2059 1283 2137 διελίκμα
1297 2059 1343 2119 καῖ
1364 2061 1526 2131 διεσκέδαζεν
1544 2065 1562 2133 ἡ
1582 2066 1707 2141 μηχανὴ,
1727 2068 1780 2124 καὶ
1805 2069 1836 2124 τὸ

233 2154 266 2229 τῇ
281 2148 389 2223 ἁλύσει,
413 2156 458 2209 τοῦ
474 2150 511 2223 μή
523 2174 548 2209 τι
563 2152 683 2211 ἐσπλέειν
696 2149 714 2220 ἢ
729 2148 864 2221 ἐκπλέειν,
885 2147 963 2214 αὐτὸς
976 2148 1004 2207 δέ
1056 2156 1142 2228 τεῖχος
1160 2148 1331 2229 κατέρριπτεν
1347 2148 1412 2226 (ἤδη
1432 2149 1484 2229 γάρ
1503 2150 1569 2208 πολύ
1584 2174 1610 2207 τι
1623 2152 1764 2211 κατέπεσε
1789 2160 1837 2211 τοῦ

234 2235 373 2297 ἀναλαύὼν
388 2236 433 2306 rie
446 2236 554 2307 λοιπάς,
563 2238 739 2304 ’κελεύσαντος
751 2234 889 2317 βασιλέως,
900 2237 1006 2294 ἐπιπλεῖ
1058 2241 1152 2316 μικροῦ
1166 2236 1281 2315 τείχους,
1296 2234 1363 2295 ἀλλά
1379 2235 1406 2293 δὲ
1420 2234 1465 2295 καλ
1480 2241 1527 2295 τοῦ
1538 2236 1653 2314 μεγάλου
1671 2238 1720 2297 δύο
1733 2240 1836 2319 πύργοι

235 2329 267 2405 τῇ
288 2324 427 2407 Πριγκίπῳ
441 2323 528 2404 νήσῳ·
542 2317 574 2397 ἦν
596 2326 618 2385 δ’
633 2329 687 2386 ἐκεῖ
706 2324 825 2405 φρούριον
839 2324 1005 2405 ἀσφαλέστα·
1057 2323 1103 2382 καὶ
1122 2322 1332 2403 μεταπύργια),
1357 2323 1422 2382 ἀλλο
1444 2346 1470 2380 τι
1493 2326 1632 2384 ἐπινοοῦσι·
1650 2326 1764 2405 κεραίας
1782 2352 1831 2403 με·

234 2434 294 2485 τον,
307 2412 425 2491 φυλακὴν
439 2412 499 2491 ἐχον
511 2413 584 2480 έντδς
601 2412 697 2493 ἀνδρας
710 2409 911 2493 καταφράκτους
924 2408 1003 2487 τριά-
1058 2411 1141 2489 γαλας
1164 2408 1340 2487 ἐπαγαγόντες
1356 2409 1536 2490 ἀπεσταύρουν
1549 2411 1618 2470 κατὰ
1630 2409 1664 2470 τά
1675 2435 1834 2492 παρερρηγ·

234 2522 324 2571 κοντα,
340 2499 400 2558 ἀνευ
415 2500 533 2576 μέντοιγε
544 2504 596 2559 τῶν
610 2499 762 2579 οἰκητόρων.
804 2497 837 2577 (ε)
855 2501 1006 2576 Περισταυ-
1060 2498 1126 2575 μένα
1139 2502 1184 2555 τοῦ
1196 2496 1312 2576 τείχους,
1323 2497 1393 2574 λέγω
1406 2496 1433 2555 δὲ
1440 2502 1486 2556 τοῦ
1499 2496 1584 2571 έκτδς,
1596 2497 1747 2567 ξυνδέοντες
1755 2502 1838 2568 αύτάς

235 2586 320 2665 φώσας
338 2578 382 2645 οῦν
399 2586 463 2645 αιἰτδ
478 2588 522 2647 καλ
540 2586 662 2666 μηχανάς
676 2584 853 2669 προσαγαγὼν
868 2588 906 2663 τῷ
922 2583 1005 2663 τείχει
1059 2588 1186 2667 ἰσχυρῶς·
1216 2585 1261 2643 κεῖ
1293 2583 1358 2657 ύλην
1381 2583 1489 2653 ταύταις
1524 2586 1665 2667 ἐπεφόρουν
1703 2592 1838 2647 παντοίαν

235 2674 369 2735 κατέσεισε
390 2672 438 2751 μέν
451 2698 477 2735 τι
496 2676 573 2755 μέρος
586 2674 677 2737 τούτου
691 2674 735 2735 καῖ
752 2675 906 2754 κατέρριψε,
923 2696 1005 2754 προσ-
1057 2672 1135 2732 λίθων
1151 2671 1196 2731 καὶ
1216 2670 1312 2744 ξύλων,
1334 2672 1462 2751 φακέλους
1475 2695 1503 2730 τε
1520 2671 1622 2752 χόρτων
1643 2676 1835 2735 παντοδαπῶν

237 2762 327 2822 ύαλῶν
347 2762 375 2821 δέ
399 2762 445 2821 καλ
461 2764 590 2845 πειράσας
609 2763 700 2843 τρόπῳ
716 2762 795 2823 παντὶ
820 2764 867 2821 ούκ
887 2761 1004 2833 ἠδυνήθη
1058 2760 1102 2819 καὶ
1112 2759 1280 2836 κληματίδων
1294 2758 1339 2819 καῖ
1351 2760 1478 2837 καλάμων
1489 2761 1534 2819 καλ
1545 2762 1632 2819 ἄλλων
1646 2764 1757 2820 πολλῶν
1769 2764 1836 2835 μετέ

235 2850 306 2927 ὅμως
328 2852 409 2910 έλεῖν·
430 2849 503 2917 τέλος
528 2850 614 2919 ἔδοξεν
636 2854 707 2931 αὐτῷ
727 2855 781 2932 πῦρ
806 2852 944 2929 ἐπαφεῖναι
967 2850 1005 2927 τῷ
1059 2850 1144 2921 πηλοῦ
1165 2847 1334 2925 μεμιγμένων
1361 2847 1493 2927 φορμηδον
1523 2846 1694 2921 ξυντιθέντες,
1719 2851 1770 2907 καὶ
1802 2852 1832 2908 τὸ

237 2938 351 3019 φρουρίῳ
374 2938 419 2997 καῖ
438 2949 563 3019 πειρᾶσαι
578 2942 601 2999 ὲῖ
616 2938 734 3012 δύναιτο,
748 2938 895 3015 πνεύματος
915 2936 1006 3015 ἐπιφό-
1061 2933 1203 3015 σταύρωμα
1222 2936 1248 3002 ἐς
1263 2933 1327 3017 θψος
1348 2936 1473 3016 αἴροντες,
1516 2935 1552 3014 (i)
1567 2935 1837 3015 Προκαλύμματαδ

241 3048 286 3105 ρου
310 3023 508 3102 ἐπιγενομένου,
531 3025 691 3107 καταφλέξαι
718 3024 791 3087 αὐτό.
834 3028 868 3102 (ο)
896 3025 1005 3085 Κελεύει
1059 3017 1127 3097 ἦσαν
1142 3028 1174 3104 τῇ
1189 3046 1216 3082 τε
1236 3022 1286 3102 ύλη
1300 3022 1347 3081 καλ
1367 3027 1405 3102 τῷ
1424 3020 1594 3102 σταυρώματι
1615 3024 1717 3101 δέρρεις
1731 3028 1782 3084 καὶ
1799 3030 1836 3086 δι-

235 3112 320 3173 τοίνυν
334 3114 460 3192 φακέλους
475 3112 538 3186 ύλης
553 3116 723 3185 παντοδαπῆς
735 3112 863 3189 καλάμων
876 3112 921 3173 καὶ
942 3115 1006 3184 κλη·
1059 3110 1167 3189 φθέραι,
1180 3113 1227 3169 τοῦ
1238 3106 1275 3186 μὴ
1289 3109 1430 3187 τωρφόροις
1441 3110 1536 3176 ὀϊστοῖς
1544 3110 1721 3187 βλάπτεσθαι.
1727 3111 1795 3172 ’En
1810 3114 1836 3172 δὲ

240 3199 353 3275 ματίδων
368 3200 413 3260 καῖ
426 3200 526 3281 χόρτων
540 3202 586 3260 καλ
601 3201 687 3261 ἄλλων
701 3202 854 3280 εύπφήστων
878 3200 918 3258 ύτε
934 3201 1006 3259 πλεί·
1064 3200 1145 3277 χῶμα
1166 3196 1234 3272 μέγα
1255 3194 1332 3275 ἔχουν
1346 3198 1399 3256 ἀπὸ
1412 3200 1465 3255 τῶν
1483 3197 1555 3264 ἐνέοι
1570 3197 1714 3259 ἀντίπαλον
1732 3200 1838 3267 τούτοις

237 3286 497 3366 στουςτῆνταχίστην
503 3288 633 3360 νήσαντες
639 3287 819 3372 έπιφορεῑνκαλ
825 3286 1007 3367 παραύάλλειν
1059 3308 1149 3367 προσε·
1161 3290 1197 3354 ῶς
1211 3280 1331 3364 βοήθειάν
1346 3308 1376 3345 τε
1389 3288 1428 3366 τῷ
1447 3284 1620 3364 σταυρώματι
1634 3287 1680 3347 καῖ
1695 3289 1753 3346 ἀντὶ
1776 3288 1835 3346 τεί-

236 3378 274 3454 τῷ
288 3373 381 3453 τείχει.
399 3373 452 3435 Καὶ
466 3373 558 3434 τούτου
577 3374 691 3453 τάχιστα
709 3373 843 3453 γεγονότος
858 3374 900 3433 διά
922 3376 1005 3432 πολυ·
1059 3396 1121 3452 χους
1133 3395 1214 3445 ειναι,
1229 3371 1285 3449 ἅμα
1296 3372 1338 3445 δέ,
1356 3370 1399 3430 ῖνα
1412 3373 1487 3431 καλό
1506 3372 1576 3441 λίθος
1592 3376 1662 3450 μετά
1682 3374 1737 3454 βίας
1748 3376 1835 3453 φερέ·

235 3461 338 3541 χειρίαν
355 3461 400 3520 καὶ
415 3466 462 3530 τῆς
477 3461 541 3533 ύλης
552 3464 577 3528 ἐς
589 3462 652 3541 ὕψος
665 3462 799 3543 ἀρθείσης,
816 3468 868 3543 πῦρ
891 3460 1004 3527 ἐπιύάλ-
1061 3484 1138 3537 μενος
1151 3459 1371 3539 καταχωννύηταε
1389 3461 1514 3541 μελθακῇ
1529 3460 1575 3518 καῖ
1591 3461 1700 3541 εύείκτῳ
1717 3464 1838 3540 προσπί-

236 3552 311 3608 λουσι
334 3549 417 3629 ταύτῃΙ
432 3549 475 3618 ξύν
496 3549 556 3630 θείῳ
580 3550 625 3608 καὶ
647 3549 730 3629 ιτίσσρΙ
752 3550 905 3629 ἀνάψαντας.
926 3548 961 3609 Ἡ
983 3551 1006 3609 δ’
1061 3570 1134 3607 πτων
1148 3551 1185 3627 τῇ
1198 3546 1291 3629 γῇ-καλ
1305 3545 1342 3624 μὴ
1359 3545 1505 3614 ἀντιτύποις
1522 3548 1568 3607 καὶ
1581 3550 1706 3628 σκληροῖς
1717 3574 1839 3630 προσπε-

237 3636 310 3705 εύθὺς
330 3636 478 3717 δραξαμένη
493 3642 582 3698 τετοῦ
603 3637 699 3717 πυρὸς,
719 3637 766 3696 καὶ
783 3636 930 3713 πνεύματος
950 3640 1008 3696 ἐπι·
1062 3637 1149 3705 λάζων
1175 3635 1247 3715 ῥῆξιν
1273 3634 1424 3712 ἐργάζηται.
1477 3636 1511 3713 (ι)
1540 3634 1651 3695 Ἐπάεω
1675 3637 1704 3695 δέ
1731 3644 1783 3698 τοῦ
1810 3663 1838 3695 τε

240 3804 365 3854 ῑιιοίσιιΙιιε
377 3804 408 3853 nb
420 3804 547 3869 oppidanis
559 3804 671 3855 deiectus
683 3807 722 3854 esi
732 3804 790 3854 binii
803 3803 894 3853 mensis
908 3804 947 3853 die
961 3805 1032 3863 xvi,
1045 3802 1133 3853 deinde
1147 3802 1189 3851 elii
1203 3800 1292 3851 diebus
1310 3804 1359 3850 xx.
1375 3803 1461 3850 XMV.
1478 3803 1553 3862 ΧΗ,
1567 3805 1595 3851 ui
1616 3802 1730 3867 pluribus
1764 3818 1841 3854 unm

237 3876 359 3925 Burburus
373 3890 397 3938 p.
413 3879 453 3937 4ο,
470 3879 509 3926 44.

269 3948 368 3997 xxxii.
384 3949 445 4005 Quen
459 3960 512 4009 cap.
526 3951 556 3997 32
571 3949 596 3995 et
608 3950 637 3997 33
649 3946 681 3996 de
693 3945 851 4001 Meobemeiis
864 3949 889 3996 et
899 3945 1016 4009 i‘niiopins
1024 3943 1207 3994 excursionibus
1217 3944 1357 4002 numnius,
1370 3941 1470 3991 aliunde
1482 3956 1530 3992 non
1538 3944 1659 3992 norimus.
1672 3946 1727 3993 See.
1738 3945 1839 3993 Barba·

238 4028 328 4079 rump.
349 4023 377 4065 22
402 4016 487 4067 elassis
498 4019 634 4066 'turcorum
650 4016 681 4066 sd
702 4016 895 4081 Dipioneioniurn
911 4016 969 4066 inde
985 4014 1017 4064 ab
1035 4014 1124 4078 Aprilis
1141 4013 1182 4064 die
1193 4012 1340 4063 duodecimo
1352 4012 1482 4062 innnroris
1499 4016 1568 4061 stans
1583 4012 1693 4074 quietern
1708 4014 1778 4077 epit,
1790 4016 1839 4063 nisi

239 4086 301 4135 ioris
314 4087 384 4135 naris
396 4087 510 4149 quondum
522 4088 578 4139 inde
591 4088 623 4137 nd
637 4089 765 4142 castelium
776 4101 867 4138 nonum
884 4088 923 4138 vei
935 4088 960 4137 in
975 4100 1045 4135 οιειο
1060 4085 1192 4135 Asiaticum
1207 4097 1262 4135 sese
1275 4084 1388 4134 eontulit.
1399 4086 1455 4142 Quo
1466 4086 1575 4147 tempore
1589 4086 1659 4145 ςεεῑε
1669 4085 1720 4134 sint
1741 4100 1806 4148 quae
1825 4100 1840 4134 ε

238 4156 367 4206 critobulo
386 4170 410 4208 o.
425 4162 454 4209 32
471 4162 496 4209 ni
514 4164 544 4209 33
561 4164 700 4221 narrantur,
717 4160 809 4210 oeriius
827 4159 927 4222 quidem
939 4158 989 4209 diei
1001 4158 1100 4220 nequii,
1112 4171 1191 4219 quum
1204 4157 1230 4205 in
1241 4170 1297 4219 sqq.
1313 4155 1423 4205 ordinem
1445 4168 1528 4204 rerum
1540 4154 1739 4217 ebronologioum
1751 4157 1840 4220 negde-

237 4228 306 4274 eium
322 4224 462 4287 rideamus3
474 4228 599 4291 probabile
612 4230 695 4278 iumen
706 4232 744 4279 est
757 4242 772 4277 ε
784 4227 892 4291 Peitogie
907 4241 948 4277 res
959 4230 1041 4289 putas
1049 4239 1104 4277 esse
1121 4229 1178 4275 unte
1186 4238 1293 4289 pugnum
1302 4224 1423 4281 medem,
1436 4236 1511 4286 quern
1524 4222 1599 4273 Turu'
1610 4223 1701 4286 Aprilis
1712 4224 1758 4275 die
1769 4227 1840 4275 rine-

238 4301 301 4351 simo
320 4314 377 4350 cunr
398 4302 567 4353 Genuensibus
585 4304 761 4353 commiserunt
773 4304 813 4367 (r.
835 4304 928 4354 critob.
946 4316 1001 4367 οεφ.
1021 4302 1083 4364 42),
1099 4301 1259 4351 Μεεθεευεέίε
1277 4315 1337 4351 vero
1352 4300 1528 4364 expeditionem
1547 4304 1687 4363 suseepum
1701 4314 1763 4351 osse
1783 4309 1842 4353 ante

238 4370 329 4432 Aprilis
341 4369 407 4419 diem
422 4370 699 4436 drrodevieesimum(r.
717 4386 771 4436 onp.
784 4376 837 4431 35).
857 4372 867 4436 ))
885 4404 913 4416 -
928 4370 1074 4434 θεραπείαν]
1087 4370 1205 4433 θεραπεία
1218 4383 1293 4433 ευρπε
1311 4370 1403 4433 seripto
1414 4387 1459 4429 ου,
1470 4368 1533 4419 adeo
1546 4371 1575 4417 ui
1585 4381 1674 4419 nomen
1692 4368 1744 4420 iooi
1766 4372 1843 4427 tuerit

237 4441 265 4488 τὸ
284 4442 425 4502 θεραπεῖονς
440 4440 513 4490 bodie
526 4442 643 4505 θεραπεία
656 4446 772 4498 νοοεθιιις
785 4445 912 4504 θεραπεῖαι
926 4439 994 4503 apud
1011 4442 1138 4491 socruum
1154 4439 1219 4489 bist.
1231 4440 1297 4489 boul.
1313 4442 1337 4501 7,
1351 4446 1390 4491 25.
1402 4439 1468 4490 ΟΙῖιιε
1485 4440 1627 4503 Φαρμακεία
1640 4442 1664 4489 ei
1681 4442 1843 4503 Φαρμακείας

239 4508 333 4564 κόλπος.
349 4506 405 4557 yid.
419 4508 519 4570 Dionys.
534 4511 592 4572 Byr.
604 4510 628 4558 in
642 4512 732 4573 Googr.
746 4512 805 4560 biin.
825 4514 844 4561 t.
865 4517 888 4571 2,
903 4523 928 4574 p.
945 4516 984 4561 50.

271 4578 286 4641 §
306 4584 329 4627 2.
349 4578 464 4641 Φρούριον
476 4578 600 4642 Σπουδίου]
615 4580 750 4630 cnsieiium
763 4580 844 4631 studii
859 4580 961 4631 ubinam
979 4579 1054 4630 suerii
1066 4578 1157 4629 neseio.
1169 4581 1206 4629 De
1219 4579 1367 4629 monasterio
1379 4578 1473 4641 studii,
1492 4578 1560 4641 qnod
1571 4578 1792 4642 Constantinopoli
1810 4583 1845 4631 ed

205 4682 207 4689 ,
240 4650 337 4710 portum
346 4650 452 4697 Aureum
463 4651 523 4707 erni,
537 4662 562 4697 r.
576 4648 664 4698 Giiiius
676 4650 781 4713 Topogr.
795 4651 880 4701 consi.
893 4650 936 4700 lib.
948 4653 973 4711 4,
988 4662 1010 4699 ε.
1022 4653 1047 4699 3.
1062 4648 1202 4711 θοσευμῖιεε
1215 4649 1300 4698 const.
1319 4646 1406 4697 chrisi.
1419 4646 1462 4696 iib.
1478 4650 1493 4697 4
1509 4661 1535 4711 p.
1557 4650 1612 4697 103.
1627 4646 1682 4710 ))-
1698 4650 1741 4697 καὶ
1762 4667 1845 4699 κατα-

239 4716 332 4780 buddo]
347 4715 459 4767 additum
473 4731 548 4767 mann
557 4730 606 4767 sec.

271 4790 384 4839 xxxiii.
398 4785 413 4851 ς
426 4794 448 4837 2.
463 4787 672 4852 ΙΙεμσταυριῖνσας]
685 4789 720 4838 sic
733 4802 818 4853 margo
829 4790 866 4855 (ei
877 4791 956 4841 Thus.
967 4797 991 4851 2,
1001 4794 1041 4851 iu.
1053 4789 1092 4853 2),
1106 4791 1262 4854 πολεοριάρας
1275 4792 1337 4841 iere
1350 4788 1362 4853 Ι
1372 4818 1404 4832 -
1416 4788 1545 4852 ἐπιφόρου]
1556 4788 1669 4839 additum
1679 4790 1707 4839 in
1717 4791 1846 4855 margine.

240 4858 356 4908 ceterum
372 4857 512 4909 conseretur
522 4858 674 4921 Thucydidis
686 4865 719 4920 (2,
734 4862 821 4924 75-77)
840 4860 872 4911 de
886 4862 1037 4913 Plaioenrnm
1055 4860 1182 4911 obsidione
1203 4861 1326 4922 ειεπεῑίο,
1342 4874 1373 4911 ex
1392 4873 1442 4922 que
1458 4859 1574 4910 nonnulla
1589 4860 1742 4911 verbotenus
1755 4862 1785 4911 in
1796 4876 1847 4911 ειεε

240 4927 367 4978 indusiulii
379 4928 529 4980 critobulus.

271 4998 379 5048 xxxiv.
392 4999 407 5062 §
420 5004 441 5047 4.
456 4997 597 5061 Ἰουοτῖνος]
616 4998 678 5049 Βολ).
694 4998 871 5057 Ἰουστινιανάς.
895 5000 905 5062 Ι)
919 5028 949 5037 -
961 5000 977 5063 §
987 5008 1011 5051 2.
1029 4999 1129 5064 μικροῦ]
1145 5000 1164 5050 i.
1181 5012 1205 5049 ο.
1226 5004 1268 5049 τοῦ
1276 4999 1352 5056 έκτός.
1371 4998 1384 5062 ψ
1407 5024 1438 5037 -
1456 4999 1567 5064 ταύταις)
1582 4996 1644 5049 edd.
1657 5012 1717 5049 man
1732 5006 1758 5049 2.
1783 5002 1795 5063 Ι
1812 5030 1844 5043 -

238 5063 330 5128 χόρτων
342 5066 513 5130 παντοδαπῶν]
529 5068 565 5115 sic
577 5079 678 5131 mergo,
690 5074 767 5131 φυτῶν
779 5072 872 5120 toxius.
890 5067 901 5131 Ι)
914 5094 946 5105 -
957 5069 1118 5133 μεμιγμένων]
1130 5068 1167 5118 sic
1178 5081 1244 5118 mun.
1259 5075 1284 5130 2,
1299 5068 1454 5131 μεμιγμένους
1464 5080 1530 5117 Μ.
1543 5073 1565 5117 i.
1579 5068 1591 5131 ψ)
1607 5094 1637 5104 -
1653 5066 1668 5132 ς
1679 5071 1695 5118 3
1705 5075 1735 5132 τῇ
1745 5086 1775 5119 τε
1783 5070 1849 5134 ὕλη]

238 5150 265 5183 τε
278 5146 352 5183 manu
365 5134 508 5185 baddiiurn.
525 5136 535 5199 ΙΙ
547 5164 577 5173 -
587 5137 672 5203 χῶμα]
682 5144 737 5201 ῶμα
748 5138 813 5201 (εἰσ)
828 5138 884 5189 eod.
901 5138 911 5202 ΙΙ
923 5167 952 5181 -
971 5138 1111 5204 φερόμενος]
1123 5137 1238 5202 sininge,
1250 5138 1373 5203 ἐρχόμενος
1386 5140 1447 5188 ient.
1466 5136 1518 5200 ΙΙ-
1533 5138 1749 5202 καταχωννέηται]
1765 5158 1849 5189 κατα·

241 5202 361 5264 χώννυται
378 5202 433 5253 eod.
448 5206 458 5267 Ι)
471 5230 503 5241 -
514 5207 550 5255 De
561 5218 589 5255 re
597 5206 629 5257 ei.
639 5207 762 5257 Puscuius
771 5211 794 5269 4,
806 5212 851 5259 293
866 5227 872 5257 :
