3809 5859
415 338 663 401 MECHEMETIS
683 340 810 403 ANNUS
831 342 883 403 lll.
906 342 981 405 6964
1008 343 1191 420 (insu-lm
1213 344 1247 405 P.
1272 346 1331 423 C.).
1637 355 1677 418 ob

80 497 150 553 ματα
167 470 240 552 βίαια
255 468 301 530 καὶ
316 468 422 549 λάθρων
434 474 516 533 ύετῶν
534 471 682 539 ἐπικλύσεις
693 496 721 531 τε
735 474 781 531 καὶ
801 497 851 532 κα-

79 561 206 642 ταφοραὶ,
229 558 268 618 ἔτι
285 558 312 617 δὲ
334 558 452 638 άστίρων
476 560 611 631 ἀσυνήθων
633 560 740 619 ἄτακτοι
758 561 849 641 φάσεις

79 649 228 727 καὶδρόμοι
236 646 433 721 πεπλανημένοι
446 648 492 705 καὶ
506 648 586 707 πάλιν
597 648 757 729 ἀφανισμοὶ,
768 648 850 729 ἕτερον

79 740 101 797 δ’
113 728 146 796 αύ
161 734 393 815 κατεστηριγμέναι
407 734 491 793 τεκαὶ
506 734 588 794 solbs
600 734 633 807 δὴ
646 734 738 816 χρόνον
750 737 849 797 καπνὸν

81 824 272 905 ὑποφαίνοντα·
315 824 346 901 (7)
362 823 430 883 οῖλλα
444 822 575 883 τεπολλά
591 830 700 883 τοιαῦτα
715 822 849 904 τερατώδη

79 938 108 973 τε
122 910 254 992 καὶπαρά
273 910 303 970 τὸ
321 910 408 978 εἰωθός
430 908 594 983 ὑπεσήμαινε
614 910 644 969 τὶ
666 915 750 988 θεῖον,
771 911 801 971 τό
822 934 850 971 τε

80 1002 175 1077 μέλλον
186 997 393 1078 προφοιύάζοντα
409 997 455 1057 καὶ
469 996 594 1077 μεγίστην
610 997 786 1077 ὑποφαίνοντα
797 1022 852 1058 και·

79 1086 202 1163 νοτομίαν
216 1089 268 1145 τῶν
284 1084 458 1144 καθεστώτων
470 1106 500 1143 τε
519 1083 564 1143 καὶ
577 1082 741 1157 μεταύολήν·
755 1084 850 1151 εἰκόνες

79 1202 109 1238 τε
121 1176 174 1255 γάρ
187 1172 275 1254 ίθρουν
291 1177 317 1234 ἐν
330 1176 408 1255 ἱεροῖς
420 1174 465 1233 καὶ
479 1175 575 1245 στῆλαι
585 1173 632 1232 καὶ
644 1174 792 1253 ἀνδριάντες
802 1179 852 1234 τῶν

81 1264 227 1345 μακαρίων
241 1265 356 1343 ἀνδρῶν,
371 1262 483 1342 κατοχαί
502 1285 532 1322 τε
545 1260 591 1320 καὶ
606 1261 787 1337 ἐνθουσιασμοὶ
804 1264 852 1321 άν-

81 1358 150 1431 δρῶν
171 1352 264 1411 τεκαὶ
285 1354 415 1429 γυναικῶν
432 1349 506 1430 παρά
527 1348 603 1417 δόξαν
629 1350 759 1427 ἐγίνοντο,
780 1348 853 1408 οὐδὲν

83 1441 169 1500 αἶσιον
188 1440 403 1521 προμηνύουσαι,
421 1436 447 1495 οί
464 1460 492 1496 τε
509 1436 615 1512 μάντεις
635 1435 748 1495 άπαίσια
767 1434 853 1521 πολλά

84 1528 245 1601 ἐπεθιίαζον,
260 1526 335 1605 λόχιά
346 1549 375 1584 τε
390 1523 492 1584 παλαιθ
503 1522 580 1603 ᾔδετο
593 1522 638 1581 καὶ
653 1523 769 1603 χρησμοὶ
785 1526 851 1595 άνη-

85 1618 224 1695 ρευνῶντο,
234 1614 280 1673 καὶ
301 1612 350 1671 ὅσα
367 1612 434 1671 άλλα
453 1612 481 1669 ίν
496 1613 548 1677 τοῖς
565 1607 689 1677 τοιούτοις
704 1608 853 1687 ζυμθαίνειν

84 1706 165 1784 φιλεῖ,
182 1703 269 1761 πάντα
287 1700 400 1779 ἐγίνετο,
415 1697 432 1757 θ
446 1698 533 1757 πάντα
544 1699 569 1764 te
580 1696 659 1757 -ούδὶν
673 1696 788 1777 χρηστὸν
808 1700 853 1775 φέ·

85 1814 161 1871 ροντα
175 1789 257 1872 φόόον
280 1812 309 1848 τε
324 1795 436 1867 παρεῖχε
456 1784 537 1846 πολὶιν
551 1785 597 1845 καὶ
612 1785 725 1862 οὶγωνίαν
748 1787 851 1861 αι’ποῖς,

905 474 1016 555 τάφρους
1026 499 1055 535 τε
1064 475 1230 557 καθαίροντες
1243 476 1289 536 καὶ
1296 479 1330 538 τά
1340 481 1507 553 πεπονηκότα
1518 488 1562 543 τού
1574 484 1676 564 τείχους

904 565 1087 642 άνορθοθντες,
1104 564 1152 631 τάς
1170 586 1197 623 τε
1218 564 1336 633 ἐπάλξεις
1353 566 1500 637 ὁπλίζοντες
1518 570 1624 650 πύργων
1645 597 1674 633 τε

903 650 948 707 καὶ
963 650 1162 732 μεταπυργίων,
1176 650 1222 709 καὶ
1235 651 1267 712 τὶ
1279 656 1366 734 τεῖχος
1379 655 1450 715 άπαν
1464 660 1676 729 ἐπισκευάζοντες

906 736 975 796 κατά
988 742 1038 816 γῆν
1048 761 1076 797 τε
1084 738 1131 796 καὶ
1141 737 1291 799 θάλασσαν·
1304 742 1381 803 ἔτιδὲ
1394 742 1481 804 ὅπλων
1494 746 1578 805 τεκαὶ
1592 751 1676 826 βελῶν

905 823 1032 902 ξυλλογὴν
1051 825 1185 883 ίποιοῶντο
1199 825 1244 884 καὶ
1259 830 1460 907 μηχανημάτων
1475 832 1622 907 παντοίων,
1643 834 1677 893 τά

905 935 933 970 τε
945 910 995 980 ἔξω
1007 916 1059 970 τῶν
1073 912 1200 994 φρουρίων
1213 915 1401 991 ἐπεσκεύαζον,
1416 917 1487 977 όπλα
1502 922 1548 979 καὶ
1562 922 1680 1001 φυλακάς

907 998 1116 1075 ἐπιπίμποντες,
1131 1000 1179 1068 τάς
1197 1024 1226 1060 τε
1246 1002 1339 1074 νήσονς
1354 1006 1547 1087 ἠσφαλίζοντο,
1563 1010 1630 1087 μετὶι
1650 1010 1678 1069 bt

906 1086 949 1144 τὶον
965 1084 1047 1163 μέγαν
1059 1088 1154 1163 λιμίνα
1165 1088 1210 1146 καὶ
1223 1088 1254 1147 τὶ
1270 1090 1354 1171 Κίρας
1368 1090 1451 1165 tras,
1462 1095 1514 1154 άπό
1527 1118 1558 1171 γε
1569 1101 1621 1155 τῶν
1635 1105 1680 1158 τοῦ

908 1175 1017 1234 Γαλατῖῐ
1033 1174 1146 1253 νεωρίων
1168 1173 1248 1255 μέχρι
1268 1181 1320 1236 τῶν
1340 1180 1463 1257 Εύγενίου
1484 1185 1591 1257 πυλῶν,
1610 1177 1680 1265 ἧπαρ

907 1261 937 1320 τὶ
959 1261 1111 1320 στενότατον
1143 1254 1194 1338 ἧν,
1220 1262 1329 1324 ἁλύσεσι
1356 1272 1469 1347 μακραῖς
1492 1250 1679 1348 διελάμθάνον·

910 1352 942 1428 (s)
955 1347 1115 1428 χρήματάεε
1126 1349 1179 1411 άπό
1188 1356 1275 1413 τετῶν
1281 1357 1373 1414 κοινῶν
1383 1356 1428 1416 καὶ
1434 1359 1485 1415 τῶν
1493 1359 1564 1417 ίόίων
1575 1360 1621 1419 καὶ
1628 1365 1680 1420 τῶν

909 1440 986 1516 ἱερῶν
1002 1434 1150 1515 ξυνίλιγον,
1166 1438 1237 1497 σῖτόν
1250 1464 1279 1499 τι
1292 1440 1338 1500 καὶ
1351 1442 1384 1501 τά
1399 1445 1424 1509 ἐς
1438 1446 1579 1525 διατροφην
1589 1450 1680 1510 ίοεκό·

911 1528 999 1601 μιζον,
1012 1527 1065 1591 τοῖς
1076 1546 1105 1581 τε
1116 1523 1204 1593 ἄλλοις
1216 1535 1296 1585 πᾶσιν
1307 1531 1342 1595 ὣς
1351 1531 1459 1590 δυνατὸν
1471 1532 1623 1612 ἐξηρτύοντο
1633 1536 1680 1594 καὶ

911 1616 964 1678 τοῖς
977 1610 1047 1680 blot<
1060 1610 1232 1681 ἐπεσκεύαζον
1246 1611 1293 1685 τὴν
1310 1617 1385 1676 πόλιν
1398 1640 1428 1675 τε
1441 1619 1485 1676 καὶ
1495 1621 1528 1678 τὶι
1539 1622 1616 1700 τείχη
1626 1668 1634 1698 ,
1646 1626 1682 1690 ῶς

911 1699 980 1759 κατὰ
995 1700 1111 1778 γῆνκαὶ
1125 1700 1259 1760 θάλασσαν
1274 1704 1548 1782 πολιορκηθησόμενοι.

953 1788 1029 1847 xlll.
1041 1784 1250 1866 Πρὶςδὶτούτοις
1260 1790 1399 1869 πρεσύιίας
1406 1791 1522 1869 ἔπεμπον
1533 1801 1681 1875 πανταχοῦ,

910 1874 968 1933 ὅθεν
987 1866 1019 1946 ἦν
1045 1876 1131 1942 αύτοῖς
1154 1876 1233 1944 ἐλπὶς
1245 1877 1395 1957 ἐπικουρίαν
1418 1878 1481 1949 ἵζειν
1506 1883 1579 1955 τινά,
1606 1888 1683 1941 τοῦτο

85 1970 132 2025 οὐκ
153 1966 237 2025 ἐδίδου
260 1967 375 2043 θαρρεῖν.
423 1965 456 2039 (s)
478 1960 555 2033 Πλήν
571 1984 601 2038 γε
613 1960 645 2033 δὴ
665 1963 700 2027 ὡς
721 1960 747 2018 ἐν
762 1967 852 2027 κακοῖς
913 1960 961 2039 μὶν
988 1963 1014 2029 ἐς
1037 1963 1241 2035 Πελοπόννησον
1259 1965 1333 2043 παρὰ
1352 1965 1410 2033 τοὺς
1432 1967 1516 2047 ταύτηνΙ
1539 1970 1682 2039 δεσπότας,

85 2054 178 2133 μικρὸν
193 2052 374 2132 ἀναφέροντας,
384 2052 413 2109 ἐκ
426 2054 477 2109 τῶν
492 2048 599 2108 ἐνόντων
611 2046 848 2127 παρεσκευάζοντο,
912 2048 983 2107 σῖτόν
993 2072 1023 2107 τε
1033 2048 1080 2107 καὶ
1094 2050 1189 2130 ἄνδρας
1202 2053 1238 2119 εἷς
1253 2054 1403 2132 ἐπικουρίαν
1418 2056 1549 2123 αἰτοῦντες
1559 2057 1684 2136 (ἐνόμιζον

84 1878 129 1938 καὶ
157 1882 257 1937 ἑαυτῶν
280 1876 346 1944 ὅλως
369 1874 471 1949 ἐξίστα,
490 1874 535 1932 καὶ
554 1872 616 1952 περὶ
637 1878 682 1931 τοῦ
712 1872 853 1947 μέλλοντος

90 2186 361 2201 Μ

521 2256 599 2300 rudius
613 2254 743 2308 intremuit,
757 2268 823 2299 τιιετε
834 2259 856 2299 et
863 2259 913 2300 visu
924 2258 1005 2299 omnio
1015 2260 1076 2301 teoto

517 2316 621 2375 Δτιν-θῖθυα
632 2318 657 2361 ῖνε
667 2317 769 2373 massis,
779 2330 807 2361 no
817 2320 882 2363 terre
893 2318 994 2375 ποιναῖσι·
1002 2319 1052 2362 olto

520 2384 598 2424 noctes
607 2383 675 2436 αίᾳιιε
685 2378 818 2433 diessundo
831 2380 957 2436 stpqinqne
965 2380 1060 2435 ραῖυθε.

525 2441 598 2485 Fumo
610 2452 698 2497 quoque
708 2426 965 2485 attulerotbasuxntm
975 2453 1032 2485 runo
1046 2442 1169 2487 draconem

521 2502 641 2559 trepontum
648 2502 725 2557 pecore·
732 2501 871 2559 mupns'sque
880 2502 969 2555 intem
982 2502 1077 2547 ruinam

520 2564 641 2615 annuentis,
651 2575 775 2619 morsuque
787 2566 862 2609 truces
871 2567 1017 2609 συνιείενπετε
1028 2569 1108 2611 tauros

519 2624 610 2680 tabifico
619 2628 641 2667 et
653 2624 737 2679 παντοῖα
749 2623 841 2679 deposci
851 2624 940 2668 υῖοοοτα
950 2625 1046 2680 mosim,

523 2686 663 2743 desertisque
673 2691 735 2729 metu
749 2687 879 2731 uenientem
893 2686 971 2731 cedere
979 2688 1068 2732 aratris

521 2750 659 2802 oprteotum,
671 2751 693 2789 et
702 2746 895 2803 petiissesupom,
905 2753 1047 2806 nepotemque
1060 2750 1138 2794 securi

522 2810 638 2865 inceptum
650 2808 745 2865 liquisse
752 2810 843 2863 serunt,
856 2822 985 2867 vacuosque
994 2825 1089 2856 monere

520 2872 631 2916 ntrioolts
640 2883 747 2927 compos:
761 2871 825 2915 bunc
833 2884 876 2926 pes·
884 2871 975 2917 deserto
984 2874 1081 2929 sopori,

523 2932 652 2988 afflatuque
660 2932 710 2977 loon
717 2932 859 2987 inficiatum
867 2944 962 2989 perpere
972 2935 1005 2977 αθ
1018 2934 1105 2979 urbem.

116 3060 167 3123 §7.
184 3055 317 3120 Ἐηῖνοντο]
333 3056 372 3105 Sic
385 3068 487 3119 mnngo;
505 3054 624 3119 ἐφαίνοντο
638 3059 730 3106 lentus.
755 3056 765 3118 ΙΙ
786 3082 817 3091 -
832 3054 847 3117 §
865 3060 887 3105 8.
899 3056 1100 3119 παρεσκευάζοντο
1122 3057 1193 3121 sqq]
1214 3058 1252 3107 (ll.
1273 3056 1416 3107 Seudeddin.
1436 3063 1459 3115 2,
1480 3068 1505 3119 p.
1524 3061 1575 3107 iss.
1603 3061 1685 3110 Duces

84 3144 109 3194 p.
121 3133 200 3189 245,-1
214 3131 261 3179 ιῸ
272 3128 297 3177 θῖ
310 3125 532 3190 βασιλεὺςπροορῶν
541 3126 569 3175 τὸ
580 3127 672 3187 μαλλον,
684 3127 729 3190 πρὸ
741 3127 764 3182 ἓξ
776 3130 856 3187 μηνῶν
871 3126 922 3189 εἶχε
932 3127 963 3175 τὰ
973 3129 1068 3190 φρούρια
1078 3128 1103 3177 ἐν
1117 3124 1252 3193 ἐπίμελείᾳ,
1265 3129 1370 3183 καὶτοὺς
1381 3128 1483 3190 χωρίτας
1491 3128 1545 3183 τοὺς
1563 3129 1631 3190 ἐγγὺς
1642 3136 1684 3189 τῆς

83 3202 175 3255 πόλεως
187 3200 227 3247 καὶ
243 3200 283 3249 τὸν
297 3196 438 3261 θεριζόμενον
448 3195 538 3258 στάχυν
551 3197 647 3253 καὶτὰς
664 3198 825 3259 λιιμτζομὲνας
842 3196 932 3252 άλωνας
948 3198 1013 3247 troes
1029 3198 1135 3260 ἐκόμιζεν
1158 3198 1196 3249 Oi.
1216 3197 1282 3247 idem
1294 3211 1318 3261 p.
1331 3204 1385 3249 285.
1399 3198 1410 3262 ΙΙ
1426 3222 1458 3235 -·
1467 3198 1535 3261 μέχρι
1549 3203 1597 3247 τῶν
1612 3200 1684 3260 Εὐγε-

82 3272 136 3319 νῖου
149 3267 243 3332 πυλῶν]
256 3271 292 3317 De
303 3270 389 3316 colena
402 3265 449 3315 istu
462 3265 495 3314 cl.
506 3265 637 3318 anuntzes
644 3280 668 3329 p.
682 3270 735 3327 288,
753 3273 768 3315 5
782 3285 789 3315 τ
802 3266 934 3327 Προσίταξε
943 3268 986 3325 τὴν
997 3268 1076 3331 σειρὰν
1086 3269 1129 3327 τὴν
1139 3269 1235 3333 σιδηρᾶν
1247 3270 1290 3326 τὴν
1303 3268 1434 3332 βαρυτάτην
1447 3269 1472 3318 ἐν
1486 3274 1521 3330 τῷ
1532 3268 1631 3331 στόματι
1642 3273 1685 3317 τοῦ

82 3341 175 3401 λιμένος
192 3341 280 3402 βαλεῖν.
293 3333 457 3387 obulcoooud.
472 3348 497 3399 p.
510 3338 556 3385 884
570 3355 576 3384 :
592 3336 637 3385 Διοὶ
649 3336 769 3392 θαλάσσης
787 3335 858 3390 πέδας
875 3337 970 3399 σιδηρᾶς
985 3338 1137 3394 διατείνοντες
1151 3338 1199 3388 άπὸ
1213 3343 1254 3397 τῆς
1278 3339 1420 3401 καταντικρὺ
1431 3337 1521 3394 πόλεως
1535 3338 1558 3393 ἐς
1568 3339 1596 3388 τὸ
1609 3343 1686 3400 τοῖχος

84 3416 128 3459 τοῦ
141 3408 268 3465 Βυζαντίου
278 3408 341 3469 παρὰ
351 3406 392 3464 τήν
404 3404 529 3467 ἀκρόπολιν
539 3406 690 3467 καλουμένην.
701 3407 784 3455 Dueus
799 3418 823 3469 p.
846 3410 904 3466 258,
924 3412 939 3456 5
954 3408 1002 3456 τὉ
1015 3407 1040 3456 bb
1052 3408 1121 3470 λιμὴν
1133 3414 1176 3466 τῆς
1187 3408 1279 3465 πόλεως
1289 3409 1495 3470 ἦνικεκλιισμίνος
1508 3408 1551 3456 οῖον
1564 3413 1593 3471 τῇ
1603 3407 1685 3458 άλύσει

84 3480 134 3529 ἀπὸ
148 3483 190 3529 τοῦ
204 3480 287 3542 μέρους
303 3483 343 3537 τῆς
363 3476 436 3533 πύλης
448 3482 489 3535 τῆς
500 3476 591 3531 πόλεως
610 3480 651 3533 τῆς
670 3477 813 3537 καλουμένης
828 3476 925 3553 Ὦραίας
937 3478 969 3533 εἰς
984 3478 1012 3527 τὸ
1030 3482 1072 3527 τοῖν
1085 3478 1179 3528 russo
1196 3480 1271 3541 μέρος.
1283 3477 1406 3528 Ριιεουὶυο
1417 3481 1442 3538 4,
1458 3480 1524 3527 84οε

525 3606 648 3663 Dispositae
661 3618 732 3651 stauos
783 3607 801 3651 o·
810 3609 872 3652 ostiu
885 3608 1004 3653 claudunt

523 3667 623 3720 tumltu,
634 3680 662 3711 oc
669 3668 732 3710 trabs
749 3668 847 3722 esserto
856 3674 878 3714 el
888 3681 994 3713 ιυαννεαα
1002 3672 1088 3713 eutero

524 3728 592 3773 litore
601 3728 631 3771 ob
640 3731 736 3784 utroquo
746 3727 875 3783 inpressum
885 3729 985 3785 ντῖῖμαίσ
994 3732 1089 3775 ουττσαί.

117 3858 237 3909 Burburus
250 3870 274 3921 p.
287 3862 314 3908 lu
329 3877 335 3907 :
349 3860 368 3907 Α
382 3855 410 3906 tlt
423 3856 455 3907 do
470 3855 544 3921 April
555 3856 579 3907 el
587 3858 752 3907 serenissimo
767 3858 914 3921 imperator
926 3859 948 3907 si
959 3856 1088 3907 comoedo
1103 3856 1170 3907 θεον
1182 3855 1351 3906 Bortolomto
1363 3854 1448 3919 sollqo
1457 3852 1618 3906 obedouesse
1631 3854 1686 3906 des·

87 3928 179 3981 tendor
196 3930 225 3979 lo
239 3928 341 3979 codena
357 3941 374 3978 u
388 3930 506 3979 traverso
521 3927 564 3978 det
579 3929 696 3991 porto...
708 3930 802 3985 Questo
815 3927 856 3979 tol
867 3926 999 3978 σπάσασαι·
1009 3931 1066 3977 tero
1080 3926 1114 3977 de
1127 3926 1240 3989 leqnomt
1251 3928 1404 3989 prosterno
1414 3938 1429 3975 e
1438 3926 1554 3987 roboae,
1567 3929 1684 3977 εἰκοστ-

83 4012 155 4063 peno
166 3998 194 4049 dl
209 4009 263 4049 uno
282 4012 334 4049 cun
343 3998 361 4049 l’
373 4000 442 4049 ultro
455 4010 508 4047 eun
521 3998 574 4061 [eri
584 4002 666 4061 prosst
684 4012 698 4048 ε
712 4010 762 4048 cun
774 3998 873 4049 cadere
885 4012 973 4061 prosse
987 3998 1015 4048 dl
1029 3998 1127 4061 [ero,e
1140 3998 1159 4047 lt
1175 4000 1236 4048 caol
1245 3996 1278 4047 de
1290 3998 1317 4047 lo
1330 3996 1447 4057 codena,
1463 4010 1516 4046 nuo
1527 4010 1594 4047 oooo
1602 4000 1625 4047 st
1637 4012 1686 4049 ero

87 4070 178 4120 (lustro
192 4069 228 4120 do
244 4070 269 4119 le
285 4082 362 4120 mure
373 4068 406 4119 de
418 4068 664 4133 Constantinopoli,
679 4082 693 4118 e
706 4069 726 4119 θ’
736 4070 806 4119 altro
816 4084 881 4121 eaeo
895 4074 917 4121 st
932 4084 981 4121 sno
998 4069 1090 4120 dentre
1100 4069 1136 4119 do
1150 4068 1262 4119 ῖονηωτε
1269 4067 1303 4118 de
1311 4072 1381 4119 Pero
1387 4081 1439 4132 per
1441 4070 1492 4133 piu
1501 4067 1639 4131 sequrtode
1655 4066 1687 4118 de

88 4142 116 4191 to
131 4140 187 4190 dila
199 4139 308 4190 cudero.
320 4139 365 4189 ct.
374 4138 518 4189 Sudeddin.
531 4146 554 4199 2,
566 4152 591 4203 p.
615 4143 667 4190 158.
682 4140 798 4189 -Porto
813 4139 901 4203 ὡραία,
913 4153 988 4203 quum
1008 4141 1091 4188 Discus
1100 4138 1174 4188 etiam
1186 4151 1209 4201 p.
1225 4143 1278 4197 282,
1298 4142 1328 4188 23
1341 4151 1386 4187 neo
1397 4138 1587 4187 uonPbrantres
1597 4152 1621 4201 p.
1631 4140 1685 4197 254,

90 4214 271 4269 19ιοειιιοιιιιιί,
282 4213 374 4272 sporta
381 4224 456 4272 quum
464 4216 506 4260 τοῦ
516 4210 614 4273 νεωρίου
630 4210 793 4273 pachymeres
813 4216 835 4270 5,
856 4214 884 4260 10
899 4214 985 4271 notul,
1003 4212 1029 4260 et
1041 4223 1055 4259 s
1067 4208 1185 4259 hodierne
1199 4207 1424 4272 lioptcbe-Kopou
1435 4209 1516 4272 (borti
1533 4212 1618 4272 portu)
1637 4222 1687 4257 non

66 4330 73 4344 ¹
87 4280 185 4329 ‹liversa
206 4278 280 4328 luisse
300 4281 413 4329 censetur
433 4280 597 4343 probabiliter.
610 4280 719 4329 Eandem
735 4280 774 4329 rel
788 4280 893 4329 vicinum
908 4280 983 4329 luisse
998 4278 1100 4342 eugeni
1112 4281 1208 4341 portum
1219 4291 1250 4328 ex
1268 4291 1297 4327 oo
1308 4278 1407 4341 colligas
1419 4277 1486 4340 quod
1501 4278 1554 4328 bno
1569 4290 1645 4341 prope
1659 4280 1684 4326 S.

87 4350 158 4399 Pauli
174 4349 199 4398 lu
212 4348 306 4399 Pulstlo
320 4348 398 4397 odem
413 4362 428 4397 ο
442 4350 578 4417 ΝῖοερΙιορο
593 4351 699 4414 Gregorn
716 4354 738 4410 7,
756 4364 780 4414 p.
795 4354 846 4413 192,
862 4354 887 4400 et
900 4350 947 4400 sub
959 4349 1064 4412 acropoli
1080 4363 1096 4398 a
1110 4350 1282 4398 cnutseuzeuo
1303 4352 1389 4408 4,,11.
1407 4354 1446 4398 29.
1463 4352 1489 4398 bl
1508 4350 1534 4398 et
1547 4347 1641 4396 codtuo
1654 4345 1686 4395 (ie

86 4420 153 4469 oliuo.
167 4433 188 4468 o.
201 4424 230 4469 22
240 4417 315 4468 luisse
325 4417 474 4481 perhibetur.
489 4419 582 4469 ibidem
595 4420 668 4470 suerit
679 4424 693 4470 ὁ
706 4426 747 4470 τοῦ
759 4420 871 4481 Eilesion
880 4420 979 4484 πύργος,
990 4418 1110 4481 usquead
1121 4432 1195 4481 quern
1205 4418 1294 4467 veteris
1310 4417 1419 4480 Byzantii
1430 4431 1515 4467 muros
1523 4418 1594 4481 justu
1605 4418 1685 4466 Comu

87 4492 168 4541 sinum
186 4488 332 4554 pertinuisse
348 4488 430 4551 prodit
444 4490 552 4540 eodinus
574 4492 610 4540 De
624 4490 719 4541 ambitu
737 4492 889 4541 constantin.
912 4505 936 4554 p.
955 4497 985 4540 25
1004 4489 1044 4540 od.
1062 4492 1148 4549 θοντο,
1161 4489 1221 4538 dum
1233 4488 1344 4538 Zosimus
1363 4492 1388 4549 8,
1402 4493 1431 4537 50
1444 4502 1530 4538 muros
1542 4488 1596 4536 illos
1609 4499 1687 4547 usque

87 4563 118 4611 ul
137 4564 164 4613 τὸ
186 4562 281 4623 νεώριον
303 4559 451 4623 pertinuisse
463 4561 531 4611 (licit.
543 4564 571 4612 ln
584 4562 670 4612 Gnlotu
686 4562 775 4627 oppido
794 4562 881 4613 Gillius
896 4563 1013 4623 (Topogr.
1029 4562 1155 4609 Constant.
1173 4561 1197 4622 4,
1214 4564 1242 4609 tu
1256 4572 1280 4623 p.
1294 4556 1354 4621 222)
1367 4572 1413 4608 suo
1427 4559 1508 4608 selbun
1522 4570 1578 4608 aevo
1591 4559 1687 4619 portam

88 4636 220 4683 catenum
233 4630 324 4681 dictum
340 4630 415 4681 luisse
430 4632 513 4681 retent.
528 4636 642 4683 ceterum
658 4633 690 4683 de
707 4636 805 4695 cotenu,
819 4632 968 4696 quasaepius
978 4632 1030 4695 jum
1043 4630 1168 4693 byzantini
1182 4634 1281 4694 portum
1294 4629 1446 4691 clauserant,
1458 4629 1577 4690 videquae
1591 4625 1688 4688 collegit

87 4702 230 4765 Duosngius
243 4701 268 4751 in
284 4700 436 4751 constantin.
451 4702 544 4753 Olrrist.
555 4716 580 4766 p.
595 4706 626 4753 49
642 4716 679 4765 sq.
697 4702 707 4765 ΙΙ
722 4729 754 4739 -
764 4702 823 4765 ἤπερ
838 4704 865 4752 τὸ
877 4703 1017 4751 στενότατον
1028 4702 1184 4764 (στενώτατον
1202 4699 1295 4762 sodex)
1304 4698 1342 4763 ἦν]
1354 4702 1408 4748 lloe
1418 4711 1505 4761 purum
1517 4698 1632 4746 noeunute
1645 4695 1686 4744 ni-

86 4777 156 4824 ctum
169 4776 215 4823 est.
229 4772 405 4835 Angustissimu
413 4772 482 4823 sinus
494 4786 552 4836 pons
564 4776 602 4823 est
608 4788 683 4837 prope
692 4774 876 4836 odon-Kopoo
885 4775 911 4824 et
922 4772 1131 4836 sindon-topos,
1142 4771 1185 4821 ubi
1196 4785 1245 4821 non
1259 4771 1335 4821 luisse
1349 4773 1459 4819 estonam
1469 4768 1631 4818 certissimum
1638 4767 1686 4816 est.

118 4844 167 4908 §s
184 4846 231 4893 Καὶ
244 4848 291 4891 τῶν
300 4843 376 4907 ιερῶν]
391 4846 422 4893 V.
438 4842 571 4893 Pbrsutnes
582 4858 606 4907 p.
621 4850 674 4903 255,
689 4846 702 4892 7
716 4846 743 4893 et
754 4843 894 4894 beonnrdus
906 4843 1019 4895 oniensis
1037 4848 1074 4894 De
1084 4842 1157 4893 urbis
1169 4844 1254 4892 coust.
1259 4843 1371 4902 jactura
1384 4840 1408 4889 iu
1422 4838 1546 4889 Leonieeri
1560 4836 1687 4886 Cbmuieis

86 4913 198 4965 Turcicis
218 4919 239 4973 l,
251 4927 275 4977 p.
291 4918 346 4964 825.
361 4914 372 4977 ΙΙ
390 4940 418 4949 -
435 4913 509 4978 σῖτον]
525 4918 556 4965 V.
577 4917 658 4964 Dueus
673 4928 697 4977 p.
723 4920 777 4975 257,
794 4920 832 4975 20,
848 4914 890 4978 qui
901 4914 932 4965 ud
952 4916 1103 4965 frumentum
1121 4912 1306 4977 importandum
1322 4913 1439 4974 quattuor
1457 4921 1532 4958 nunes
1548 4908 1574 4957 in
1596 4906 1687 4956 Chium

87 4986 177 5035 missus
194 4996 248 5034 esse
263 4988 354 5034 namt.

120 5058 180 5126 xlx.
198 5055 291 5119 Ἔξετν]
307 5056 406 5119 σχήσειν
426 5070 509 5120 margo
535 5056 587 5120 l-
599 5056 623 5113 ἐς
635 5054 829 5119 Πελοπόννησον]
845 5058 876 5106 V.
891 5057 1025 5107 Phrontzes
1036 5070 1060 5119 p.
1082 5059 1126 5105 228
1139 5069 1192 5119 sqq.
1208 5057 1228 5104 ll
1247 5052 1413 5116 Peloponneso
1424 5048 1556 5112 quominus
1567 5047 1687 5097 auxilium

90 5127 195 5189 sopiret,
210 5127 360 5179 Menbmetes
371 5126 447 5178 missu
458 5128 667 5191 contrudespotss
681 5126 790 5177 exercitu
802 5126 937 5190 impedivit.
944 5127 1007 5178 vide
1021 5139 1095 5189 supro
1108 5128 1158 5176 not
1173 5124 1204 5174 ad
1212 5136 1266 5187 esp.
1284 5127 1320 5173 12.
1335 5120 1513 5186 Ιῖ-θιρχττρέο]
1521 5118 1677 5171 Nicolaumli
