3809 5859
276 327 335 386 ⁴72
1018 321 1146 383 PHOTss

274 457 321 516 Ἂν
337 446 380 517 οὐν
392 456 504 522 ἐκείνους
517 457 635 516 καθελεῖν
648 453 906 532 ἐθελήσωμεν,πολθ
924 454 1050 536 πρότερον
1105 478 1189 532 ματι,
1210 454 1256 513 καί
1283 453 1360 514 τοῦτό
1382 477 1422 522 τις
1446 453 1574 534 διαφυγών
1596 459 1675 538 ἐκείνῳ
1690 467 1802 550 πιρςηήμ,
1843 512 1844 515 ,

274 542 334 612 τούς
355 543 427 610 ἐντδς
453 541 594 620 πολεμίους
619 541 747 612 ὑποτάξαι
768 543 977 622 σπουδάσωμεν,
1003 542 1050 613 τήν
1105 546 1209 601 κάκεῖνο
1222 541 1303 602 πάλιν
1315 542 1394 609 ἄλλος
1404 541 1468 610 ίσως
1479 542 1580 625 διαδράς
1589 547 1756 632 ύπθτοῖίτίρου
1764 528 1802 618 σή.

273 633 371 692 τούτων
396 631 487 694 στάσιν
504 630 550 690 καί
573 629 621 702 τήν
643 631 696 709 ἐριν
716 629 917 709 καταλύσωμεν.
960 631 1051 691 Ἔστω
1104 629 1221 710 ηνέχθη,
1241 630 1287 689 καί
1307 634 1321 688 θ
1340 631 1499 710 παρανόμως
1527 634 1593 712 βιούς
1622 639 1661 694 καῖ
1681 641 1717 708 τδς
1735 647 1803 714 εὐθέος,

274 723 325 778 τῶν
336 722 428 778 παθῶν
443 721 457 776 θ
470 717 596 797 λογισμὸς
610 719 768 798 αὐταρχῶν,
782 719 828 778 καί
842 719 901 778 τότε
911 721 965 778 τῶν
977 721 1050 776 ἐναν·
1105 715 1252 795 ὠφληκώς,
1266 717 1314 789 τήν
1338 717 1414 790 δίκην
1428 727 1517 799 φυγεῖν
1536 721 1564 778 οὐ
1579 721 1706 794 δυνήσεται.
1738 737 1771 805 με]
1782 739 1802 796 Ti

273 809 354 882 τίων,
370 799 407 874 οἷς
425 806 517 876 ἔξωθεν
540 805 647 888 βάλλειν
668 807 714 865 καὶ
732 807 886 886 τιτρώσκειν
902 809 993 879 άδεια,
1007 809 1052 884 ἐγ·
1104 807 1156 886 γάρ
1171 827 1218 882 μοι
1229 807 1270 864 δεῖ
1280 803 1437 882 καταλέγειν
1450 806 1483 862 τδ
1494 806 1610 866 ἐπίλοιπα
1623 817 1663 870 τῶ
1675 811 1803 891 ’ίσριιήλ,ςὶς

273 905 377 975 κρατεῖς
394 894 569 975 γενησόμεθα.
614 895 663 974 (τε)
676 891 722 953 Ἂν
744 893 796 974 γδρ
819 893 847 954 δν
871 895 1050 975 αὐτοκράτορα
1106 897 1165 953 κατ’
1176 897 1276 973 ἐχθρῶν
1290 891 1431 964 νίκας,·ότε
1444 894 1593 974 ἐσωφρόνει,
1603 895 1644 964 εδς
1655 901 1802 979 δπροσδσιήηχ

272 983 398 1060 λογισμόν
413 982 505 1050 ἔλαθες
518 985 548 1043 ἐκ
560 988 633 1057 θεοῦ,
644 988 733 1042 τοῦτον
745 990 802 1050 ταῖς
817 985 920 1055 ἡδοναῖς
931 981 1050 1063 προπιών
1104 981 1203 1053 ἥττας,
1216 981 1259 1040 δτε
1273 981 1353 1039 πάλιν
1367 980 1536 1062 παρεφρόνει,
1547 983 1591 1054 τήν
1610 987 1802 1064 αὐχμιιλσσίσν,ςγ,

252 1101 257 1108 ’
273 1075 310 1140 ὡς
324 1073 486 1154 άνδροίποδον
501 1072 632 1143 ὑπέταξας
644 1076 734 1140 αὐταῖς
746 1071 824 1132 αὐτδν
832 1118 841 1147 ,
850 1077 906 1140 πῶς
917 1072 1050 1149 πολεμίοιν
1104 1071 1250 1147 ἐπάνοδον,
1265 1069 1314 1139 τήν
1330 1069 1526 1147 ἐπανάστασιν,
1537 1075 1611 1132 ποθεν
1623 1078 1665 1145 τήν
1676 1079 1803 1141 timim.

272 1159 364 1229 ἔξωθεν
381 1161 568 1238 ἐπιτιθεμένων
580 1162 700 1238 γενέσθαι
721 1158 808 1240 κύριος
821 1163 972 1237 ἐπιθυμεῖςς
987 1162 1050 1226 Πῶς
1105 1183 1162 1233 σιν,
1175 1159 1257 1231 αὐτήν
1275 1157 1332 1228 τήν·
1346 1157 1532 1238 καταστροφήν
1549 1165 1593 1233 τῆς
1612 1161 1765 1244 Ἰερουσαλήμ,
1777 1174 1803 1242 ᾗ,

273 1251 407 1329 δυσμενῶν
432 1249 581 1317 σκυλεύσεις
610 1249 759 1322 ἀποσκευήν
779 1251 793 1307 δ
817 1257 875 1314 ταῖς
903 1248 1050 1327 ἐγκολπίοις
1104 1247 1280 1326 άνοικοδομήν
1293 1247 1386 1308 πόλιν.
1429 1238 1482 1307 Ὧν
1506 1247 1540 1308 τά
1562 1249 1606 1326 μὲν
1624 1252 1712 1330 χρηστα
1721 1267 1804 1334 χρησταῖς

272 1341 381 1402 στάσεσι
404 1339 448 1398 καὶ
472 1347 530 1408 ταῖς
551 1337 704 1405 ἐπιόουλαῖς
723 1337 781 1396 καθ’
796 1337 910 1410 ἑκάστην
925 1336 1049 1396 σκυλευό·
1104 1337 1211 1408 ἐπήνθει
1232 1336 1357 1415 πράξεσι,
1380 1339 1522 1416 μοχθηρῶν
1544 1330 1650 1411 δέήσαν
1669 1343 1804 1420 εἷσπράξιιςιθ

272 1451 349 1506 μενος
371 1427 415 1487 τδν
438 1431 513 1501 νοῦν;
537 1429 586 1504 (ιο)
606 1425 900 1507 Ἐκφυλλοφορήσωμιν
924 1424 1050 1504 πρότερον
1104 1427 1229 1506 δυσχερῆ.
1273 1426 1319 1506 (ιν)
1330 1421 1461 1504 Ἔχοντες
1474 1416 1534 1497 οὐν,
1550 1427 1680 1503 ἀγαπητοί,
1690 1428 1718 1488 τέ
1727 1432 1756 1506 ἐρ’
1764 1438 1804 1509 ἡμᾶς

271 1517 332 1586 τούς
353 1516 495 1599 ἐμφυλίους
507 1519 561 1575 τῶν
582 1518 732 1594 λογισμῶν,
749 1515 795 1572 καί
811 1514 870 1574 τότε
886 1515 1049 1595 λαφυραγω-
1105 1512 1198 1580 αὐτοὺς
1217 1513 1406 1593 συνενεχθέντα
1420 1515 1457 1580 εῖς
1472 1516 1546 1590 ήμῶν
1559 1518 1636 1574 αὐτῶν
1647 1519 1804 1599 ἐπανόρθωσιιιύ

271 1607 388 1683 γήσομεν
404 1611 456 1665 τῶν
478 1605 633 1687 ἀλλοφύλων
654 1607 767 1684 εὐχερῶς
786 1601 834 1675 τὴν
859 1604 946 1683 ἰσχύν.
990 1603 1052 1681 Οὐχ
1103 1600 1173 1659 κατέι
1187 1602 1231 1660 τδν
1246 1601 1357 1679 Ἰσραὴλ
1369 1603 1457 1660 πάλαι
1466 1605 1695 1683 προθποδειχθίντι,
1702 1610 1804 1682 μισήιιησι

271 1699 333 1778 ὁρᾷς
346 1696 391 1754 καί
405 1695 449 1753 τὸν
459 1694 585 1776 Ἰσραὴλ,
600 1696 635 1761 ὡς
650 1692 756 1751 ἐπειδθιν
772 1692 820 1769 μὲν
832 1692 936 1771 ἐκράτει
948 1694 1050 1765 παθῶν,
1103 1687 1152 1759 τήν
1166 1689 1300 1768 ἁμαρτίαν
1314 1690 1361 1749 καί
1374 1688 1541 1766 άνθεξώμιθα
1553 1695 1602 1750 τῶν
1613 1695 1704 1773 ἐρετῶν.
1717 1697 1804 1774 (mm

271 1785 375 1865 ἐκράτει
390 1785 436 1843 καὶ
456 1785 507 1842 τῶν
522 1785 638 1862 ἐχθρῶν;
652 1779 858 1858 σννεστρατήγει
877 1779 929 1860 γθρ
948 1781 1050 1859 αὐτῷδ
1103 1776 1137 1836 τδι
1153 1779 1280 1856 ἐγκύκλια
1298 1785 1383 1839 ταῦτα
1404 1780 1452 1839 καί
1470 1779 1621 1860 ψυχοόλαόῆ
1637 1785 1805 1863 πλημμελήρπι,

271 1873 343 1942 θεός·
363 1871 407 1932 ὅτε
428 1871 455 1932 δέ
475 1895 508 1949 τη
524 1868 641 1950 ἁμαρτίᾳ
663 1865 835 1940 ἐδεδούλωτο,
856 1867 916 1927 τότε
938 1867 1050 1935 καὶτοῖς
1103 1865 1196 1944 μέθην,
1208 1867 1342 1945 πορνείαν,
1352 1867 1457 1949 φθόνον,
1469 1868 1635 1943 καταλαλιδν,
1643 1872 1763 1944 πλευιεξίσν,
1772 1879 1804 1933 ἐδι-

271 1965 372 2045 ἐχθροῖς
395 1958 534 2028 ἐξεδίδοεο·
548 1956 757 2036 ἐγκατιλελοίπει
779 1956 831 2035 γδρ
854 1955 948 2024 αὐτούς
967 1962 985 2030 ή
1005 1979 1049 2015 συ-
1104 1955 1180 2029 κίαν,
1205 1956 1371 2030 ἀλαζονείαν,
1392 1957 1583 2038 μισαδελφίαν,
1596 1959 1627 2018 τά
1644 1959 1721 2020 τούτων
1737 1963 1804 2040 ίιγοισ,

271 2045 524 2132 στρατηγοῖσαθεία
538 2045 623 2126 ἰσχύς.
668 2045 716 2122 (ιι)
730 2037 814 2112 Ούτος
829 2046 979 2125 εὐαριστῶν
1000 2049 1051 2125 θεῷ
1103 2047 1139 2110 ώς
1149 2043 1181 2105 δν
1192 2045 1237 2104 καὶ
1250 2049 1298 2116 τῆς
1311 2047 1338 2104 ἐν
1350 2045 1804 2128 πολέμοιςτροπαιοφορίσςεύτυχήσυριν
1843 2044 1844 2105 ί

270 2140 313 2202 διὰ
324 2137 460 2206 Μωυσέως
471 2135 517 2204 τδς
531 2141 582 2196 τῶν
593 2135 746 2214 Αἰγυπτίων
760 2134 872 2217 φοόιρδς
884 2135 931 2196 καί
943 2132 1051 2216 βαρείας
1107 2131 1153 2189 καί
1185 2135 1233 2203 τῆς
1258 2131 1379 2211 οὐρανίου
1413 2133 1584 2212 κληροδοσίας
1612 2131 1644 2210 μή
1665 2138 1803 2214 ἐσιοχήτιμιι,
1843 2162 1844 2197 ς

270 2235 361 2309 χεῖρας
385 2224 506 2306 ἐξέφυγε,
532 2222 577 2282 καί
601 2225 630 2283 οὐ
654 2227 731 2282 τοῦτο
753 2222 846 2302 μόνον,
867 2221 936 2283 ἐλλδ
959 2223 1005 2281 καὶ
1028 2228 1046 2295 ή
1104 2219 1153 2299 (ευ)
1172 2218 1241 2279 Ἀλλ’
1257 2220 1348 2292 ἐπειδή
1376 2227 1427 2292 τ’ής
1449 2223 1561 2293 ἀπειλῆς
1584 2222 1713 2302 ἐρρύιθημιν
1726 2225 1757 2283 ιιὶ
1773 2226 1803 2296 τήν

270 2313 442 2395 ἀγριαίνουσα
459 2312 580 2371 θάλασσα
598 2311 684 2378 αὐτοῖς
710 2309 758 2386 μίν
780 2312 817 2379 είς
839 2313 940 2371 εὐθεῖαν
961 2310 1050 2393 τρίόον
1105 2307 1241 2389 μάχαιραν
1253 2309 1410 2388 διεφύγομεν
1421 2309 1467 2368 καὶ
1480 2313 1609 2390 παρῆλθεν
1618 2315 1803 2392 ήμᾶςόόλοθριιτὲς

270 2404 336 2482 ύπέρ
350 2401 427 2482 λόγον
441 2401 668 2480 κατηυτρίπιστο,
684 2398 766 2477 τάφος
779 2400 802 2458 δ’
816 2399 920 2467 αἰώνιος
932 2400 986 2466 τοῖς
998 2402 1050 2457 τῶν
1104 2401 1152 2468 τῆς
1165 2397 1266 2479 μητρὸς
1285 2397 1427 2477 τοῦλόγου
1441 2403 1476 2478 τῇ
1490 2399 1614 2479 περιόολῇ
1633 2401 1768 2467 σιετισθίνττς
1782 2427 1802 2460 ιε

270 2489 423 2572 Αἰγυπτίων
449 2487 633 2548 ἐπιδιώκουσιν
651 2485 813 2567 ἀνεῴγνυτο,
828 2489 915 2554 αὐτοῖς
938 2487 1048 2560 ἵπποις,
1104 2484 1151 2543 καί
1172 2485 1416 2562 διασημανθίντας,
1437 2489 1513 2564 κοινῇ
1536 2487 1626 2553 πάντες
1642 2487 1766 2568 σύιιύιῇιῷ
1781 2490 1800 2556 ἐξ

270 2579 355 2646 αὐτοῖς
384 2575 503 2656 ἅρμασι,
529 2577 600 2654 αὐτῷ
626 2576 732 2656 Φαραῷ
765 2580 979 2655 τερατουργοθσα
1006 2575 1050 2634 εδν
1104 2573 1186 2646 αὐτῆς
1199 2571 1318 2654 τεχθέντι
1328 2574 1440 2655 Χριστῷ
1454 2578 1493 2655 tif)
1507 2580 1558 2657 θεῷ
1573 2578 1641 2648 ήμῶν
1655 2575 1800 2655 εὐχαριστηρίους
1843 2578 1844 2589 ’

270 2664 389 2744 όλεθρον·
404 2665 430 2720 ἐν
445 2651 482 2728 οἷς
496 2666 510 2720 δ
523 2660 695 2740 ήγαπημένος
708 2666 746 2741 τῷ
765 2665 816 2744 θεῷ
830 2661 892 2729 λαύς
912 2661 1048 2742 ηὐφράνθη
1105 2661 1175 2737 ᾦδδς
1191 2660 1410 2742 άναπίμψωμεν,
1424 2671 1479 2731 πᾶς
1494 2654 1801 2744 οἶκος,δςτδξίφοςθέγηεν,
1843 2662 1844 2697 ³

269 2779 298 2816 τε
313 2753 359 2815 καί
381 2750 563 2828 ἠγαλλιάσατο
583 2749 628 2810 καί
647 2753 686 2832 τῷ
705 2755 846 2833 στρατηγῷ
865 2749 911 2810 καί
925 2752 1050 2828 νικοποιῷ
1103 2750 1195 2821 ἡλικία
1208 2761 1297 2824 πᾶσα,
1310 2759 1448 2829 γυναῖκες,
1463 2753 1569 2825 παῖδες,
1584 2749 1631 2811 νέοι
1647 2751 1682 2809 καὶ
1696 2750 1803 2826 τμσδιιιι·

269 2850 321 2924 θεῷ
336 2843 406 2928 ᾠδήν
423 2838 599 2922 δνεκρούσατο
613 2842 639 2898 ἐν
651 2850 724 2924 χαρᾷ
737 2840 784 2912 τὴν
796 2839 900 2909 ἐξόδιον.
916 2841 963 2916 (ιε)
976 2837 1048 2898 Ἀλλ’
1104 2827 1141 2905 οἷς
1159 2838 1211 2920 γδιρ
1238 2840 1324 2906 κοινὸς
1346 2843 1360 2898 θ
1382 2839 1493 2921 όλεθρος
1516 2838 1678 2921 ἐπικρίματο,
1697 2831 1746 2897 αὐτοι
1761 2838 1802 2915 [καὶ]

269 2926 340 2996 ούτοι
364 2931 443 2993 πάλιν
469 2928 575 2990 ἐπειδάν
600 2929 768 3010 θπεσύρησαν
785 2929 885 2988 ἁλῶναι
905 2930 1049 3008 γογγυσμῷ
1103 2926 1190 2986 κοινὸν
1204 2925 1249 2986 τδν
1268 2925 1350 3005 ύμνον
1371 2925 1490 2997 ἐξοσιούν
1510 2927 1555 2987 καί
1572 2925 1801 3007 προσάγεινθυῖριιὶη
1843 2980 1844 2983 ,

269 3023 314 3084 καί
329 3021 390 3101 δίχα
405 3017 608 3100 προστάγματος
621 3023 680 3077 θεοῦ
694 3016 737 3076 ἐπί
749 3015 868 3090 πολέμου
878 3012 1048 3095 παρασκευήν
1103 3016 1195 3076 τούτου
1223 3016 1306 3096 μητρί
1328 3015 1560 3096 κεχρεωστήκασι.
1613 3020 1693 3087 Ιίοινής
1709 3014 1802 3091 ἐλευθερία

269 3109 445 3190 ἐξηρτύσαντο
459 3105 504 3165 καὶ
518 3105 567 3177 τήν
580 3107 606 3165 ἐν
621 3109 718 3185 χειρῶν
735 3105 807 3184 νόμῳ
825 3103 981 3174 πεποίθησιν
1002 3107 1047 3161 τοῦ
1104 3103 1311 3182 άπηλαύσαμιν,
1326 3105 1418 3178 κοινήν
1435 3103 1486 3178 τήν
1504 3105 1659 3188 εὐχαριστίαν
1673 3102 1802 3184 προσοίσομεν.

268 3198 336 3261 θείου
359 3194 554 3278 προτεθεικέναι
577 3191 742 3270 συνθήματος
767 3193 959 3272 ἐξηνέχθησαν,
981 3213 1047 3272 κρα-
1103 3191 1154 3272 (ιι)
1169 3189 1297 3267 Είπωμεν
1318 3198 1351 3275 τῇ
1375 3193 1461 3276 μητρί
1476 3199 1521 3253 τοῖν
1536 3190 1804 3272 λόγουκαὶγιώμηιείθῖ·

268 3289 348 3354 ταιῶς
362 3279 625 3358 καταπολεμηθέντες
642 3279 811 3354 ἡττήθησαν,
825 3284 862 3358 τῷ
882 3277 971 3360 οἰκείῳ
993 3299 1048 3335 πα·
1102 3281 1496 3361 τητῖκαῖψυχῆςκαθαρότητι·
1508 3311 1520 3335 ι
1530 3287 1603 3358 ἡμεῖς
1612 3282 1654 3354 τήν
1664 3278 1804 3358 πρθςσὲτίστι

269 3372 428 3453 ραπτώμιιτι
441 3374 493 3428 τῶν
506 3366 657 3428 ἀντιπάλων
671 3369 700 3427 τὸ
715 3369 810 3448 κράτος
822 3367 986 3447 δγκώσαντες
999 3365 1045 3424 καὶ
1102 3368 1148 3428 καῖ
1161 3367 1205 3428 τὸν
1217 3370 1297 3428 πόθον
1312 3371 1480 3438 δδιστάκτως
1493 3370 1659 3452 φυλάττομεν·
1670 3367 1721 3439 αὐτή
1736 3361 1802 3435 &Mb

267 3459 298 3520 τὸ
321 3459 396 3526 ιιλέος
414 3457 609 3538 σίνυψώσαντες.
654 3459 702 3532 (ιε)
728 3455 814 3516 Πάλιν
841 3455 869 3514 δέ
892 3454 966 3534 νόμῳ
988 3457 1047 3512 θεοῦ
1101 3458 1196 3524 πολιν,
1211 3459 1246 3523 ὥς
1259 3447 1347 3533 οἶδας,
1362 3461 1398 3527 ῶς
1414 3459 1523 3538 βούλει,
1540 3459 1681 3539 περίσωοοι.
1713 3450 1803 3514 ’θσλιοέ

269 3544 490 3628 στρατηγούμενοι
505 3543 550 3602 καί
565 3551 617 3612 τοῖς
631 3544 766 3610 Μωυσέως
779 3545 866 3624 λόγοις
884 3542 1046 3622 πειθαρχού·
1102 3544 1147 3602 καί
1160 3554 1246 3622 τιῖχος
1266 3544 1313 3603 ’καί
1324 3544 1429 3624 θυρεούς
1441 3546 1489 3605 καὶ
1504 3546 1642 3628 στρατηγὸν
1653 3544 1717 3604 αύτύν
1729 3541 1803 3620 προίτλ

269 3657 342 3710 μενοι
356 3633 454 3700 πολλδις
469 3631 517 3708 μὲν
532 3635 583 3691 τῶν
598 3632 733 3711 πολεμίοιν
749 3633 837 3699 πόλεις
851 3631 1046 3710 ἐξεπόρθησαν,
1101 3631 1214 3710 λόμεθσ·
1228 3632 1295 3705 αὐτή
1320 3639 1367 3692 τοῦ
1390 3636 1458 3694 λαοῦ
1480 3657 1528 3694 σου
1546 3634 1720 3713 ὑπερμάχηται.
1749 3629 1806 3703 ‘de‘

268 3723 375 3784 πολλῶν
406 3720 433 3780 δέ
458 3718 589 3798 σωμάτων
616 3720 781 3800 ἐκράτησαν,
799 3719 900 3792 πολλὴν
923 3717 949 3778 δέ
972 3717 1047 3776 λείαν
1102 3742 1144 3779 σοι
1164 3720 1212 3788 τὰς
1233 3719 1344 3800 καρδίας
1367 3721 1501 3802 καθαράς,
1524 3724 1572 3796 ὅση
1592 3721 1698 3796 δύναμις,
1716 3713 1806 3798 ρύτονιεὶ

269 3809 530 3890 ἐλαφυραγώγησαν,
548 3807 594 3866 καὶ
614 3811 714 3880 πολλῆς
739 3810 868 3886 θυμηδίας
892 3806 937 3864 καί
961 3813 1047 3884 χαρᾶς
1101 3814 1192 3869 παθῶν
1206 3807 1314 3876 ἑαυτούς
1329 3808 1526 3888 ἐξαρπάσαντος
1539 3813 1694 3890 παραστῆσαι
1709 3804 1806 3864 στωδάσο

267 3899 476 3970 ἐνεπλήσθησαν.
521 3896 576 3957 Καὶ
590 3896 747 3976 παρέμεινεν
769 3895 800 3954 διν
816 3897 904 3961 αὐτοῖς
918 3898 935 3964 ἡ
951 3893 996 3952 ἐπὶ
1013 3896 1046 3971 τῇ
1102 3919 1164 3973 μιν·
1179 3895 1245 3968 αὐτή
1260 3895 1308 3963 τδς
1329 3894 1427 3974 βουλδις
1443 3901 1495 3957 τῶν
1510 3897 1567 3957 καθ’
1578 3900 1648 3972 ήμῶν
1660 3889 1806 3972 ἐξωφρυιηιεέθ1

270 3986 328 4064 νίκη
344 3983 458 4062 θυμηδία
473 3984 518 4046 καλ
531 3985 636 4066 τέρψις,
653 3986 676 4043 εἰ
691 3983 729 4060 μὴ
745 3984 890 4064 ἀχαριστία
904 3981 965 4049 τούς
977 3981 1047 4061 ὄφεις
1103 3984 1287 4044 διασκίδασον.
1329 3983 1377 4044 Ἂν
1397 3984 1450 4064 γάρ
1474 4008 1500 4044 tt
1522 3985 1567 4044 καὶ
1590 3983 1765 4064 παρσσρσλῶμο
1777 3978 1807 4032 ιθι

267 4077 326 4132 καθ’
341 4075 439 4132 ἑαυτῶν
465 4073 692 4153 ἐπεστράτευσαν,
708 4071 765 4133 ἐπεί
784 4070 822 4150 μή
845 4067 1047 4153 παρῆν-ἐθνοςδ
1101 4074 1303 4154 ἐπηγγελμένων
1322 4074 1404 4150 ἡμῖν,
1419 4075 1467 4133 σόν
1487 4079 1545 4135 ἐστι
1564 4073 1594 4132 τθ
1609 4063 1807 4152 δωρθύσσσθεε,νᾶ’

267 4159 315 4231 τήν
330 4160 373 4220 ἐπί
396 4166 429 4240 τῇ
446 4161 588 4241 ἀχαριστίᾳ
606 4159 709 4221 δικαίαν
724 4155 903 4239 ἀγανάκτησιν
915 4164 963 4219 τοῦ
987 4161 1045 4218 θεοῦ
1101 4163 1158 4220 ἐστι
1175 4161 1206 4220 τὸ
1219 4165 1297 4242 χεῖρα
1315 4169 1368 4229 τοῖς
1388 4160 1433 4220 ἐπὶ
1454 4163 1517 4242 γόνυ
1539 4165 1642 4222 κλιθεῖσι
1656 4149 1807 4238 παρισχιῑιεεῖ

268 4249 311 4308 διδι
335 4248 420 4330 ξίφους
444 4249 591 4328 ἀνεπλήρου
614 4251 659 4310 καὶ
683 4249 857 4309 άνιδείκνυτο.
901 4247 945 4326 (⁴7)
966 4246 1047 4308 Ούτω
1102 4253 1251 4323 ἀναστῆσαι
1264 4255 1311 4310 τοῦ
1321 4249 1474 4326 πτώματος.
1489 4278 1502 4304 ι
1543 4251 1590 4329 (τι)
1604 4249 1713 4324 Εἴπομεν
1723 4243 1808 4316 τεῖεεεῇ

270 4338 426 4416 μαστίζεται
440 4337 502 4404 λαδς
517 4337 677 4418 ἁμαρτάνων
691 4335 708 4410 ἢ
726 4337 809 4420 ξίφεσι
829 4337 963 4415 πολεμίων
980 4344 1049 4417 θερι·
1101 4337 1222 4422 παρθένῳ
1236 4339 1281 4397 καί
1296 4337 1334 4414 μὴ
1346 4328 1524 4419 θεασώμεθα,
1537 4337 1579 4397 ἵνα
1593 4338 1628 4416 μὴ
1639 4341 1680 4408 τῆς
1691 4335 1754 4402 κελῆ(
1762 4331 1807 4403 ίέίθ

269 4425 372 4503 ζόμενοι
387 4423 404 4497 ἢ
419 4425 514 4505 θηρίων
537 4426 624 4485 ὀδοῦσι
642 4425 839 4501 κατεσθιόμενοι
860 4425 877 4496 ἢ
896 4426 981 4505 κλόνῳ
1001 4431 1048 4505 γῆς
1102 4426 1206 4493 ἐλπίδος
1220 4428 1433 4507 διαψευσθῶμεν,
1444 4427 1488 4487 ίνα
1501 4433 1547 4499 ιη”ς
1560 4424 1701 4507 προσδοκίας
1713 4421 1741 4497 μὴ
1752 4437 1807 4493 τογε-

270 4515 317 4575 καὶ
334 4517 447 4595 βρασμῷ
464 4513 540 4594 βιαίῳ
550 4515 734 4591 παιδευόμενοι
748 4512 764 4584 ἢ
781 4521 907 4586 σκηπτοῖς
919 4514 1048 4594 οὐρανίοις
1102 4510 1257 4596 σφαλῶμεν,
1268 4511 1410 4576 ίνασάλου
1424 4517 1469 4575 καί
1488 4514 1610 4592 κυμάτων
1623 4511 1662 4571 καί
1675 4509 1740 4579 ξόληι
1748 4503 1807 4561 τίθθ

270 4601 543 4684 άπανθρακούμενοιῆ
557 4605 666 4681 καρπῶν
676 4601 772 4682 ἀφορίᾳ
782 4601 930 4678 πιεζόμενοι
941 4601 959 4673 ἦ
972 4603 1048 4683 άέρος
1102 4607 1140 4684 τῷ
1160 4605 1210 4683 βίῳ
1232 4606 1321 4662 κακῶν
1340 4601 1564 4684 ὐπερανασχόντες
1577 4605 1622 4674 τῆς
1639 4595 1747 4676 σωτηρίαι
1761 4592 1808 4663 {W
1843 4640 1845 4682 γ

272 4689 359 4772 φθόρῳ
385 4689 613 4771 συμφθειρόμενοι.
665 4691 718 4750 Καὶ
738 4687 833 4770 τρόπος
853 4688 987 4756 κολάσεως
1000 4692 1048 4749 οὐκ
1102 4693 1141 4771 τῷ
1154 4690 1241 4766 λιμένι
1255 4693 1502 4772 ἐγκαθορμισθῶμεν
1517 4693 1616 4761 καὶτῆς
1630 4681 1753 4764 ἐπωρανίω
1764 4677 1809 4743 δόξει
1843 4694 1845 4759 ξ

271 4776 436 4860 ἐξαπορεῖται
453 4779 618 4852 κατάλληλος
632 4785 669 4858 τῷ
685 4781 730 4836 τοῦ
745 4777 898 4856 σφάλματος
913 4774 1049 4848 ἐπετηδεύ·
1103 4778 1307 4856 καταξιωθῶμεν
1323 4783 1413 4861 χάριτι
1434 4781 1479 4840 καὶ
1497 4776 1669 4861 φιλανθρωπίη
1684 4766 1809 4849 Χρισενῖθέ
1843 4776 1845 4855 ξ

1603 4953 1806 4987 „d
1843 4884 1845 4969 ί

301 5099 317 5164 §
329 5105 369 5152 42.
384 5100 533 5164 σκυλεύσεις]
544 5101 662 5158 σκυλεύεις
674 5097 747 5160 ωιλς
760 5112 809 5149 σευ.
821 5100 850 5150 N.
862 5098 935 5162 ss-§
948 5102 987 5149 43.
996 5099 1235 5162 λασυραγωγήσωμιν
1244 5097 1315 5157 σούς
1330 5111 1377 5149 em.
1389 5100 1418 5148 N.
1431 5097 1441 5160 ss
1452 5097 1504 5159 -§
1515 5100 1555 5147 47,
1566 5078 1808 5167 παιὰυόμενσιΠίεριξθ

271 5172 354 5223 habet.
365 5176 404 5224 Διι
415 5172 581 5236 σαλευόμενοιῖ
594 5169 606 5236 ΙΙ
620 5199 652 5212 -
663 5173 731 5222 πάλιν
738 5169 821 5234 ἄλλος]
830 5187 856 5222 π.
867 5171 943 5226 άλλως
954 5169 1011 5221 eod.
1025 5171 1037 5234 ΙΙ
1048 5195 1075 5206 -
1086 5168 1230 5233 συνηνέχθη]
1249 5170 1390 5234 συνελίχθηε
1405 5170 1551 5233 walion?
1565 5165 1616 5230 γ..
1625 5164 1638 5228 ς
1648 5162 1744 5222 M&
1753 5143 1809 5208 τηνεί
