3809 5859
414 303 665 365 MECHEMETIS
686 303 814 366 ANNUS
834 304 912 365 vili.
935 306 1015 366 6666
1038 306 1218 381 (itm-168
1238 307 1272 366 P.
1298 304 1358 383 (1.).
1599 342 1609 359 ·
1635 310 1716 405 493ί

75 460 171 515 μενος.
214 435 304 516 (τ)οί
327 437 355 497 66
377 438 405 494 ἐν
427 436 486 505 ταῖς
509 438 629 515 Πάτραις
643 435 690 508 666
704 436 763 496 κατ’
776 440 860 497 αὐτῶν
914 436 937 494 δ’
951 438 1048 496 ἐκεῖθεν
1065 437 1177 510 ἤλαυνεν
1193 437 1237 496 ἐπὶ
1252 440 1391 518 Κόρινθον,
1406 438 1493 497 πάντα
1516 438 1550 499 τά
1572 460 1692 519 προστυ-
1715 480 1726 504 s

77 527 176 607 ἔφοδον
191 531 238 585 τοῦ
251 523 379 605 βασιλάως
391 523 529 601 μαθόντες,
539 523 664 595 ἐκπλήξει
674 527 719 584 καὶ
729 524 803 606 φόόῳ
813 528 862 597 λη·
916 521 999 604 χόντα
1012 524 1157 605 χειμάρρου
1173 524 1247 597 δίκην
1263 524 1424 605 παρασύρων
1444 548 1473 584 τε
1491 526 1536 585 καὶ
1557 528 1599 606 ύφ’
1610 530 1694 607 ἐαυτῷ

76 614 206 695 φθάντες,
218 613 292 682 εύθθς
302 612 451 679 ἐκλιπόντες
464 612 513 683 τήν
525 636 552 671 τε
563 614 640 673 πόλιν
649 616 695 674 καὶ
708 614 742 673 τά
753 616 862 685 ἑαυτῶν,
916 611 1083 690 ποιούμενος,
1097 612 1130 671 τθ
1145 611 1230 671 δὲκαὶ
1249 606 1527 693 ὶξανδραποδιζόμενός
1540 638 1568 674 τε
1582 615 1628 673 καὶ
1641 639 1693 675 κα-

75 701 186 787 ᾤχοντο
204 700 340 784 φεύγοντες
355 698 397 770 ξύν
412 699 513 779 γυναιξί
526 702 571 760 καὶ
594 700 708 774 τέκνοις,
731 704 755 760 οί
775 701 823 778 μὲν
837 705 862 769 ἐς
917 699 1077 759 τασκάπτων
1091 700 1206 767 τελείως.
1252 700 1287 779 (ε)
1303 699 1468 782 Ἀφικόμενος
1491 703 1514 760 δ’
1527 704 1552 769 ίς
1567 702 1692 779 Κόρινθον

76 792 132 859 τθις
146 789 320 859 ίντδςπόλεις
332 788 532 861 Πελοποννήσου
545 792 597 847 τῶν
611 787 740 861 Ἐνετῶν,
754 792 778 848 ot
797 788 824 848 δὲ
837 792 862 857 ἐς
915 787 1068 865 θβασιλεθς
1093 780 1165 866 εύρεν
1191 788 1229 849 ἔτι
1252 788 1474 869 πολιορκουμένην
1498 790 1545 848 καὶ
1565 791 1689 868 μηδαμοῦ

79 879 250 940 Ναύπακτον
273 876 521 956 διαπεραιωθέντες,
542 879 623 954 μόνην
649 877 697 948 τὴν
721 876 861 956 ἀκρόπολιν
916 874 1065 934 ίνδιδοῢσαν
1091 875 1184 947 αὑτήν.
1229 876 1486 954 Κοινολογησάμενος
1510 866 1562 951 666
1580 880 1693 958 Μαχου-

78 966 273 1033 καταλιπόντες
286 968 314 1025 ίν
328 965 444 1046 φυλακῇ.
476 964 651 1044 (τ)Παοιλεθς
664 964 692 1023 δλ
707 966 862 1047 ἀφικόμενος
917 962 1009 1036 μούτει
1033 964 1079 1023 καὶ
1102 972 1155 1031 τοῖς
1180 965 1269 1031 ἄλλοις
1297 964 1446 1043 σατράπαις
1467 964 1512 1024 καὶ
1538 966 1693 1044 στρατηγοῖς

77 1058 108 1122 θς
125 1056 236 1134 Πάτρας
248 1053 295 1113 καὶ
305 1054 353 1125 τὴν
368 1052 445 1115 πόλιν
460 1053 557 1133 ίρημον
569 1050 650 1132 εύρθιν
666 1053 711 1111 καὶ
724 1052 801 1125 κενὴν
817 1056 860 1112 α’ν·
916 1048 1001 1119 ἔδοξεν
1017 1053 1103 1119 αὐτοῖς
1127 1055 1201 1129 κοινῇ
1226 1052 1532 1131 βουλευσαμένοιςπάαη
1556 1053 1601 1112 καὶ
1625 1056 1693 1133 χειρί

81 1143 155 1222 δρῶν
166 1140 275 1201 άπολύει
288 1140 336 1211 τλν
347 1140 471 1222 στρατιάν
483 1142 509 1206 ἐς
522 1140 671 1220 διαρπαγὴν
682 1144 734 1202 τῶν
747 1143 774 1199 ίν
786 1145 863 1222 αὐτῇ,
917 1137 963 1197 καλ
977 1136 1085 1214 δυνάμει
1098 1140 1146 1199 καὶ
1158 1148 1212 1205 τοῖς
1224 1139 1312 1205 άλλοις
1323 1138 1514 1220 θπάρχουσιτῇ
1525 1139 1600 1200 παλαι
1612 1163 1694 1220 προσ·

79 1229 134 1301 τὴν
148 1229 177 1289 66
192 1229 333 1309 άκρόπολιν
347 1228 436 1309 κύκλῳ
446 1227 579 1309 περισχὼν
591 1232 629 1307 τῷ
642 1232 746 1309 στρατῷ
757 1227 803 1288 καί
816 1253 862 1289 ιτε-
917 1222 1010 1283 θαλεῑν
1031 1224 1078 1285 καλ
1100 1224 1277 1307 πειράσεσθαι
1298 1226 1388 1307 τρόπῳ
1408 1227 1487 1286 παντλ
1502 1224 1527 1284 τί
1541 1249 1572 1304 γε
1587 1226 1693 1286 δυνατὸν

83 1316 268 1398 ρισταυρώαας
282 1318 408 1377 πάντοθεν
423 1315 469 1375 καλ
491 1315 614 1396 μηχανάς
637 1317 781 1389 ἐπιστάσας
800 1319 863 1377 ίπο-
917 1311 944 1381 ἐξ
958 1313 1050 1395 ἐφόδου
1066 1316 1112 1395 βίφ
1125 1318 1178 1383 τοῖς
1192 1314 1281 1383 όπλοις
1294 1314 1393 1387 ταύτην
1406 1317 1472 1374 ίλιῒν
1487 1315 1546 1389 (ἤδη
1561 1312 1612 1395 γάρ
1627 1338 1693 1373 κατ·

81 1407 196 1486 λιόρκει.
240 1408 275 1483 66)
289 1408 326 1465 06
339 1403 368 1463 66
389 1404 459 1470 ἐντός
477 1404 583 1485 φρουροί
604 1404 734 1485 δείσαντες
747 1405 792 1464 τόν
811 1405 863 1466 άπὸ
916 1424 945 1479 ep
948 1402 1024 1484 ρίφθη
1043 1402 1089 1462 καί
1107 1402 1185 1482 μέρος
1200 1427 1227 1463 τι
1244 1408 1289 1464 τοῦ
1303 1402 1364 1483 περὶ
1387 1403 1436 1477 τὴν
1454 1403 1569 1483 πάροδον
1586 1403 1694 1471 καὶτὰς

81 1515 140 1554 των
147 1491 462 1574 αηχανωνκινδυνον,μῆ
472 1515 518 1551 του
503 1490 625 1573 τείχους
635 1492 862 1575 καταρριφθίντος,
916 1489 1002 1558 πύλας
1018 1489 1119 1571 τείχους
1133 1498 1191 1558 ταῖς
1206 1490 1349 1572 μηχαναῖς)
1364 1490 1467 1563 6666
1429 1490 1467 1569 μὴ
1490 1492 1575 1567 μάτην
1591 1492 1629 1552 ἔτι
1644 1514 1693 1551 κα·

84 1585 207 1663 ληφθῶσι
224 1580 268 1661 βίφ
282 1590 336 1647 τοῖς
356 1580 460 1651 ὅπλοις,
475 1603 520 1639 και
509 1579 637 1659 περὶ
613 1604 643 1640 το
660 1584 692 1650 Γ
675 1605 707 1640 ν
730 1580 861 1640 κινδυνεύ-
916 1576 1093 1691 669666666'
1098 1578 1144 1637 καί
1157 1588 1244 1641 πονεῖν
1265 1583 1386 1641 τοσοῦτον
1402 1580 1453 1653 ἤδη
1472 1580 1565 1658 χρόνον
1582 1602 1692 1659 περικα-

83 1693 171 1746 σωσι,
194 1675 393 1775 προσχωροῦσιν
424 1668 550 1746 ὁμολογίᾳ
576 1692 614 1748 τῳ
639 1671 803 1749 βασιλεῖ,
778 1672 818 1729 66'
839 1660 862 1751 ᾧ
916 1665 1093 1739 θημίνους’
1064 1672 1131 1747 αυτῇ
1150 1668 1194 1731 καὶ
1211 1668 1324 1746 μηδὲν’
1310 1668 1445 1735 ανύοντας.
1489 1668 1520 1748 (ι)
1533 1666 1620 1728 Ὀτε
1642 1666 1693 1776 γάρ

83 1757 170 1834 μηδάν
183 1782 210 1816 τι
224 1758 306 1817 κακὸν
319 1762 428 1816 παθεῖν·
421 1756 530 1815 καλ
496 1779 585 1834 μεντοι
594 1780 624 1835 γε
636 1756 696 1817 ουοδ
707 1758 861 1821 πεπονθασι
916 1752 1008 1832 χρόνος
1029 1758 1075 1825 τῆς
1095 1755 1247 1837 πολιορκίας
1269 1757 1358 1823 ίκανδς
1383 1748 1432 1828 66·
1446 1755 1606 1835 τετράμηνος
1629 1755 1691 1833 γάρ·

83 1846 120 1926 (τι)
137 1844 269 1913 Βασιλεὺς
286 1843 379 1916 66666
401 1845 542 1924 ἀκρόπολιν
561 1868 616 1925 παρ
619 1845 724 1904 αλαόών
744 1846 862 1922 φυλακὴν
915 1841 934 1913 ἥ
963 1866 992 1901 τε
1026 1866 1059 1902 στ
1060 1844 1137 1925 ρατιδ
1170 1870 1208 1925 τιμ
1243 1847 1323 1919 μήκει
1354 1844 1452 1917 ταύτης
1488 1850 1694 1911 κακοπαθοῦντες

83 1934 275 2048 ἔγκαθίοτησι,
291 1932 337 1992 καί
358 1932 486 2013 Πατρέων
501 1932 719 2012 διακηρυκεύεται
733 1943 786 2000 τοῖς
803 1939 863 2014 βοὺ·
916 1868 1090 2039 ἤχθοντο,ρ’
1058 1956 1091 1993 τα
1105 1956 1132 1993 τε
1149 1934 1347 2015 άχθοφόρατιιιι
1360 1933 1432 2014 ζώων
1446 1934 1517 2013 λιμῷ
1529 1931 1694 2012 διεφθείρετο,

82 2023 205 2098 λομένοις
219 2012 292 2090 αύθις
307 2022 334 2088 ἐς
345 2019 392 2092 τλν
403 2021 480 2079 πόλιν
494 2021 561 2081 ῖίναι
577 2020 624 2081 καλ
635 2030 765 2082 κατοικεῖν
788 2025 862 2083 ἕλευ·
916 2023 964 2091 τῆς
977 2023 1024 2099 γῆς
1038 2021 1181 2101 δῃουμάνης
1196 2021 1316 2095 ἁπάσης,
1333 2022 1401 2081 άλλα
1420 2045 1449 2080 τε
1470 2019 1556 2079 πολλὰ
1577 2018 1695 2096 ἐπιγενό·

84 2111 176 2190 θερίαν
190 2110 235 2170 καλ
249 2112 368 2171 άτάλειαν
379 2108 490 2219 χρόνριν
494 2112 579 2199 ῥητῶν
590 2110 637 2169 καί
650 2110 793 2187 κτημάτων
807 2112 864 2170 ῖπί-
918 2130 985 2183 μενα
998 2107 1147 2167 6666666’
1119 2108 1210 2177 αυτούς
1223 2114 1353 2191 ἰσχυρῶς,
1369 2131 1415 2168 και
1405 2108 1476 2170 δεδι
1488 2115 1563 2169 τοῦτο
1583 2105 1695 2179 ἢούτως
1761 2115 1765 2123 “

85 2199 175 2257 δοσιν·
189 2196 265 2279 6⁶66?
267 2220 329 2257 εσκε
346 2196 397 2307 γάρ
421 2198 492 2255 αύτω
473 2188 599 2279 ’διαφερ
599 2198 680 2265 όντως
700 2198 719 2266 ἧ
741 2222 770 2257 τε
790 2200 863 2269 πόλις
916 2194 1088 2266 ἣθκείνωτ’
1074 2200 1258 2269 απανσοτῆναι
1277 2195 1374 2268 ταύτης
1389 2196 1537 2258 ίόούλοντο.
1583 2197 1615 2273 (ε)
1636 2196 1694 2253 Πα-

84 2286 158 2358 καιὴ
172 2286 259 2367 χώρα,
269 2284 406 2366 πάμφορός
418 2308 447 2343 τε
461 2255 527 2346 οθσα
541 2286 587 2345 καὶ
601 2284 798 2354 θίαεωςοῖκείας
812 2292 862 2347 λα-
919 2283 1147 2364 ρασκευασάμενος
1159 2274 1204 2343 666
1215 2288 1229 2345 6
1242 2284 1364 2364 βασιλεὺς
1380 2282 1426 2343 καλ
1445 2294 1532 2345 πᾶσαν
1548 2282 1596 2357 τὴν
1615 2304 1681 2361 στριι

82 2380 188 2453 χοῶσα,
206 2377 233 2433 6
248 2377 323 2433 καλῶ
339 2397 369 2433 τε
391 2372 503 2451 κειμίνη
523 2378 569 2444 τῆς
592 2375 795 2446 Πελοποννήσου
818 2400 863 2435 και
916 2370 974 2431 τιθιν
989 2370 1099 2441 ἐκτάξας
1117 2396 1145 2432 τε
1163 2396 1207 2431 και
1197 2373 1329 2439 ὁπλίσας
1348 2372 1520 2446 καλῶς,τούς
1537 2394 1565 2430 τε
1581 2373 1608 2429 tv
1624 2370 1693 2429 τίλει

82 2463 151 2541 πρὸς
166 2466 204 2543 τῷ
217 2462 391 2541 στόματιτῶ
409 2460 538 2541 Κρισαίου
558 2462 724 2540 κόλπου,
691 2486 725 2543 τῃ
743 2487 771 2523 τε
792 2466 863 2523 άντι-
916 2459 1033 2536 πάντας,
1049 2459 1186 2538 σατράπας
1197 2460 1226 2521 τό
1240 2484 1308 2542 φημι
1322 2459 1369 2519 καί
1389 2458 1551 2541 στρατηγούς
1568 2457 1614 2523 καί
1629 2463 1694 2535 ἡγε·

83 2552 169 2632 πίρας
189 2552 291 2633 ἠπείρῳ
305 2550 349 2610 διθι
363 2554 408 2608 τοῦ
427 2552 511 2609 ίκεῖσε
526 2548 600 2610 Ῥίου
616 2550 798 2626 σκεπτομένη
818 2551 863 2612 καὶ
917 2548 997 2624 μόνας
1017 2552 1069 2607 τῶν
1091 2546 1189 2617 τάξεων
1209 2549 1255 2609 καὶ
1276 2545 1308 2619 66
1331 2547 1377 2607 καλ
1395 2548 1557 2627 στρατιώτας
1587 2546 1693 2617 αύτούς,

83 2638 120 2696 τθ
133 2640 212 2710 αύτῆς
224 2637 395 2718 καρπουμένη
409 2638 513 2708 καλῶς,
523 2636 569 2695 καὶ
580 2647 661 2696 πᾶσιν
672 2637 760 2707 ἄλλοις
772 2638 863 2708 ἁπλῶς
920 2634 1066 2716 παροξύνας
1078 2659 1107 2696 τε
1123 2637 1168 2696 καὶ
1190 2635 1393 2717 παραθαρρύνας
1407 2638 1431 2703 ίς
1452 2634 1482 2695 τθ
1501 2638 1625 2712 πολεμεῖν
1648 2633 1694 2692 καὶ

84 2727 264 2838 εὐθηνουμένη
278 2728 379 2792 καλοῖς.
421 2726 472 2787 Διά
485 2750 526 2786 τοι
538 2728 615 2785 τοῦτο
627 2725 673 2785 καὶ
688 2725 750 2803 περί
764 2728 862 2787 πολλοῦ
918 2722 1183 2801 παρακελευσάμενοι
1198 2724 1292 2803 ἄνδρας
1316 2723 1427 2802 ᾶγαθοῦτ
1451 2726 1579 2804 φανῆναι
1598 2720 1694 2801 προσέ-

85 2815 138 2885 πλν
154 2815 278 2888 ταύτης
265 2814 402 2874 ῖυνοίκισίν
422 2837 450 2873 τι
473 2814 518 2872 καὶ
542 2813 662 2893 φυλακὴν
677 2815 802 2874 άποιεῑτο·
817 2817 863 2875 καὶ
917 2809 1000 2869 όαλλε
1028 2813 1060 2888 τῇ
1087 2810 1163 2869 πόλει
1188 2814 1311 2921 ίρχυρῶς.
1354 2814 1386 2890 (ε)
1413 2810 1465 2872 Καί
1491 2809 1639 2879 ξυνίσταται
1662 2810 1693 2881 66

83 2903 199 2979 μέντοι·
196 2926 275 2980 εκαι
264 2902 432 2983 ξυνωκισεν
473 2902 504 2981 (6
515 2900 772 2980 Πμίραςδθίκανλς
783 2904 862 2962 66
817 2926 862 2962 66
917 2898 992 2977 μάχη
1014 2920 1110 2977 καρτερ
1112 2897 1251 3011 θπερίτε
1264 2900 1311 2968 τλς
1324 2900 1409 2968 πύλας
1428 2899 1474 2959 καῖ
1495 2899 1543 2971 666
1567 2898 1694 2977 πάροδον·

84 2928 224 3073 διατρίφίες
247 2991 292 3051 καλ
312 2963 347 3049 τθ
364 3012 414 3069 περ
416 3014 424 3049 ι
414 2988 525 3059 αὐτὴν
544 2987 654 3069 φρούρια
669 2990 863 3070 χειρωσάμενος
917 2989 1028 3044 ἐνταῦθα
1054 2978 1141 3068 γάρ
1124 3010 1155 3059 ην
1177 2986 1222 3047 καί
1247 2987 1366 3063 μόνον
1342 3010 1372 3047 το
1392 2990 1483 3047 δοκοῦν
1503 2988 1673 3094 ἑπίμαχρν,“
1659 3011 1694 3054 ως

83 3080 174 3141 πάντα
190 3080 236 3139 καί
251 3078 376 3161 φρουρούς
390 3077 642 3156 ἐγκαταστήσας’
611 3083 678 3157 αυτῇ
697 3103 726 3137 τε
746 3078 792 3138 καί
808 3088 863 3147 τοῖς
916 3097 964 3144 της
976 3096 1006 3149 γε
1024 3074 1106 3146 ἄλλης
1121 3074 1227 3146 ἆπᾶσης
1245 3076 1385 3143 πόλεως
1371 3074 1511 3155 απῠμᾶχθυ
1525 3073 1693 3133 παντάπασίν

83 3168 176 3235 ἄλλοις
199 3191 279 3249 φ
220 3191 264 3247 ου
266 3168 398 3248 ρίοις,
365 3191 412 3277 ττγς
435 3164 482 3243 μλν
503 3174 627 3244 στρατιᾶς
642 3166 717 3232 εύθθς
732 3167 863 3245 ἐκπίμπει
916 3159 1009 3276 υύσιφς·
1023 3185 1068 3220 και
1083 3161 1183 3271 γίνεται
1198 3164 1310 3240 ὠθισμὸς
1324 3168 1435 3224 ἐνταῦθα
1446 3161 1581 3231 πολθςκαί
1592 3160 1693 3241 κραυγὴ

84 3256 164 3336 μίρος
176 3257 261 3315 κατα
263 3278 355 3335 ααειν
368 3278 417 3326 ’τν
430 3276 459 3313 τε
470 3252 578 3313 Ἠλείαν
593 3254 637 3312 καί
650 3256 803 3328 Μεσσανιαν
818 3258 863 3316 καῖ
919 3247 985 3325 παρ
996 3249 1294 3331 66606'666666666
1312 3252 1356 3310 καί
1373 3252 1529 3332 τραύματα.
1545 3254 1592 3323 6³6:
1607 3250 1696 3329 μάνης

82 3344 121 3403 τά
138 3344 247 3424 περλ’
218 3344 296 3411 αυτάς
314 3342 418 3401 ἅπαντα
437 3342 483 3402 καῖ
499 3340 641 3412 ληίσασθαι
663 3346 796 3424 καρτερῶς
817 3344 863 3403 καὶ
916 3337 1009 3450 σχεδὸν
1037 3336 1089 3411 ἤδη
1116 3337 1237 3404 ῖυσταδδν
1257 3339 1414 3451 γιγαμίνης.
1449 3339 1627 3416 Βιασάμενοι
1651 3330 1694 3398 666

82 3430 135 3503 την
148 3432 222 3490 λείαν
234 3433 350 3490 πᾶσαν
335 3455 372 3497 ως
383 3432 461 3489 αυτον
475 3431 595 3507 ἀγαγεῖν.
621 3448 636 3479 ⁰
916 3424 975 3491 τοθς
999 3424 1217 3505 προμαχομένους
1242 3426 1377 3504 εύρώατως
1399 3429 1423 3487 ot
1446 3430 1552 3487 ὁπλῖται
1579 3427 1695 3504 γίνονται

129 3518 177 3581 Vl.
202 3519 288 3588 Αὐτὸς
310 3518 337 3577 66
355 3518 403 3589 τὴν
422 3518 504 3589 οἷλλην
525 3520 649 3598 στρατιάν
668 3518 862 3599 άναλαόθινῇει
916 3512 1039 3579 ἐντὸς”
1004 3536 1056 3571 των
1077 3514 1167 3573 πυλῶν
1182 3522 1227 3574 τοῦ
1241 3516 1448 3594 κατερριμμένοι)
1466 3514 1571 3594 πρώτου
1594 3514 1695 3594 τείχους

83 3605 172 3665 666
139 3630 185 3679 ττς
196 3605 520 3685 παραλίαςτουίίρισαιου
529 3606 653 3665 κόλπου
639 3630 674 3672 ως
683 3605 726 3665 ίπλ
737 3608 861 3686 Ιίορινθον
917 3598 1097 3670 καίαῦτθῧδθ
1109 3604 1153 3659 τοῦ
1169 3600 1271 3681 τείχους
1285 3603 1347 3681 ἓγκρ
1348 3611 1427 3669 ατῐῑο
1452 3602 1653 3682 ίῖίΒῑθίθμῑνῦῑ
1667 3601 1695 3661 ὅθ

83 3718 132 3755 και
123 3695 304 3776 προσύάλλει
317 3693 350 3766 66
359 3696 435 3753 πόλει
449 3694 499 3752 τινλ
510 3693 680 3773 παραλίῳ”
644 3718 696 3753 των
708 3696 861 3798 ὀνομαστῶν
917 3686 963 3744 καὶ
976 3711 1021 3746 του
1005 3688 1154 3759 δευτέρου
1164 3688 1291 3770 τείχους
1277 3712 1330 3751 εσω
1343 3692 1497 3799 παρελθεῖν,
1515 3690 1694 3749 ἐκακοπάθουν

83 3776 215 3845 Βόστιτζα
237 3773 438 3853 καλουμένη
414 3796 444 3833 το
465 3778 523 3831 νῦν·
538 3772 585 3833 καλ
609 3774 779 3846 καταπλήξας
802 3773 861 3841 τούς
917 3774 1017 3879 ίσχυρ
997 3798 1048 3851 ως,
1071 3775 1141 3834 κατδι
1169 3776 1289 3852 μίτωπόν
1316 3799 1343 3835 τι
1364 3778 1452 3843 αὐτοῖς
1475 3776 1693 3857 προσόαλλόντων

85 3861 158 3931 ἐντὸς
184 3864 297 3941 ἰσχυρῶς
321 3859 348 3929 ἐξ
373 3860 465 3938 ἐφόδου
488 3857 532 3917 καί
560 3859 662 3936 μόνης
656 3857 794 3936 λαμόάνέι
817 3884 861 3919 και
916 3866 969 3921 τῶν
983 3862 1105 3922 ἐναντιων
1117 3862 1209 3943 δορασι
1225 3886 1334 3945 μακροις
1347 3864 1394 3924 καὶ
1408 3863 1507 3934 ξυστοις
1516 3887 1561 3923 και
1551 3865 1693 3943 παλτοις,

84 3949 184 4022 ταύτην
195 3947 322 4029 όμολογια
330 3966 376 4007 και
365 3946 506 4028 φυλακην
520 3946 713 4025 ἐγκαθίστησιν.
740 3944 795 4029 (ε)
793 3954 862 4027 λρας
917 3948 963 4008 καλ
977 3950 1074 4009 άνωθεν
1089 3950 1188 4009 ἀπδ”
1153 3975 1204 4011 των
1218 3952 1304 4031 άκρων
1324 3952 1401 4011 ἕκατί
1404 3976 1447 4031 pou
1463 3952 1557 4031 μόρους
1569 3952 1625 4021 ίξ“
1615 3976 1694 4033 υπερ-

86 4116 252 4179 corporaudo
265 4129 334 4166 unco
346 4114 406 4178 ρειαί
425 4116 546 4166 delicioso
564 4115 650 4177 tuopo.
669 4114 741 4177 Apud
751 4114 972 4179 chnioooondylnrn
984 4130 1010 4181 p
1023 4121 1069 4167 452
1083 4118 1248 4170 Mechemetes
1261 4119 1294 4169 nd
1307 4119 1453 4169 Corinthum
1466 4120 1497 4171 de
1510 4134 1572 4184 pace
1584 4120 1695 4172 iacienda

84 4198 144 4235 cum
155 4188 236 4235 Asene
250 4188 277 4235 ei
284 4188 384 4235 Lucane
396 4198 471 4249 egeus
482 4186 548 4236 inter
558 4184 618 4233 elius
631 4183 783 4235 oonditionoe
795 4186 864 4249 ponii
876 4187 904 4237 τό
917 4204 945 4236 τε
958 4188 1050 4250 Δίγεισν
1064 4205 1105 4238 και
1096 4190 1209 4255 Πάτρας
1219 4206 1260 4239 και
1252 4192 1312 4249 την
1324 4192 1444 4255 περίοικον
1457 4192 1610 4253 παραδιδόναι
1621 4193 1693 4252 ἡμῖν,

85 4256 174 4306 δεῖσθε
192 4269 252 4321 pace
264 4257 413 4339 mmpositu‚
423 4256 531 4306 Thomas
543 4255 618 4305 urbes
631 4254 685 4305 illus
698 4256 789 4305 0660
803 4256 933 4307 tradidisse
954 4257 1059 4318 dicitur3
1072 4260 1208 4310 secundum
1222 4261 1375 4312 critobulum
1387 4262 1461 4311 Turoi
1475 4267 1527 4312 ium
1541 4262 1694 4311 retinuerunt
1732 4285 1740 4299 ·

83 4340 142 4391 qnae
152 4341 276 4377 armorum
289 4328 314 4376 vi
322 4326 373 4388 jam
382 4326 554 4391 possidebant.
569 4324 581 4389 [Ι

118 4399 133 4462 §
148 4405 172 4449 2.
181 4405 233 4456 ταις
245 4402 303 4449 anio
317 4399 421 4461 Πάτραις
435 4410 509 4447 manu
522 4403 536 4446 2
550 4396 671 4446 additum.
683 4393 695 4461 θ
707 4397 868 4460 -ληφθέντες
880 4398 938 4450 odd.
950 4412 1018 4463 mgo.
1035 4398 1088 4462 ss—
1098 4398 1113 4463 §
1127 4407 1150 4451 σ.
1162 4398 1258 4465 οἰκείας]
1268 4401 1383 4464 οἰκείας(
1374 4400 1430 4465 (sio)
1440 4414 1509 4465 nugo,
1520 4401 1614 4463 ἀρίστης
1626 4402 1687 4449 text.

85 4472 149 4522 nom
162 4470 282 4534 Κρηταῖον
294 4474 320 4520 εί
328 4470 408 4519 Ῥοίου
417 4469 472 4518 eod.
486 4468 497 4532 ΙΙ
508 4495 539 4504 -
549 4467 564 4532 §
575 4471 597 4517 7.
609 4470 649 4517 καὶ
660 4466 797 4525 Μεσσηνίαν
809 4467 867 4517 add.
877 4482 948 4531 mge3
961 4469 1046 4519 eedem
1058 4482 1146 4519 manus
1159 4470 1275 4535 deinceps
1288 4473 1340 4535 περὶ
1360 4471 1432 4528 αὐτάς
1454 4472 1562 4520 correxit
1579 4484 1623 4533 pro
1640 4472 1692 4529 περὶ

87 4543 158 4599 αὐτὴν
169 4540 236 4603 quod
246 4553 321 4589 manu
336 4545 347 4588 i
361 4539 491 4603 scriptum.

117 4613 160 4661 Vl.
178 4611 301 4674 Βόστιτῑα]
313 4610 373 4661 olim
385 4609 498 4671 Epium,
510 4620 560 4671 quo
576 4608 676 4658 nomine
693 4607 856 4658 Chuloncond.
867 4609 956 4659 utitur.
969 4610 979 4668 ΙΙ
992 4641 1021 4653 -
1031 4610 1045 4674 §
1056 4618 1078 4661 2.
1090 4611 1203 4676 χειμάρου
1223 4612 1278 4663 ood.
1292 4612 1302 4675 ΙΙ
1313 4612 1371 4675 —§
1388 4616 1412 4664 4.
1423 4609 1573 4675 τετράμηνός]
1587 4608 1691 4659 Secund.

86 4681 222 4732 Phrautmn
234 4680 252 4730 i.
262 4681 280 4731 t.
289 4679 455 4730 Meohemetes
466 4679 491 4728 in
503 4676 698 4742 Peloponnesum
712 4680 780 4729 venit
793 4678 853 4729 Maii
863 4678 904 4730 die
915 4679 1013 4731 decimo
1024 4685 1110 4744 sexto,
1125 4683 1259 4733 Corinthus
1272 4696 1331 4733 vero
1347 4696 1402 4733 seso
1420 4682 1515 4731 dedidit
1534 4681 1639 4741 Augusti
1654 4680 1694 4731 dio

85 4755 165 4804 sexto.
180 4753 219 4803 (Ξῖ.
232 4752 369 4802 chronicon
383 4750 415 4801 ed
428 4749 522 4800 euleem
536 4752 614 4799 Dueoe
624 4763 650 4813 p.
665 4755 711 4799 566
723 4750 763 4800 ed.
776 4752 853 4799 Bonn.
867 4768 873 4799 :
887 4754 928 4814 Τῷ
940 4754 1027 4817 ,ς7ηῖς’
1039 4754 1093 4818 μηνί
1112 4754 1184 4816 Παίῳ
1203 4754 1272 4815 ἦλθον
1285 4756 1299 4803 6
1312 4754 1402 4817 άμηριῖς
1415 4756 1428 4803 6
1445 4754 1555 4813 Πὲχεμετ
1569 4748 1694 4809 Τζαλάπης

87 4820 254 4886 (memo...
265 4823 289 4877 ἐς
301 4822 342 4872 τὸν
354 4820 468 4883 Πωραίαν
479 4822 520 4869 καὶ
533 4820 664 4882 παρέλαθεν
677 4822 717 4876 τὴν
731 4819 840 4881 Πάτραν,
852 4820 881 4871 τθ
896 4824 1016 4885 Μοοχλιν,
1028 4824 1067 4872 καὶ
1080 4824 1219 4885 Αὐγούστου
1231 4824 1315 4880 εἰςτὰς
1332 4832 1355 4879 ς’
1367 4818 1497 4887 παρελάόεν
1512 4822 1555 4879 τὴν
1568 4822 1692 4881 Κόρινθον.

87 4892 160 4943 Haud
172 4893 247 4955 igitur
257 4892 397 4956 τετράμηνός
408 4904 462 4940 ωτι
476 4891 557 4955 potuit
570 4890 674 4940 obsidio.
691 4889 702 4955 θ
717 4892 771 4949 -η
783 4906 810 4940 τε
821 4891 928 4956 στρατιά]
941 4892 978 4943 sio
991 4906 1088 4955 margo,
1101 4894 1125 4943 οἰ
1144 4910 1171 4943 τε
1181 4898 1322 4957 στρατιῶται
1331 4892 1387 4943 ood.
1401 4892 1412 4956 ΙΙ
1422 4922 1452 4934 -
1462 4890 1477 4954 §
1487 4891 1651 4955 παρασίτοις
1663 4894 1692 4953 τῇ

87 4964 227 5029 66661866.
240 4964 353 5015 chutooo.
365 4977 390 5027 p.
403 4966 449 5012 448
461 4961 626 5012 Μωῖιωιιείστ
639 4966 771 5024 antequam
785 4963 1007 5014 tormentisdenuo
1019 4964 1105 5014 urbem
1116 4964 1258 5029 impeteret,
1268 4962 1300 5013 de
1311 4962 1422 5013 dodonda
1435 4961 1497 5011 urbe
1510 4960 1617 5023 legatum
1627 4960 1695 5017 misit

87 5035 119 5085 ud
133 5041 249 5095 Αεωιοιιι,
265 5035 310 5098 qui
324 5034 401 5099 copiis
418 5032 596 5097 oppidanorum
608 5036 662 5083 tum
675 5035 787 5097 praeerat.
803 5033 875 5097 Apud
887 5034 1042 5085 critobuinm
1056 5048 1109 5097 ως).
1124 5039 1147 5095 7,
1160 5035 1201 5098 §3
1219 5038 1311 5083 Asunos
1331 5037 1388 5097 post
1404 5033 1516 5083 dirutum
1525 5030 1577 5093 iam
1594 5043 1694 5081 murum

89 5106 232 5157 exteriorem
248 5106 393 5156 corinthum
407 5104 484 5155 venit.
497 5103 509 5168 θ
520 5123 551 5146 a-
561 5103 1385 5171 γινομένηςιιιειι.2;·γεν.ιιι.ι.11-67.ἐιιακοιιάθιιυν]04ιαῖοοο.
1431 5104 1487 5165 460,
1505 5107 1532 5153 15
1552 5120 1558 5153 :
1579 5100 1693 5167 ἐκράτουν
