3809 5859
531 346 707 406 nrsroms
729 347 781 408 nu
802 331 933 408 abens
955 349 1007 407 nn
1028 300 1223 409 maroam.

1622 355 1678 412 127

71 485 97 539 la
112 500 175 538 mer
189 491 218 538 et
232 497 281 535 sur
294 480 319 534 la
332 491 417 538 terre.
433 482 496 534 ”Le
509 480 554 534 roi
567 481 718 554 repliqua:
735 481 849 537 ‹Sache
902 481 1080 537 bienfaitrice
1103 482 1143 538 du
1160 501 1248 557 genre
1271 483 1403 550 humeln,
1416 493 1445 538 et
1464 483 1522 540 fille
1535 483 1576 540 du
1590 486 1681 559 grand

70 590 131 646 que
154 581 185 625 tu
202 587 232 625 as
246 567 338 623 rendu
359 567 458 622 inutile
474 569 500 622 le
514 569 614 623 merite
632 567 670 624 de
683 579 723 624 tes
734 571 850 624 services
904 580 932 624 et
948 569 1006 624 fort
1019 569 1159 628 Aramazd
1170 570 1221 646 (a).
1235 595 1248 619 ν

72 656 213 733 auxqueb
226 656 256 729 je
268 655 356 711 rends
372 655 563 729 temoignage.
579 657 676 724 Donc,
693 674 729 711 au
743 657 801 712 lieu
814 655 850 711 de
944 655 974 732 [§
989 657 1050 734 ab]
1065 659 1202 733 Gregoirc
1215 659 1325 733 reprit:
1341 682 1353 708 a
1377 660 1410 713 Je
1425 655 1473 713 t'ai
1494 660 1559 714 obei
1584 671 1683 716 autant

72 747 187 803 saveurs
201 762 257 820 que
272 754 303 798 tu
322 744 398 798 avais
412 744 542 798 meritees
550 787 559 814 ‚
569 741 601 818 je
615 744 798 819 multiplierai
812 756 852 800 tes
905 745 976 820 qu’il
987 748 1055 801 etait
1068 765 1104 801 en
1117 748 1193 815 moi;
1205 746 1235 819 je
1252 747 1308 801 n'ai
1323 764 1373 819 pas
1385 745 1479 819 perdu
1492 748 1520 802 le
1529 731 1631 805 merite
1645 749 1682 805 de
1757 751 1762 758 '

73 834 234 910 disgrdces3
247 849 283 886 au
294 831 353 885 lieu
372 828 559 899 d'honneurs,
571 832 601 902 je
616 842 643 886 te
657 833 801 886 couvrirsi
813 831 851 886 de
904 852 964 889 mes
985 835 1120 906 services,
1133 835 1254 908 puisque
1271 834 1297 888 le
1311 834 1448 908 Seignenr
1459 853 1476 889 a
1486 835 1608 908 prescrit
1620 835 1682 890 d'o·

72 921 180 990 bonte3
196 930 228 974 tu
250 916 362 972 n’auras
386 916 450 990 plus
472 917 501 970 ni
517 917 648 990 charges,
665 918 695 971 ni
712 917 850 992 dignius,
904 921 1034 976 beiraux
1048 925 1164 978 maltres
1181 921 1256 978 dela
1271 933 1357 979 terre.
1370 925 1452 978 Donc
1467 922 1618 978 c’estDieu
1632 924 1683 996 qui

72 1011 147 1064 mais
154 1008 185 1080 je
196 1017 224 1062 te
235 1005 373 1062 donnerai
387 1003 413 1059 la
429 1006 547 1078 prison,
563 1003 612 1060 des
627 1005 741 1060 chalnes
755 1017 852 1062 etune
906 1011 1089 1084 recompensa
1103 1011 1253 1066 lui-meme
1269 1011 1308 1065 les
1319 1011 1452 1067 services.
1467 1012 1500 1065 Je
1513 1009 1683 1066 n’attendais

74 1109 155 1153 mort
175 1094 305 1162 terrible‚
319 1095 343 1148 si
360 1103 392 1148 tu
414 1092 520 1148 refuses
539 1090 576 1147 de
599 1091 702 1147 rendre
722 1111 761 1148 un
777 1096 852 1151 culte
907 1100 1207 1173 aucunereeompense
1218 1098 1253 1153 de
1266 1099 1403 1170 toi,mais
1418 1097 1454 1153 de
1467 1117 1537 1153 mon
1546 1097 1683 1154 Createur

73 1203 133 1241 aux
146 1183 295 1254 divinitis,
308 1192 338 1236 et
346 1190 459 1235 surtout
469 1183 486 1234 b
496 1180 523 1235 la
536 1179 624 1234 noble
632 1178 716 1234 dame
726 1182 850 1250 Anahid,
907 1185 942 1240 de
957 1188 1006 1258 qui
1021 1186 1186 1260 dependent
1200 1198 1265 1242 tous
1287 1187 1328 1242 les
1341 1187 1415 1243 erres
1429 1186 1542 1241 visibles
1556 1196 1585 1240 et
1606 1184 1682 1238 inri-

73 1275 105 1328 la
119 1273 209 1348 gleire
228 1270 295 1326 etia
310 1271 355 1324 vie
375 1268 411 1325 de
428 1279 511 1324 notre
525 1269 624 1323 nation
638 1265 697 1344 (ι),
713 1270 763 1342 qui
777 1287 794 1324 a
808 1273 852 1326 ete
904 1273 995 1328 sibles
1002 1276 1222 1348 Quantaceque
1233 1286 1264 1330 tu
1274 1293 1320 1330 me
1330 1274 1382 1344 dis,
1391 1294 1447 1348 que
1457 1286 1490 1330 tu
1498 1274 1685 1347 multiplieras

73 1363 204 1418 honores
222 1376 278 1435 par
291 1369 356 1414 tous
368 1359 408 1412 les
419 1358 478 1412 rois
491 1367 520 1412 et
533 1375 569 1412 en
582 1357 747 1430 particulier
759 1377 813 1432 par
826 1361 852 1416 le
878 1403 882 1418 .
905 1379 962 1417 mes
976 1361 1116 1436 disgrdees
1128 1381 1164 1418 au
1180 1363 1237 1418 lieu
1250 1362 1286 1419 de
1301 1362 1424 1418 doublet
1436 1381 1495 1418 mes
1508 1363 1636 1428 sarcum,
1647 1378 1684 1416 en

75 1454 123 1510 roi
143 1451 194 1508 des
209 1449 367 1517 Grecs3car
376 1447 429 1502 elle
448 1457 489 1501 est
498 1444 576 1501 mere
588 1443 625 1500 de
640 1453 719 1500 toute
729 1447 849 1524 seleuce,
878 1419 884 1510 ί
906 1468 952 1505 me
965 1452 1080 1523 privant
1092 1451 1128 1507 de
1143 1463 1216 1507 cette
1226 1453 1289 1521 vie,
1300 1461 1331 1505 tu
1348 1460 1512 1525 augmentes
1524 1451 1553 1505 la
1561 1449 1621 1521 joie
1633 1448 1684 1522 qui

111 1593 147 1676 (ἰ)
161 1611 200 1662 cr.
213 1611 297 1670 dmin,
308 1606 466 1659 Reeberches
483 1621 531 1658 sar
543 1607 568 1657 le
580 1619 641 1671 paq.
653 1622 732 1670 arm„
743 1622 768 1672 p.
782 1613 807 1658 11
823 1608 854 1658 de
908 1611 1004 1673 pitbete
1017 1612 1049 1662 de
1071 1613 1157 1675 arcad
1169 1615 1196 1664 et
1214 1612 1282 1676 sort,
1298 1613 1423 1663 ere'uleur
1441 1611 1478 1661 du
1498 1612 1548 1660 elei
1565 1613 1590 1660 et
1607 1610 1641 1660 dc
1655 1610 1684 1662 lu

75 1681 292 1817 mmmmm·
306 1747 528 1800 latitura-Madau
543 1746 575 1796 du
591 1748 778 1809 ΖοοιΙ-Ανεεῑα,
790 1751 852 1798 oro·

77 1824 171 1884 mares,
182 1821 291 1871 Ormuad
306 1834 340 1870 ou
351 1819 449 1868 Ormizd
466 1819 510 1868 des
523 1817 696 1868 oecidenlaux.
710 1821 756 1868 Les
769 1819 854 1868 Arme·

75 1894 146 1944 niens
158 1894 194 1944 lui
209 1892 343 1948 donnaient
359 1890 382 1940 le
398 1890 458 1939 titre
476 1890 506 1939 de
518 1889 587 1953 pere
596 1890 642 1939 des
654 1889 752 1950 dieue,
763 1891 789 1938 ct
806 1889 850 1938 Ρο-

76 2096 126 2134 nos
141 2073 275 2147 δυνάμεως
288 2068 438 2136 ἐδούλευοάς
453 2091 498 2144 μοι
512 2064 695 2145 εύγνωμόνως,
711 2064 756 2122 καί
767 2069 852 2144 ηὖχα-

79 2163 183 2243 ρίστουν
198 2167 252 2225 τοῖς
265 2159 403 2234 καμάτοις.
446 2154 494 2214 Διὸ
507 2145 578 2234 εἶχον
598 2158 624 2211 ἐν
645 2155 766 2233 τῇψυχῇ
787 2156 852 2212 ἀπο·

78 2249 166 2310 δοῦναί
190 2271 231 2307 σοι
255 2246 303 2316 τλν
317 2246 396 2326 χάριν
407 2268 414 2280 ·
425 2242 468 2302 ἵνα
487 2243 513 2301 τί
535 2233 579 2300 οῦν
600 2243 628 2300 οὖ
646 2249 729 2308 ποιεῖς
744 2239 774 2298 τὸ
787 2243 851 2316 ἐμοῦ

78 2341 196 2413 θελημαῑ
208 2333 369 2412 Ἀποκριθεὶς
378 2333 406 2392 δὲ
416 2330 559 2411 Γρηγόριος
568 2375 576 2402 ,
585 2319 666 2387 εἶπεν·
676 2328 830 2388 Ἐκέλευσεν
840 2333 853 2387 ό

77 2423 203 2498 Θεδς,ίνα
211 2426 235 2482 οἱ
242 2425 332 2482 δοῦλοι
340 2423 492 2498 ὑποταγῶσι
503 2422 556 2484 ταῖς
567 2425 698 2496 σαρκικοῖς
707 2416 853 2489 δεσπόταις,

80 2512 164 2580 καθὼς
176 2514 276 2590 πρέπον
291 2509 423 2582 eoelestis<
438 2509 483 2566 καὶ
501 2506 577 2572 αὐτὸς
590 2512 730 2584 μαρτυρεῖς
746 2527 806 2580 μοι,
819 2508 855 2571 ὥς

78 2599 217 2661 ἐδούλευαά
231 2621 272 2659 σοι
287 2598 314 2666 ἐξ
327 2597 390 2668 όλης
405 2619 454 2671 μου
469 2599 516 2666 τῆς
531 2592 632 2671 ἰσχύος.
652 2590 752 2668 Ὅμως
764 2591 791 2651 δὲ
805 2591 853 2663 τὴν

77 2697 123 2748 τοῦ
134 2693 203 2750 Θεοῦ
222 2686 303 2765 τιμὴν
320 2684 366 2744 καὶ
377 2683 501 2762 λατρείαν
516 2681 588 2740 οὐδὲν
602 2679 697 2748 ἔξεστιν
713 2681 854 2740 ἀποδοῦναι

78 2783 110 2858 (l.
136 2776 188 2834 οὔδ’
204 2775 286 2835 ἔνεστι
311 2771 474 2855 προδοῦναι).
501 2770 585 2834 Αὐτὸς
611 2766 661 2847 γάρ
686 2771 756 2827 ἐστιν
777 2768 854 2844 μόνος

79 2863 194 2936 ποιητὴς
207 2865 315 2942 ούρανοῦ
329 2859 375 2919 καλ
389 2857 508 2938 ἀγγέλων
522 2857 567 2916 καί
584 2860 632 2936 γῆς
647 2853 692 2913 καί
709 2855 853 2935 ἀνθρώπων

80 2953 127 3012 καί
141 2952 248 3010 πάντων
262 2952 361 3030 θρατῶν
375 2972 403 3006 τε
419 2945 464 3006 καὶ
482 2944 600 3022 ἀοράτων
617 2943 785 3020 κτισμάτων,
801 2946 853 3000 τῶν

78 3039 242 3121 ὀφειλόντων
263 3044 413 3118 προσκυνεῖν
434 3033 512 3094 αὐτόν
528 3031 572 3091 καί
585 3030 731 3111 λατρεύειν.
776 3027 808 3088 ‘O
827 3029 855 3088 δὲ

81 3125 209 3208 βασιλεὺς
224 3125 272 3205 ἔρη
283 3123 412 3184 Τίνωσκε
424 3122 464 3180 ότι
476 3117 629 3190 ἀπεποιήσω
645 3119 688 3178 τόν
703 3117 747 3177 σὸν
762 3117 854 3191 κόπον,

77 3217 108 3276 δν
125 3215 188 3293 ἐμοὶ
202 3212 380 3283 κεκοπίακας,
392 3215 426 3276 dre
440 3207 489 3287 ἐγὼ
503 3211 639 3287 μαρτυρῶ.
683 3210 740 3267 Νῦν
755 3205 782 3264 δί
797 3207 856 3263 ἀντί

79 3309 159 3380 τιμῆς
182 3299 322 3384 ἐπιτίθημί
342 3323 383 3358 σοι
402 3299 498 3379 θλίψιν,
512 3297 557 3356 καί
577 3297 635 3355 ἀντὶ
659 3293 734 3367 δόξης
748 3293 855 3371 ἀτιμίαν

78 3393 125 3452 καί
146 3389 204 3449 ἀντί
218 3387 369 3466 ἀξιώματος
387 3386 504 3467 φυλακὴν
524 3386 570 3444 καὶ
594 3381 696 3460 δεσμὰ,
710 3382 756 3440 καί
778 3380 856 3440 αὐτὸν

79 3482 124 3539 τόν
138 3480 249 3540 θάνατον
263 3477 306 3536 τόν
325 3475 511 3534 ἀποκόπτοντα
525 3471 613 3538 πάσας
625 3469 672 3538 τάς
685 3468 793 3536 ἐλπίδας
803 3470 856 3528 τῶν

80 3567 236 3647 ἀνθρώπων,
244 3565 289 3624 ἐὰν
300 3563 337 3640 μὴ
348 3563 477 3642 καταδέξῃ
490 3569 543 3628 τοῖς
556 3561 623 3628 θεοῖς
636 3556 761 3638 λατρείαν
771 3577 856 3634 προα-

80 3657 179 3736 ρέρειν,
198 3653 314 3730 μάλιστα
330 3651 412 3728 ταύτῃ
430 3653 463 3727 τῇ
480 3649 582 3726 μεγάλῃ
596 3645 743 3725 Ἀρτέμιδι,
760 3647 793 3720 τῇ
814 3643 858 3701 δε-

82 3741 193 3821 σποίνῃ,
208 3740 267 3813 ἥτις
286 3737 342 3799 ίστλ
359 3737 420 3806 δόξα
438 3739 475 3815 τῷ
498 3735 619 3814 ἡμετέρῳ
642 3733 709 3812 γένει
725 3729 770 3790 καί
790 3750 857 3790 οων·

83 3835 169 3897 ποιός·
184 3829 216 3902 ἣν
229 3827 275 3886 καλ
288 3829 403 3907 βασιλεῖς
417 3825 512 3890 πάντες
526 3827 638 3900 τιμῶσι,
653 3819 698 3878 καί
713 3819 829 3896 μάλιστα
844 3823 858 3878 ὁ

84 3916 205 3998 βασιλεῦς
230 3921 284 3975 τῶν
303 3914 450 3984 Ἑλλήνων.
491 3911 592 3990 Μήτηρ
614 3908 665 3988 γάρ
692 3910 748 3966 ἔστι
773 3905 859 3978 πάσης

83 4004 271 4088 σωφροσύνης,
286 4003 332 4062 καί
350 3999 531 4083 φιλάνθρωπος
545 4004 578 4079 τῆ
598 3995 747 4077 ἀνθρωπίνῃ
763 3995 839 4075 φύσει
848 4039 857 4072 ,

81 4095 129 4152 καλ
145 4093 264 4172 γέννημα
282 4095 329 4150 τοῦ
345 4089 461 4168 μεγάλου
474 4088 521 4147 καλ
534 4088 655 4167 ἀναρίτου
667 4083 737 4150 Διός.

124 4184 142 4258 §
158 4183 207 4243 23.
225 4170 292 4241 Εἶπε
308 4181 335 4238 δὲ
352 4181 374 4239 Γ
376 4177 508 4258 ρηγόριος·
524 4174 593 4252 Ἐγὼ
607 4173 654 4249 μίν
670 4193 711 4230 σοι
728 4173 755 4228 ἐν
772 4168 858 4250 εὐνοίᾳ

81 4268 249 4340 κεκοπίακα,
264 4267 310 4328 καί
323 4268 370 4326 οὐκ
386 4265 417 4324 ἀν
431 4288 494 4324 ποτε
509 4265 561 4341 ἐγὼ
575 4261 650 4327 αύτδς
667 4263 719 4318 τῶν
740 4261 855 4333 ἐμαυτοῦ

79 4359 175 4416 κόπων
185 4358 213 4434 (l.
221 4355 264 4415 τδν
271 4359 315 4433 ίμ.
322 4353 412 4432 κόπον)
420 4347 652 4428 ἀποποιήαω,ούδὲ
663 4346 783 4418 ἀθετήσω
790 4342 859 4402 κατά

79 4445 115 4504 τό
125 4443 266 4522 διαταχθδν
273 4442 347 4522 παρὰ
356 4446 401 4501 τοῦ
410 4443 480 4500 Θεοῦ
487 4438 616 4499 δουλεύειν
627 4443 759 4516 σαρκικοῖς
768 4432 860 4492 δεσπό-

78 4557 152 4599 ταις.
166 4531 236 4592 'Alb’
247 4532 315 4591 ίατιν
324 4529 454 4609 Κύριος,δ
464 4532 515 4588 τῶν
532 4529 636 4607 ἀγαθῶν
651 4519 857 4601 μισθαποδότης.

78 4621 153 4682 obal
176 4617 227 4699 γάρ
241 4619 292 4694 ἐγὼ
306 4619 378 4696 παρὰ
391 4622 437 4676 σοῦ
456 4616 560 4676 ἐδόκουν
580 4611 725 4674 ἀπολαόεῖν
743 4633 784 4680 τι,
801 4607 860 4666 ἀλλ’

80 4709 137 4768 ἀπὸ
148 4713 196 4768 τοῦ
208 4711 316 4779 ποιητοῦ
324 4753 332 4780 ,
339 4698 369 4765 οὗ
382 4707 446 4763 εἰσίν
457 4703 539 4786 δρατά
549 4701 594 4762 καλ
605 4699 705 4780 ἀόρατα
713 4697 856 4772 κτίσματα.

81 4798 152 4878 Περὶ
170 4796 200 4858 δὲ
218 4787 255 4856 ὧν
272 4794 357 4874 λίγεις
370 4793 456 4873 θλίψιν
476 4815 521 4870 μοι
540 4794 666 4850 ἐπιθεῖναι
690 4785 747 4846 ἀντὶ
770 4787 861 4860 τιμῆς,

78 4889 229 4966 προστιθεῖς
243 4907 288 4962 μοι
300 4883 349 4955 τὴν
364 4887 409 4942 τοῦ
424 4883 541 4960 Χριστοῦ
555 4875 754 4956 ἡτοιμασμένην
767 4873 861 4952 εύρρο-

78 4974 176 5052 σύνην,
189 4965 249 5045 ούὴ
266 4969 405 5032 δεσποτεία
427 4967 535 5042 αἰωνία,
550 4967 631 5038 καλὴ
653 4961 775 5044 βασιλεία
796 4960 862 5030 ἀλη-

79 5085 156 5136 κτος,
171 5061 219 5120 καὶ
233 5060 267 5120 τδι
282 5057 369 5137 ἀγαθά
384 5056 575 5128 ἀκατάληπτα·
590 5057 636 5112 καί
657 5050 698 5110 ότι
712 5051 770 5108 ἀντὶ
790 5046 863 5118 δόξης

79 5151 144 5232 ἔρης
159 5149 270 5227 ἀτιμίαν
284 5147 437 5226 ἀπαγαγεῖν,
451 5146 531 5211 ὄντως
543 5141 673 5222 προξενεῖς
691 5161 736 5216 μοι
751 5138 861 5208 τὴντῶν

908 1683 993 1744 icrrc,
999 1682 1155 1744 producant
1163 1685 1190 1732 ln
1197 1683 1310 1747 serdille
1318 1688 1343 1734 et
1353 1682 1534 1734 l’abondnncc.
1541 1684 1588 1731 Les
1598 1684 1683 1742 Graes,

906 1752 948 1813 qui
962 1753 1060 1803 avaient
1070 1768 1104 1802 un
1117 1757 1177 1818 gont
1187 1754 1369 1818 tres-prononre
1380 1768 1443 1818 pour
1453 1754 1490 1802 les
1501 1751 1683 1813 assimilatione,

906 1825 950 1870 ont
970 1823 1080 1872 idenlilie
1092 1825 1211 1874 Aramazd
1223 1827 1238 1875 b
1250 1826 1307 1882 Ζεύς
1319 1824 1415 1889 (Ennia,
1430 1823 1505 1874 llecb.
1521 1835 1568 1873 sur
1582 1823 1607 1873 le
1618 1836 1682 1887 paq.

907 1905 989 1956 arm,
1003 1907 1028 1956 p.
1044 1901 1060 1945 9
1073 1898 1099 1944 et
1112 1896 1196 1957 suin).

905 2069 965 2120 totis
972 2070 1067 2120 viribus
1077 2071 1191 2135 bonaque
1206 2073 1334 2122 voluntate
1343 2072 1402 2121 mibi
1410 2071 1542 2130 servivisti,
1551 2074 1576 2121 et
1587 2071 1683 2123 labores

905 2173 988 2237 accepi
1001 2173 1083 2223 auimo
1104 2173 1216 2237 benigno.
1250 2177 1406 2238 Quapropter
1416 2174 1441 2221 in
1462 2173 1544 2222 anima
1561 2173 1682 2222 habebam

906 2276 952 2325 tibi
966 2276 1071 2338 gratiam
1083 2276 1185 2325 referre.
1218 2277 1253 2324 Ut
1266 2275 1326 2338 quid
1338 2274 1414 2338 igitur
1425 2288 1473 2323 non
1484 2274 1581 2336 perticis
1593 2274 1681 2323 volun-

905 2381 983 2430 tatem
991 2384 1088 2428 meam?
1095 2378 1253 2442 Respondeas
1259 2393 1319 2429 vero
1326 2378 1466 2441 Gregorius,
1474 2376 1538 2427 dixit
1548 2394 1554 2425 ε
1565 2377 1684 2442 Praecepit

906 2483 990 2543 Deus,
1009 2483 1039 2534 nt
1057 2480 1122 2530 servi
1142 2479 1303 2542 subjiciantur
1323 2478 1430 2530 dominis
1451 2476 1604 2539 carnalibus,
1620 2477 1685 2526 simt

907 2581 991 2642 decet3
1004 2581 1213 2644 quemadmodum
1225 2581 1278 2645 ipse
1289 2580 1352 2632 mibi
1365 2580 1481 2642 testaris,
1493 2579 1563 2643 quod
1572 2579 1619 2630 tibi
1630 2591 1683 2630 ses·

907 2679 1013 2729 viverim
1032 2693 1063 2730 ex
1085 2681 1138 2729 tota
1157 2679 1250 2729 vidute
1269 2692 1332 2729 mea.
1365 2669 1544 2728 verumtamen
1562 2676 1685 2727 nonlicet

907 2779 952 2829 Dei
964 2779 1082 2828 honorem
1096 2781 1122 2827 et
1138 2778 1233 2828 cultum
1248 2777 1297 2826 ullo
1312 2775 1388 2825 modo
1405 2776 1517 2839 prodere.
1549 2778 1606 2837 Ipse
1617 2773 1684 2824 enim

907 2881 976 2930 solus
987 2881 1026 2928 est
1037 2881 1132 2928 creator
1147 2877 1203 2927 cicli
1214 2879 1240 2926 et
1257 2876 1412 2940 angelorum,
1423 2876 1545 2937 terraque
1563 2873 1589 2922 et
1603 2871 1682 2920 bomi-

908 2993 980 3041 num,
989 2979 1172 3041 visibiliumque
1181 2977 1293 3026 omnium
1302 2978 1328 3026 et
1334 2973 1496 3024 invisibilium
1503 2973 1684 3034 creaturamm,

908 3093 964 3143 quas
985 3079 1153 3129 adorationem
1172 3077 1220 3142 ipsi
1240 3076 1332 3127 debent
1352 3077 1378 3126 et
1398 3073 1552 3124 servitutem.
1584 3073 1617 3122 at
1641 3083 1687 3121 rex

907 3179 1117 3242 dixitzlnlellige,
1128 3177 1227 3227 irritum
1237 3175 1324 3225 iecisse
1336 3177 1362 3224 te
1373 3173 1492 3233 laborem,
1499 3185 1549 3234 quo
1561 3169 1622 3220 mibi
1634 3182 1687 3219 ser-

907 3280 1003 3341 vivisti,
1015 3280 1045 3328 ut
1063 3291 1107 3339 ego
1125 3278 1210 3326 testor.
1243 3277 1315 3323 Nune
1328 3287 1387 3323 vero
1407 3285 1453 3335 pro
1472 3271 1565 3320 bonore
1583 3267 1686 3318 inferam

908 3383 956 3434 tibi
967 3394 1082 3445 angores,
1091 3392 1137 3444 pro
1152 3378 1229 3442 gloria
1239 3375 1410 3441 ignominiam,
1420 3388 1465 3437 pro
1477 3371 1595 3436 dignitate
1604 3381 1684 3418 mrcc·

909 3497 964 3532 rem
974 3483 1001 3530 et
1011 3478 1124 3539 vincula,
1134 3477 1262 3539 ipsamque
1270 3477 1375 3524 mortem
1385 3510 1394 3533 ,
1403 3485 1453 3535 qua
1461 3483 1547 3520 omues
1559 3467 1687 3516 bominum

910 3598 967 3650 spes
981 3581 1174 3639 abscinduntur3
1183 3577 1230 3641 nisi
1241 3576 1362 3639 receperis
1373 3575 1485 3624 divinum
1495 3572 1590 3622 cultum
1599 3573 1624 3620 te
1635 3568 1687 3618 deis

910 3687 1069 3744 oblaturum,
1080 3679 1219 3745 praesertim
1235 3690 1329 3740 magum
1349 3675 1405 3724 buic
1423 3670 1544 3722 Artemidi
1563 3667 1686 3728 dominas,

911 3801 968 3852 quas
980 3785 1063 3850 generi
1076 3785 1159 3832 nostro
1172 3782 1198 3830 et
1211 3779 1295 3844 gloriae
1304 3778 1380 3828 estet
1391 3773 1463 3825 saluti
1476 3790 1482 3821 ι
1496 3785 1572 3836 quam
1582 3773 1608 3821 et
1618 3782 1687 3833 reges

912 3900 997 3938 omnes
1010 3885 1109 3944 colunt,
1119 3884 1145 3932 et
1156 3881 1263 3930 mannae
1280 3891 1322 3927 rex
1336 3878 1486 3925 Graeconrm.
1520 3869 1606 3920 Omnis
1620 3868 1685 3918 enim

912 3987 1040 4052 sapientiae
1053 3987 1093 4034 est
1107 3985 1194 4042 mater,
1207 3979 1359 4043 benignaque
1372 3977 1398 4025 iu
1414 3975 1547 4024 humanam
1558 3973 1687 4029 naturam

912 4091 938 4139 et
946 4085 1074 4152 progenies
1084 4082 1166 4145 magni
1176 4079 1297 4143 fortisque
1308 4076 1385 4126 Jovis.

943 4177 959 4240 §
974 4180 1011 4225 23.
1027 4175 1121 4223 Vemm
1140 4169 1271 4233 Gregorius
1283 4165 1344 4216 dixit
1355 4182 1361 4213 :
1374 4166 1425 4227 Fgo
1441 4160 1542 4224 quidem
1560 4159 1625 4208 bona
1640 4169 1687 4206 vo·

911 4283 1007 4333 luntate
1019 4291 1065 4343 pro
1079 4279 1105 4326 te
1118 4271 1245 4329 laboravi,
1264 4271 1290 4320 et
1307 4281 1432 4330 nunquam
1446 4278 1491 4328 ego
1507 4264 1560 4326 ipse
1579 4261 1689 4312 laborem

911 4401 997 4439 meum
1018 4384 1154 4444 recusabo,
1180 4391 1261 4442 neque
1288 4375 1408 4439 negligam
1432 4369 1568 4441 meandum
1592 4365 1688 4417 Domini

912 4499 1064 4562 preceptum
1088 4490 1180 4542 servire
1199 4485 1305 4537 dominis
1330 4481 1478 4533 carnalibus.
1511 4480 1543 4527 st
1569 4477 1609 4526 est
1636 4476 1688 4522 Do-

913 4597 1063 4662 minus,qui
1074 4597 1195 4646 bonorum
1207 4594 1246 4643 est
1258 4587 1437 4640 remunerator.
1469 4585 1555 4644 Neque
1564 4577 1630 4629 enbn
1640 4577 1691 4626 ate

914 4707 1007 4772 aliquid
1020 4704 1131 4768 accipere
1142 4697 1261 4764 cogitari,
1272 4695 1316 4746 sed
1329 4707 1345 4743 a
1355 4693 1487 4749 creatore,
1498 4689 1569 4750 cujus
1581 4685 1640 4734 sunt
1651 4680 1689 4730 vi·

914 4814 999 4866 sibilas
1019 4809 1202 4870 invisibilesque
1223 4805 1351 4855 creature.
1385 4796 1457 4857 Quod
1484 4793 1559 4852 dicis,
1583 4789 1645 4840 velle
1664 4789 1689 4836 tr

914 4918 976 4970 mibi
991 4932 1035 4983 pro
1052 4916 1145 4965 bonore
1166 4921 1269 4974 angores
1289 4905 1392 4964 inferre,
1406 4913 1480 4964 anges
1500 4896 1559 4947 mibi
1580 4893 1687 4944 laetitiarr

915 5028 1077 5093 propanam
1095 5037 1111 5074 a
1128 5015 1325 5080 cimmerius
1343 5009 1477 5063 dominatio
1497 5009 1606 5064 aterna,
1620 5000 1689 5062 cuius

915 5148 1017 5201 regnum
1027 5132 1175 5196 perpetuum
1202 5125 1273 5187 cujus
1285 5121 1350 5172 bona
1361 5107 1615 5178 incomprehensibilia
1623 5106 1689 5154 sunt.
