3809 5859
205 328 262 387 128

204 457 260 514 m'a
274 459 319 513 ete
334 459 472 532 preparee
496 474 549 529 par
569 461 595 510 le
611 456 721 531 Christ,
738 455 809 511 dont
830 461 856 512 ta
875 456 979 512 felicite'

204 555 244 602 est
257 543 404 612 eternelle,
415 543 486 598 dont
499 543 525 597 le
540 541 625 616 regne
637 542 682 600 nia
695 561 746 616 pas
759 543 801 628 ⁶⁰,
811 542 852 598 fin
864 555 893 600 et
906 544 979 599 dont

203 633 244 687 les
263 631 336 704 joies
349 646 385 686 ne
401 631 559 684 diminuant
578 630 672 701 point.
692 630 735 696 Si,
748 647 785 684 au
807 629 864 684 lieu
879 629 979 686 d‘hun-

203 739 297 792 neurs,
308 731 338 774 tu
350 718 516 774 m'accables
527 716 563 773 de
574 728 623 772 tou
634 719 749 791 usipus,
761 729 793 772 tu
802 717 978 774 m’accordes

202 825 257 881 par
266 808 292 862 li
304 808 330 862 la
341 805 493 882 splendeur
503 805 552 860 des
561 804 830 878 auges,adorateurs
839 805 991 862 bienheu-'

203 915 271 953 reux
286 896 321 951 de
335 897 398 950 leur
412 895 555 950 Cre'ateur.
574 896 608 948 Et
622 913 699 968 pour
712 913 745 950 ce
759 896 808 968 qui
826 907 868 950 est
882 895 917 951 de
931 914 977 950 me

205 1001 335 1038 meuaeer
356 983 392 1038 de
411 983 438 1036 la
455 984 553 1054 prison
568 993 596 1037 et
613 981 662 1036 des
684 982 808 1051 chaines,
821 1001 856 1037 au
871 983 927 1038 lieu
942 981 979 1037 de

203 1067 333 1125 m’elever
350 1087 386 1124 en
412 1069 536 1142 dignite,
553 1079 585 1122 tu
605 1086 651 1123 me
669 1068 753 1123 reuds
769 1070 915 1137 heureux‚
930 1087 979 1123 car

205 1158 240 1214 de
252 1167 326 1213 cette
335 1154 513 1230 muniere,je
526 1156 720 1210 ressemblerai
728 1156 748 1220 Ιεἰ
760 1174 829 1210 mou
840 1157 978 1230 Seigneur

202 1263 256 1320 par
267 1265 307 1302 ses
320 1246 390 1300 liens
402 1255 430 1300 et
438 1244 465 1316 je
478 1247 525 1298 me'
537 1244 672 1316 rejouirai
687 1261 754 1298 arec
771 1243 810 1298 lui
824 1245 850 1299 le
861 1243 929 1315 jour
942 1244 977 1300 de

202 1351 254 1388 son
273 1335 449 1389 avenement.
464 1328 506 1386 Eu
526 1349 570 1387 me
584 1331 712 1386 chassant
732 1329 768 1385 de
792 1341 821 1386 ta
841 1331 932 1399 table,
947 1341 978 1385 tu

203 1447 248 1482 me
261 1430 396 1503 prepares
410 1445 466 1482 une
485 1427 567 1500 place
586 1444 622 1481 au
640 1426 768 1498 banquet
786 1424 976 1510 d'Abraham‚

201 1515 271 1590 pere
291 1515 340 1571 des
359 1525 491 1587 croyants
511 1523 539 1570 et
554 1513 591 1569 de
604 1525 667 1568 tous
680 1514 720 1568 les
734 1511 822 1584 justes
835 1513 884 1585 qui
898 1511 978 1584 joui-

202 1616 270 1660 ront
284 1605 323 1658 du
336 1621 471 1676 royaume
488 1600 524 1657 de
543 1603 625 1657 Dieu.
640 1603 686 1656 Me
700 1611 875 1676 incitares-tu
891 1600 926 1655 de
949 1601 977 1656 la

201 1693 296 1748 mort?
309 1693 385 1746 τοῖοί
399 1710 455 1766 que
469 1701 500 1746 tu
519 1708 565 1745 me
578 1690 629 1752 fais
644 1700 740 1744 entrer
754 1687 824 1743 daus
836 1689 863 1742 le
875 1688 976 1743 choeur

202 1779 242 1836 du
255 1779 363 1852 Christ,
377 1781 489 1855 oiarsout
503 1789 566 1832 tous
581 1796 652 1836 ceux
666 1778 780 1849 quiunt
795 1777 838 1830 ete
848 1767 973 1849 appetis,

202 1867 242 1923 les
262 1867 452 1941 patriarches,
478 1867 519 1921 les
545 1864 648 1936 justes,
674 1865 714 1919 les
740 1863 911 1938 prophetes,
938 1865 978 1918 les

202 2200 319 2280 ἀγγέλων
343 2199 423 2276 τιμὴν
443 2202 471 2258 ἐν
493 2199 642 2281 εὐφροσύνῃ
660 2201 751 2281 (deest
771 2200 911 2281 σεύόντων)
934 2201 979 2261 τδν

202 2292 301 2348 ἑαυτῶν
312 2287 433 2359 ποιητήν·
441 2287 486 2347 καῖ
494 2288 627 2366 ότιλέγεις
639 2290 697 2347 ἀντὶ
705 2289 851 2367 ἀξιώματος
861 2288 981 2370 φυλακὴν

201 2377 247 2436 καὶ
257 2377 341 2453 δεσμδι
352 2375 504 2455 περιύαλεῖν
516 2399 573 2451 μοι,
583 2376 713 2456 μακάριός
724 2379 778 2454 είμι
787 2377 924 2453 δεξάμενος
933 2377 981 2447 τῆν

203 2466 315 2542 μίμησιν
326 2467 377 2522 τῶν
389 2468 490 2541 δεσμῶν
502 2469 548 2522 τοῦ
558 2466 622 2542 ἐμοῦ
633 2463 820 2536 δεσπότου,ἱ’να
832 2469 889 2542 μετ’
901 2467 981 2524 αὐτοῦ

203 2556 336 2633 εὐφρανθῶ
359 2553 404 2610 καί
425 2555 630 2630 ἀγαλλιάσωμαι
647 2555 673 2610 ἒν
688 2558 721 2633 τῆ
736 2556 815 2612 αὐτοῦ
833 2553 978 2634 παρουσίᾳ.

204 2641 258 2701 Καὶ
275 2640 365 2712 ἐπειδὴ
381 2641 493 2718 νομίζεις
505 2641 655 2720 ἀποστερεῖν
671 2663 704 2718 με
722 2645 774 2700 τῶν
788 2645 839 2700 σῶν
855 2641 978 2718 δείπνων,

203 2729 258 2788 ῖδού
273 2731 419 2804 ἑτοιμάζεις
432 2753 464 2804 με
481 2731 670 2801 κατακλιθῆναι
682 2728 749 2806 μετὰ
763 2722 918 2807 τοῦπατρὸς
932 2733 980 2800 τῆς

203 2816 314 2881 πίστεως
327 2818 400 2892 ἡμῶν
412 2815 544 2894 Ἄῦραδιμ,
557 2815 602 2874 καὶ
615 2823 721 2875 πάντων
733 2819 785 2875 τῶν
798 2806 914 2888 δικαίων,
926 2819 978 2874 τῶν

203 2902 350 2976 μελλόντων
360 2905 533 2982 εὐφρανθῆναι
540 2907 565 2961 ἐν
573 2908 605 2982 τῇ
614 2903 736 2986 βασιλείᾳ
742 2909 787 2964 τοῦ
796 2907 874 2964 Θεοῦ·
884 2903 928 2962 καῖ
937 2902 977 2962 ὅτι

204 2992 318 3057 ἀπειλεῖς
330 3014 375 3066 μοι
385 2991 504 3064 θάνατον,
514 2991 568 3050 ἰδού
579 2991 744 3068 ἀναμιγνύεις
755 3017 788 3068 με
799 2995 834 3059 εἰς
844 2993 887 3050 τὸν
899 2992 977 3072 χορὸν

193 3083 249 3137 ,τοῦ
266 3081 352 3150 Θεοῦ,
369 3077 429 3138 ἔνθα
443 3077 536 3145 πάντες
556 3079 605 3137 εῖσῖ
626 3079 796 3158 χορεύοντες,
809 3079 921 3160 πατέρες
932 3081 978 3137 καί

204 3166 300 3227 δίκαιοι
319 3167 364 3224 καί
380 3172 514 3253 προφῆται
528 3168 573 3226 καὶ
583 3169 724 3226 ἀπόστολοι
736 3169 781 3228 καὶ
794 3168 924 3250 μάρτυρες
934 3167 979 3227 καί

205 3255 302 3322 πάντες
320 3257 343 3313 οῖ
364 3255 481 3314 ἐκλεκτοὶ
495 3261 539 3313 τοῦ
554 3258 637 3316 Θεοῦ.
682 3255 775 3322 Καθὼς
796 3258 822 3315 δὲ
837 3255 920 3332 λέγεις
940 3256 980 3313 ὅτι

205 3345 232 3402 ἐν
246 3347 283 3424 τῷ
301 3349 404 3422 θανάτῳ
417 3342 464 3413 τὴν
476 3343 569 3426 ίλπίδφι
584 3348 630 3414 τῆς
645 3347 712 3416 ζωῆς
726 3367 772 3402 σου
784 3343 920 3417 ἐκκόπτω,
930 3345 980 3422 οὐχ

199 3434 216 3502 ἡ
228 3431 279 3508 ἐμῆ
291 3433 349 3490 ἀλλ’
358 3431 485 3504 οὐδενδςὴ
498 3431 571 3498 ἐλπὶς
579 3430 735 3491 ἐκκόπτεται
748 3432 799 3490 ἀπὸ
810 3432 915 3491 πάντων
923 3435 975 3490 τῶν

201 3519 338 3580 θεοοεῦῶν·
354 3524 370 3590 ἡ
388 3519 415 3578 δὲ
439 3523 489 3578 τῶν
515 3521 639 3599 θεοφιλῶν
661 3520 734 3587 ἐλπίς
757 3520 923 3600 περικρατεῖ,
942 3520 975 3590 ἣν

199 3607 274 3685 κάγὼ
289 3608 367 3676 αὐτὸς
386 3608 452 3688 ἔχοι·
467 3613 519 3667 τῶν
539 3607 566 3667 δὲ
585 3613 643 3666 καθ’
657 3612 723 3686 ὑμᾶς
743 3609 921 3688 λατρευόντων
938 3610 975 3666 εἷ-

200 3694 290 3764 διύλοις
313 3695 358 3755 καὶ
382 3698 574 3775 χειροποιήτοις
607 3697 765 3776 ἀνθρώπων,
789 3699 892 3769 ἀληθῶς
916 3694 975 3755 ἔστί

203 3785 396 3858 άπηλπισμένοι
411 3786 463 3844 ἀπὸ
479 3789 525 3856 τῆς
539 3789 625 3855 θεῖκῆς
640 3788 716 3855 ζωῆς.
808 3859 810 3862 Ι

239 3872 256 3946 S
266 3879 312 3938 at.
321 3870 359 3931 *fl
363 3897 375 3928 ν
384 3874 411 3932 δὲ
421 3871 452 3930 σύ
461 3873 551 3940 καλεῖς
564 3873 681 3953 μεγάλην
693 3874 829 3933 δέσποιναν
841 3870 976 3951 Ἄρτεμιν,

202 3959 311 4016 σεαυτὸν
325 3963 433 4017 ἀπατῶν
446 3963 474 4036 (f.
489 3962 613 4040 ἀπατᾷς).
635 3965 695 4040 Οὐχ
710 3960 791 4027 οῦτως
803 3959 856 4039 γύρ
871 3960 927 4038 ἔχει
942 3959 977 4017 τδι

201 4045 380 4125 περὶτούτων·
391 4046 449 4106 ἀλλ’
457 4046 586 4127 ἅνθρωποι
596 4048 714 4127 ἐγένοντο
722 4052 748 4106 ἐν
760 4053 844 4129 καιρῷ
854 4071 913 4109 τινι.
923 4048 977 4108 Καὶ

200 4134 341 4213 ἐπειδήπερ
357 4135 399 4194 διὰ
414 4133 517 4206 κνῆσεις
532 4135 662 4212 δαιμόνων
678 4137 725 4195 καὶ
735 4136 857 4215 γοητείας
872 4135 976 4209 ἐξέστη-

137 4287 138 4290 ,
200 4243 249 4280 σαν
264 4220 322 4289 τούς
334 4245 363 4280 τε
382 4223 549 4302 ἀνθρώπους,
565 4223 665 4304 μορφάς
676 4224 720 4282 καῖ
731 4223 875 4305 φαντασίας
889 4225 975 4283 αὐτῶν

198 4312 251 4368 τῶν
263 4311 392 4387 δαιμόνων
405 4311 570 4384 δεικνύντων,
582 4312 689 4372 ἔπεισαν
702 4311 806 4391 βωμούς
816 4314 972 4390 οἰκοδομεῖν,

198 4397 244 4456 καὶ
258 4399 357 4471 στείλας
371 4404 484 4472 στῆσαι,
498 4401 543 4459 καὶ
563 4409 717 4479 προσκυνεῖν
729 4401 763 4460 rt
780 4403 921 4481 ἀνωφελῆ,
940 4399 974 4459 τδι

199 4485 247 4561 μὲν
280 4487 346 4563 μηδὲ
376 4488 456 4546 κακὸν
486 4488 552 4562 μηδὲ
574 4490 670 4568 ἀγαθὸν
694 4493 804 4561 ποιῆσαι
829 4489 971 4563 δυνάμενα.

198 4573 269 4634 Οὐδὲ
282 4575 333 4654 γάρ
354 4579 464 4652 τιμῆσαι
483 4575 542 4642 τοῦς
566 4577 644 4643 ἰδίους
666 4576 826 4657 λατρευτθς,
839 4575 898 4635 οὐδὲ
914 4579 973 4635 ἀτι-

199 4666 284 4740 μῆσαι
302 4663 360 4731 τούς
384 4663 533 4744 ὓῦφίζοντας
548 4655 596 4724 οἷοί
616 4664 645 4723 σε’
669 4668 743 4738 εἰσιν,
765 4665 885 4732 οὐοτινας
900 4667 973 4741 ὑμεῖς

199 4752 377 4818 σκοτιοθέντες
398 4751 553 4830 λατρεύετε,
576 4751 621 4812 καί
642 4752 685 4810 τὸν
712 4757 770 4812 νοῦν
794 4753 970 4826 ἐξεστηκότες.

198 4839 253 4900 Καὶ
267 4839 325 4899 ἀντί
342 4843 387 4899 τοῦ
406 4841 490 4912 Θεοῦ,
511 4833 541 4898 οὐ
562 4843 613 4899 τῶν
629 4842 734 4918 ἀγαθῶν
749 4843 912 4914 ἀπελοίὸετε,
932 4863 971 4898 τι·

198 4937 266 5004 μᾶτε
280 4926 339 4994 τούς
349 4926 459 4994 λιθίνους
473 4927 519 4986 καῖ
533 4926 649 4995 ξυλίνους
665 4929 710 4987 καὶ
724 4935 836 5008 χρυσοῦς
857 4929 903 4988 καῖ
925 4933 973 5008 ἀρ·

198 5023 302 5094 γυροῦς,
314 5015 331 5073 ἃ
345 5020 359 5074 ὃ
372 5016 439 5082 Θεὸς
450 5015 550 5076 ἔκτισεν
562 5019 598 5083 εἰς
612 5017 757 5094 ὑπηρεσίαν
768 5018 814 5077 καί
825 5017 971 5077 ἀπολαυσιν

198 5103 243 5161 καί
263 5103 354 5185 χρείαν
372 5101 621 5184 τῶνάνθρώπων...

888 323 1130 384 AGATHANGE.
1158 388 1162 394 ⁴

1034 457 1205 532 apdtres,les
1214 469 1336 531 martyrs
1346 469 1374 513 et
1382 469 1445 512 tous
1453 458 1493 512 les
1501 458 1672 522 elus'sume
1681 477 1814 515 menaces

1035 544 1071 599 de
1084 545 1237 600 m’enlever
1251 563 1303 618 par
1317 547 1345 602 la
1362 556 1439 600 murt
1452 543 1625 620 l’esperance
1644 545 1679 600 de
1701 547 1729 600 la
1748 549 1810 620 vie,

1032 651 1120 707 parce
1134 632 1218 706 qu’eu
1230 634 1318 689 verite
1337 644 1368 688 tu
1382 633 1441 688 n’as
1459 634 1543 706 point
1561 632 1753 706 d'esperance.
1768 635 1811 689 Ne

1032 721 1134 776 sais-tu
1155 738 1206 793 pas
1226 739 1282 794 que
1295 717 1466 794 l'esperauce
1482 720 1519 777 de
1532 739 1605 774 ceux
1622 722 1673 792 qui
1687 720 1810 777 adurent

1032 807 1106 862 Dieu
1129 825 1159 862 se
1179 807 1419 864 rassermittrous
1441 826 1513 862 ceux
1536 809 1601 880 qui,
1619 824 1731 863 comme
1750 811 1810 875 toi,

1032 894 1154 950 adorent
1165 894 1214 950 des
1223 895 1309 951 dieux
1318 906 1419 970 muets,
1430 905 1459 949 et
1471 895 1512 949 les
1520 911 1659 968 ouvrages
1674 895 1812 950 inanimes

1030 983 1096 1053 faits
1109 1001 1163 1059 par
1177 985 1204 1038 la
1223 985 1301 1038 main
1322 983 1371 1039 des
1388 983 1532 1052 hommes,
1548 981 1728 1056 desesperent
1741 985 1814 1039 ve'ri·

1034 1071 1191 1127 tablemeut
1203 1070 1239 1127 de
1257 1073 1285 1126 la
1303 1073 1380 1126 vraie
1400 1073 1445 1126 vie
1460 1071 1496 1126 de
1513 1073 1638 1129 Diem...

1077 1156 1108 1236 [S
1119 1159 1182 1235 24.]
1194 1185 1206 1207 «
1217 1161 1311 1230 Quaut
1325 1161 1342 1214 a
1354 1161 1381 1213 la
1393 1159 1480 1214 nobie
1495 1159 1578 1214 dame
1589 1157 1703 1215 Auahid
1713 1177 1769 1232 que
1783 1170 1815 1214 tu

1037 1250 1160 1323 appelles
1179 1245 1424 1316 Grande-Deesse,
1438 1248 1491 1320 ity
1505 1258 1555 1303 eut
1572 1248 1714 1321 peut-etre
1733 1247 1812 1318 jadis

1035 1355 1092 1392 une
1109 1336 1211 1391 femme
1230 1335 1266 1390 de
1283 1355 1316 1391 ce
1336 1354 1420 1407 nom,
1441 1335 1523 1408 aqui
1546 1335 1596 1390 des
1611 1335 1756 1403 hommes,
1772 1354 1811 1390 au

1032 1441 1138 1495 moyen
1157 1423 1418 1478 d'enchantements
1441 1423 1628 1497 idulatriques
1645 1435 1674 1478 et
1692 1422 1729 1477 de
1747 1423 1810 1478 ian-

1033 1514 1122 1568 tdmes
1135 1515 1330 1586 representaut
1338 1512 1500 1568 differentes
1511 1511 1616 1586 figures
1627 1512 1664 1567 de
1676 1511 1807 1584 demone,

1033 1599 1221 1674 imaginerent
1240 1600 1277 1656 de
1304 1601 1374 1656 faire
1393 1602 1487 1656 elever
1501 1601 1551 1656 des
1571 1602 1691 1675 temples
1711 1613 1740 1657 et
1760 1586 1812 1658 des

1032 1699 1152 1757 statues,
1172 1707 1247 1762 pour
1263 1689 1303 1743 les
1328 1688 1441 1744 adorer.
1467 1689 1519 1745 Ces
1542 1690 1707 1743 simulacres
1727 1690 1813 1745 n’ont

1032 1795 1083 1849 pas
1101 1775 1138 1831 de
1163 1778 1225 1845 τῖες
1247 1776 1281 1830 ils
1300 1794 1337 1831 ne
1359 1785 1484 1850 peurent
1501 1776 1569 1831 faire
1588 1778 1618 1830 ni
1636 1777 1663 1832 le
1684 1776 1755 1832 bien
1779 1781 1812 1832 ni

1029 1864 1059 1920 le
1077 1865 1149 1934 mai,
1169 1865 1256 1918 iisne
1276 1876 1403 1939 peuvent
1414 1866 1539 1919 honorer
1552 1866 1628 1920 leurs
1649 1867 1811 1935 ministres,

1039 2200 1112 2258 Quod
1124 2199 1222 2260 dixisti,
1233 2214 1277 2263 pro
1285 2200 1362 2264 gioria
1369 2201 1526 2265 ignominiam
1534 2203 1559 2251 te
1569 2201 1816 2262 illaturum‚omuino

1034 2297 1095 2346 mihi
1108 2297 1223 2347 concilias
1233 2298 1351 2348 honorem
1364 2300 1520 2363 angelorum,
1529 2313 1587 2349 eum
1595 2299 1680 2350 latitia
1692 2301 1815 2352 faetorem

1033 2406 1107 2443 suum
1129 2394 1287 2444 laudantium.
1321 2395 1393 2453 Quod
1415 2397 1467 2458 ais,
1488 2410 1533 2460 pro
1552 2395 1669 2460 dignitate
1688 2410 1815 2447 carcerem

1036 2491 1062 2538 et
1078 2489 1176 2540 vincula
1188 2489 1249 2538 niihi
1266 2493 1417 2553 praeparata,
1430 2491 1519 2541 beatus
1537 2504 1605 2550 sum,
1618 2491 1639 2541 si
1650 2490 1748 2540 vincula
1765 2492 1811 2540 do·

1036 2586 1096 2637 mini
1104 2585 1153 2635 mei
1163 2585 1259 2634 valeam
1266 2584 1357 2635 imitari
1366 2587 1411 2646 ,ut
1422 2598 1480 2634 eum
1493 2585 1548 2648 ipso
1557 2585 1744 2635 oblectationem
1754 2600 1813 2636 οοιι-

1037 2695 1134 2744 sequar,
1145 2682 1171 2731 et
1187 2679 1214 2730 iu
1233 2681 1341 2731 adventu
1353 2681 1407 2744 ejus
1423 2681 1553 2731 exsultem.
1587 2680 1660 2738 Quod
1671 2681 1759 2731 statrris
1768 2695 1812 2734 me

1034 2777 1085 2828 tuis
1097 2776 1193 2841 privare
1204 2776 1296 2837 emnia,
1306 2789 1429 2849 preparas
1440 2789 1481 2826 me
1492 2775 1525 2825 ad
1541 2776 1740 2827 decumbentium
1753 2790 1813 2826 cum

1034 2887 1104 2947 patre
1115 2883 1172 2932 fidei
1186 2882 1427 2943 murmuratam,
1440 2886 1534 2933 etcum
1546 2882 1661 2933 omuibus
1670 2883 1744 2946 justis
1752 2919 1759 2942 ‚
1767 2883 1813 2945 qui

1032 2982 1156 3033 hilaritate
1169 2995 1266 3032 summa
1278 2982 1436 3046 perfruentur
1446 2983 1470 3031 in
1480 2996 1554 3047 regno
1563 2983 1616 3033 Dei.
1651 2981 1724 3040 Quod
1738 2993 1808 3031 mor-

1032 3088 1084 3135 tem
1098 3084 1160 3134 mihi
1172 3084 1307 3144 minitaris3
1320 3098 1377 3134 eece
1391 3085 1516 3136 immisces
1529 3099 1570 3135 me
1585 3085 1660 3135 choro
1674 3083 1733 3144 Dei,
1744 3083 1810 3147 apud

1034 3201 1110 3249 quem
1121 3201 1207 3238 omnes
1220 3187 1323 3237 choreas
1342 3191 1433 3250 agunt,
1446 3190 1547 3248 Patres,
1562 3187 1643 3248 iusti,
1663 3186 1808 3249 Prophetas,

1034 3287 1160 3349 Apostoli,
1178 3290 1312 3348 Martyres,
1325 3289 1351 3337 et
1368 3300 1453 3337 omnes
1471 3286 1544 3337 electi
1559 3287 1612 3336 Dei.
1645 3289 1728 3344 Quum
1748 3299 1810 3335 vero

1034 3385 1115 3436 dixisti
1130 3388 1229 3437 :Morte
1244 3399 1343 3436 omnem
1361 3385 1407 3436 tibi
1428 3385 1488 3436 vitae
1507 3398 1578 3450 spem
1593 3370 1710 3436 abscindo
1730 3406 1738 3434 ι
1760 3398 1811 3434 nou

1034 3499 1089 3536 mea
1104 3500 1183 3550 neque
1196 3487 1307 3536 omnium
1319 3485 1416 3549 piomm
1430 3499 1487 3549 spes
1499 3489 1579 3536 morte
1593 3485 1760 3542 abscinditur3
1771 3483 1811 3533 in-

1033 3588 1135 3638 vatescit
1144 3602 1202 3638 vero
1216 3602 1274 3653 spes
1287 3592 1367 3638 Deum
1376 3589 1508 3638 colentium
1517 3626 1524 3650 ,
1534 3601 1609 3651 quam
1622 3589 1649 3637 et
1661 3599 1706 3650 ego
1719 3585 1812 3638 habeo.

1030 3691 1122 3736 Eorum
1136 3702 1194 3738 rem
1204 3725 1210 3748 ‚
1220 3687 1263 3750 qui
1277 3688 1343 3751 apud
1353 3701 1399 3738 ros
1414 3687 1480 3738 idola
1490 3690 1516 3737 et
1531 3700 1606 3750 opera
1625 3699 1746 3736 manuum
1761 3699 1808 3735 eo·

1033 3787 1102 3849 lunt,
1113 3789 1179 3838 nulla
1191 3801 1277 3838 revera
1287 3790 1326 3838 est
1339 3801 1395 3851 spes
1406 3787 1463 3837 sita
1476 3786 1574 3836 diviua.

1064 3877 1079 3940 §
1091 3881 1130 3927 at.
1140 3876 1212 3935 Quod
1222 3879 1304 3926 autem
1312 3889 1426 3940 magnam
1435 3875 1559 3925 donuinam
1566 3887 1641 3924 νοοεε
1648 3871 1813 3934 Artemidem,

1030 3981 1056 4032 id
1068 3982 1128 4033 iacis
1137 3986 1163 4032 te
1171 3983 1224 4047 ipse
1234 3981 1367 4046 decipiens.
1382 3985 1437 4031 Nou
1446 3981 1482 4032 ita
1490 3995 1517 4032 se
1528 3980 1619 4032 hubent
1631 3993 1671 4029 res
1681 3979 1793 4029 istorum
1806 4001 1812 4028 :

1031 4086 1075 4136 sed
1090 4085 1201 4136 homines
1213 4085 1344 4150 aliquando
1361 4086 1473 4136 fuerunt.
1508 4088 1540 4135 At
1553 4084 1666 4147 quoniam
1679 4082 1814 4133 daemones

1032 4205 1076 4256 per
1091 4193 1227 4256 prurigines
1247 4193 1273 4242 et
1290 4191 1426 4255 prestigias
1443 4189 1556 4240 homines
1576 4189 1601 4238 in
1622 4187 1815 4239 admirationem

1032 4299 1172 4358 traxerunt,
1184 4295 1232 4360 ipsi
1250 4295 1341 4358 figuras
1359 4298 1385 4345 et
1402 4295 1572 4358 phantasmata
1589 4295 1814 4356 representantes,

1030 4405 1207 4468 persuaserunt
1226 4403 1277 4465 eis,
1290 4404 1318 4452 ut
1338 4401 1424 4451 altaria
1445 4400 1609 4460 adisimreut,
1625 4399 1752 4448 columnas
1766 4398 1816 4448 en*-

1027 4507 1124 4567 gereut,
1139 4506 1165 4554 et
1178 4503 1307 4554 adorarent
1318 4503 1429 4564 inutilia,
1443 4516 1500 4566 quse
1521 4515 1602 4564 neque
1615 4502 1711 4551 malma
1724 4500 1811 4550 iacere

1027 4605 1146 4666 possunt,
1162 4616 1241 4666 neque
1259 4604 1361 4653 bonum.
1393 4602 1492 4654 Etenim
1504 4615 1550 4651 neo
1567 4599 1691 4651 honorare
1704 4602 1814 4664 possunt

1027 4703 1135 4754 cultores
1148 4718 1222 4765 suos,
1235 4717 1280 4754 nee
1290 4703 1378 4767 injuria
1386 4703 1520 4754 afficientes
1529 4701 1691 4766 ignominiose
1699 4700 1810 4763 θείνοντας

1026 4817 1089 4866 quos
1102 4818 1148 4854 ros
1158 4804 1267 4855 tenebris
1280 4804 1397 4854 excecati
1417 4806 1443 4854 et
1455 4804 1538 4852 mente
1550 4801 1627 4852 emoti
1637 4800 1722 4851 divino
1733 4801 1812 4850 cuttu

1026 4905 1151 4957 honoratis
1163 4908 1188 4957 et
1200 4897 1244 4956 Dei
1258 4906 1325 4967 loeo,
1338 4918 1354 4956 a
1365 4919 1415 4968 quo
1425 4904 1503 4955 bonas
1516 4902 1658 4969 εοοερῖνθο,
1667 4914 1714 4952 vos
1724 4901 1814 4956 ootitis

1025 5010 1147 5074 lapideos,
1155 5010 1248 5074 ligneos
1256 5047 1263 5070 ,
1272 5022 1375 5073 aureos,
1385 5010 1512 5074 argenteos
1523 5006 1600 5068 deos,
1612 5018 1676 5070 quas
1689 5004 1818 5056 murias

1026 5113 1095 5163 Deus
1107 5110 1199 5162 crearit
1212 5110 1238 5160 iu
1253 5110 1416 5162 ministerium
1427 5113 1453 5160 et
1464 5122 1537 5159 usum
1551 5106 1709 5158 homiuum...
