3809 5859
232 348 271 408 98
624 343 1136 429 ἱ(1111106161ΗΙΒΤΟΙλίΑίθίίίίί
1157 350 1229 411 Liu.
1252 352 1275 423 1,
1300 353 1403 414 6669.

229 475 342 557 στρατιὰ
353 474 495 553 ληιζομένη
507 474 556 547 τλν
573 474 656 549 ἀλλην
669 475 778 555 πάλιν),
796 476 842 536 καλ
854 475 999 553 ξσμάαλὼν
1056 480 1155 554 ταύτην
1171 481 1282 541 ἀκένωσε
1296 484 1341 540 καὶ
1360 482 1486 561 ἠρήμωσε
1500 480 1546 542 καὶ
1563 480 1645 562 πυρθς
1665 483 1747 555 δίκην
1765 482 1838 562 ἧφά·

229 568 318 633 αὐτοῖς
331 564 456 642 τρέπεται
469 564 515 623 καί
531 564 631 644 φονεύει
646 564 746 632 πάντας
760 566 858 640 αύτού,
873 563 942 627 dm
957 566 1000 625 διά
1054 592 1113 630 νισε
1124 570 1170 629 καί
1183 571 1342 652 ἠμαύρωσεν
1353 570 1417 631 ὥσθ’
1436 569 1503 637 ύλιος
1514 572 1692 641 ἀπισπηθῆναι
1705 572 1731 626 εί
1744 570 1795 627 καὶ
1809 560 1841 639 ἦν

227 658 281 712 τῶν
295 652 385 709 πυλῶν
399 641 466 727 αἷμα
482 652 665 732 ρνῆναιπολύ.
974 682 978 688 ·
1056 655 1084 713 ἀν
1098 657 1166 735 αὐτῇ
1181 678 1245 715 ποτε
1265 654 1283 727 ἣ
1305 657 1449 737 ἀνθρώπων
1469 657 1569 730 οίκησις
1584 656 1602 729 δ,
1620 659 1737 723 πλοῦτος
1757 656 1840 727 ἢπε-

268 738 368 800 vai.
382 739 521 819 Ἐντόύτῳ
539 741 567 797 δὲ
581 740 627 798 καὶ
641 744 658 811 ἡ
673 741 740 814 άλλη
754 742 865 822 στρατιά
880 743 1001 823 θφθάκει,
1061 742 1161 822 ριουσία
1183 744 1283 810 πόλεως
1299 742 1316 815 ἢ
1330 745 1398 817 άλλη
1415 768 1453 811 τις
1466 747 1524 803 κατ’
1539 734 1610 803 οἶκον
1628 744 1793 816 κατασκευή
1813 770 1840 805 τι

225 825 516 905 θμοίωςδέκαίδιάτῶν
527 827 856 908 ἀλλωνπαραλίωνπυλῶν
870 830 1004 910 ἐσεχέοντο
1061 833 1106 889 καί
1127 832 1294 912 περιφάνεια,
1312 833 1357 891 καὶ
1378 838 1462 893 ταῦτα
1480 832 1549 891 οὕτω
1568 834 1698 915 λαμπρᾶς
1718 834 1770 893 καὶ
1795 858 1840 910 με·

225 916 372 994 λαμπρῶς,
393 914 489 980 ταύτας
514 914 672 993 ίυγκλῶντες
700 917 744 976 καὶ
775 917 1000 992 καταύάλλοντες,
1055 919 1447 999 γάληςύπαρχούσηςπολεως·
1462 911 1528 981 οίκοι
1547 919 1673 997 δέμύνσν
1696 923 1839 980 ἀναπαλαί-

224 1004 272 1063 καὶ
282 1002 364 1070 ούτιυς
376 1001 447 1060 άπαν
456 1005 486 1063 τὸ
495 1002 646 1085 στράτευμα
654 1006 706 1062 τῶν
718 1007 785 1064 νεῶν
795 1006 848 1079 ἤδη
860 1008 1001 1067 σκεδασθὲν
1056 1010 1158 1088 φθησαν
1172 1009 1267 1087 ίρημοι
1280 1009 1326 1067 καὶ
1342 1007 1421 1091 φύύον
1440 1010 1598 1089 παρέχοντες
1612 1012 1668 1075 τοῖς
1681 1013 1773 1090 δρῶσι
1795 1012 1836 1069 ni

226 1092 276 1151 ἀνά
290 1100 379 1151 πᾶσαν
394 1089 442 1164 τὴν
453 1091 530 1150 πολιν
542 1093 666 1170 τρέπεται
680 1096 705 1159 ές
719 1092 880 1174 διαρπαγὴν,
909 1094 1000 1169 ληῑζύ-
1055 1094 1104 1166 τὴν
1121 1096 1231 1177 ε’ρημίαν
1247 1096 1339 1160 πολύν.
1384 1094 1678 1175 (diminuendam
1701 1096 1838 1173 μάνῬαι·

226 1203 302 1258 μανον
318 1180 406 1240 πάντα
416 1179 451 1240 τά
466 1182 494 1238 έν
510 1179 573 1237 ποσί
589 1179 634 1240 καί
650 1180 724 1253 δίκην
743 1180 872 1257 ἐμπίπτον
889 1181 1001 1261 πυρδςῆ
1056 1182 1141 1259 μαίων
1159 1183 1204 1243 καί
1224 1186 1275 1243 τῶν
1291 1184 1385 1257 ξένων,
1408 1188 1443 1249 ὥς
1463 1184 1596 1261 ἀλίγσντο,
1616 1186 1683 1263 παρ’
1705 1182 1773 1242 δ’λον
1798 1190 1839 1243 τὀν

225 1274 344 1341 σκηπτοῦ
364 1268 409 1327 καὶ
428 1270 566 1349 ἀμπιπρῶν
587 1268 674 1327 πάντα
690 1268 737 1327 καί
755 1269 895 1350 ἀφανέζον,
909 1269 927 1340 ἢ
942 1294 1000 1351 χει·
1055 1270 1171 1348 πόλεμον
1195 1273 1241 1331 καί
1267 1276 1292 1332 ίν
1319 1275 1386 1352 αὐτῇ
1416 1274 1448 1343 δὴ
1471 1277 1504 1351 τῇ
1543 1271 1643 1332 θλάσσε
1665 1270 1839 1348 ξύμπαντες,

226 1356 328 1440 μάρρου
345 1356 420 1429 δίκην
437 1356 541 1415 ἀπαντα
551 1361 703 1437 παρασύρον
715 1356 761 1417 καὶ
777 1358 938 1439 διαφθεῖρον·
954 1357 1000 1418 καί
1056 1358 1163 1440 ἀνδρες,
1180 1359 1266 1440 φημί,
1290 1360 1335 1417 καὶ
1360 1368 1478 1439 γυναῖκες
1497 1360 1544 1419 καί
1562 1361 1670 1436 παῖδας,
1686 1360 1774 1436 ἀγγύς
1793 1382 1839 1417 τινα

224 1445 276 1525 γδρ
290 1437 361 1505 ούτοι
371 1446 460 1505 πάντα
469 1442 671 1526 διηρεννιίσαντο
681 1442 893 1524 ἀκριύέστερονῆ
906 1451 997 1517 Δᾶτις,
1053 1449 1271 1527 τετρακισχίλιοι·
1286 1447 1437 1529 ἐλήφθησαν
1452 1447 1479 1507 δὲ
1501 1447 1546 1507 καλ
1556 1448 1734 1529 αἰχμάλωτοι
1759 1447 1838 1527 ὀλίγῳ

225 1530 307 1611 φασί,
329 1528 377 1602 τὴν
401 1530 573 1613 Ἐρετρικὴν,
591 1529 683 1606 ναούς,
701 1530 775 1610 ίσρά,
796 1530 877 1602 θήκας
900 1556 929 1591 τε
945 1556 999 1591 τια-
1053 1537 1156 1603 πλείους
1178 1535 1303 1603 πεντάκις
1328 1535 1444 1617 μυρίων,
1461 1539 1509 1606 τῆς
1529 1536 1556 1594 δέ
1579 1544 1711 1618 στρατιᾶς
1733 1536 1839 1609 ἁπάσης

225 1618 302 1682 λαιδις
314 1617 361 1678 καί
372 1619 469 1698 τάφους
484 1618 703 1700 ἀναρρηγνύντες,
720 1619 797 1687 στοάς
816 1643 845 1679 τε
863 1623 998 1700 ὑπογείους
1053 1623 1122 1704 ἀμφὶ
1132 1622 1396 1692 τοδςπεντακοσίους.
1894 1626 1895 1633 “

224 1709 270 1767 καὶ
283 1705 437 1773 καταδύσεις
451 1706 496 1766 καί
512 1707 680 1789 κρησφύγετα
693 1707 739 1766 καί
753 1707 835 1788 ἀντρα
854 1708 995 1787 καλχηρα·
1092 1711 1311 1774 Ι,Χ11111.Ὁδδ
1333 1710 1455 1791 βασιλεὺς
1479 1710 1546 1789 μετά
1559 1716 1644 1771 ταῦτα
1670 1710 1838 1779 &atiud-io

224 1795 288 1872 μοδς
312 1795 357 1855 καὶ
378 1795 443 1856 άλλο
468 1805 521 1856 πᾶν
544 1793 723 1877 κεκρυμμένον
745 1798 929 1875 ἀνερευνῶντες
951 1796 1019 1855 καίΙ
1051 1796 1099 1867 τὴν
1121 1798 1213 1872 πάλιν,
1234 1802 1376 1857 κατεθεᾶτο
1395 1798 1426 1859 τύ
1442 1818 1470 1857 τε
1494 1797 1601 1876 μέγεθος
1620 1799 1669 1856 καὶ
1699 1797 1755 1869 τὴν
1769 1798 1835 1857 θέσιν

223 1884 248 1943 εῐ
263 1883 321 1944 Ιπού
339 1883 409 1956 τιςτί
430 1908 457 1943 τι
474 1874 506 1957 ἦν
519 1882 710 1966 κεκρυμμένον,
735 1886 760 1951 ές
778 1886 832 1965 φῶς
854 1881 997 1959 ἐξάγοντες.
1052 1886 1144 1963 αὐτῆς,
1154 1886 1203 1959 τήν
1214 1908 1243 1945 τε
1254 1886 1430 1965 λαμπρότητα
1442 1886 1488 1944 καὶ
1498 1884 1727 1962 καλλονὴν,τύτε
1740 1890 1835 1955 πλῆθος

225 1973 258 2050 (κ)
270 1970 319 2039 Ἐς
331 1971 410 2032 δίτθν
420 1971 543 2050 μέγιστον
553 1972 699 2038 ἐσελθόντες
713 1974 761 2042 τῆς
773 1976 818 2031 τοῦ
828 1977 886 2031 θεοῦ
897 1974 997 2053 Σοφίας
1051 1973 1095 2031 καί
1107 1973 1214 2051 μέγεθος
1223 1974 1267 2033 καί
1281 1974 1378 2039 κάλλος
1388 1977 1440 2033 τῶν
1452 1996 1481 2032 τε
1489 1977 1558 2032 ναῶν
1567 1973 1613 2032 καὶ
1626 1976 1683 2031 τῶν
1697 1975 1834 2050 δημοσίαν
1895 1966 1896 1979 ’

222 2057 298 2143 νεὼν,
314 2051 386 2141 εθρον
405 2061 458 2118 ἐκεῖ
476 2060 543 2118 πολύ
565 2084 591 2118 τι
608 2062 706 2131 πλῆθος
724 2061 826 2140 ἀνδρῶν
840 2084 869 2118 τε
883 2060 928 2120 καὶ
946 2085 996 2140 γυ-
1049 2050 1281 2137 υἰκοδσμημάτωθ,
1296 2060 1347 2119 τῶν
1364 2083 1393 2118 τε
1413 2062 1549 2120 ίδιωτικῶν
1566 2063 1656 2121 οἰκιῶν
1671 2062 1724 2121 καί
1744 2066 1834 2121 κοινῦε

220 2152 318 2209 ναικῶν
325 2147 371 2207 καί
378 2145 479 2206 παίδων
486 2146 683 2227 καταφυγόντας
691 2169 721 2206 τε
730 2146 774 2205 καί
781 2150 999 2218 θεοκλητοῦντκς·
1049 2146 1157 2205 καὶτῶν
1172 2151 1198 2208 ἀν
1211 2147 1321 2223 δυνάμει
1333 2148 1414 2207 ὄντων
1425 2147 1473 2219 τλν
1487 2148 1673 2221 πολυτέλειαν,
1690 2148 1735 2208 lan
1751 2148 1779 2207 δέ
1791 2150 1834 2221 τείν

221 2237 323 2305 οθςκαὶ
344 2236 418 2310 δίκην
437 2237 554 2315 σαγήνης
580 2235 776 2314 ξογκλεέσαντες
795 2235 996 2317 παρεστήσαντο
1049 2256 1078 2291 τε
1086 2234 1240 2311 τοῦλιμένος
1249 2233 1319 2294 θέσιν
1328 2234 1556 2313 καὶτῶννεωρίοιν
1570 2234 1615 2295 καί
1628 2236 1833 2315 &apiacum

223 2327 324 2392 πάντας
340 2323 482 2405 δμολογίφ,
497 2324 544 2383 καὶ
564 2323 702 2404 ἀπήγαγον
717 2324 919 2403 αἰχμαλώτους,
935 2324 995 2392 τοὺς
1050 2321 1202 2393 ίπιτηδείως
1223 2321 1294 2403 ίχειν
1317 2322 1364 2394 τὴν
1380 2324 1456 2383 πάλιν
1481 2326 1527 2383 καλ
1539 2328 1652 2406 εύφυῖνς,
1680 2326 1735 2384 καί
1749 2326 1833 2393 ἀτελεῖς

222 2414 271 2492 μέν
284 2416 310 2481 ές
324 2413 370 2479 τάς
384 2412 512 2492 τριήρεις,
527 2411 587 2479 τοὺς
602 2412 629 2471 δέ
642 2410 708 2479 έςτδ
723 2411 907 2492 στρατόπεδον.
1049 2418 1138 2468 πᾶσαν
1173 2412 1254 2481 αὗτῆς
1282 2410 1330 2483 τὴν
1366 2412 1532 2483 κατασκευὴν
1565 2414 1611 2472 καὶ
1641 2413 1691 2471 τὸν
1727 2415 1832 2490 κόσμον.

261 2498 934 2582 11111.’11ντσύτῳδὲκαὶοὶιντῷΓαλατᾳ,
960 2504 994 2565 ύις
1050 2498 1081 2577 (τ)
1100 2496 1191 2577 Ἓοθρα
1205 2498 1232 2557 δέ
1246 2499 1331 2559 καὶτὸ
1342 2500 1438 2571 πλῆθος
1449 2504 1501 2559 τῶν
1516 2502 1715 2579 ἀπολλυμένων
1728 2501 1776 2561 καὶ
1791 2502 1832 2571 τὴν
1897 2555 1898 2591 ,

220 2582 287 2659 ε’ίδον
305 2590 353 2662 τὴν
375 2590 449 2649 πόλιν
477 2585 607 2668 ἐχομένην
625 2588 676 2660 ἤδη
695 2587 741 2647 καὶ
762 2587 991 2669 διαρπαζομένην,
1050 2585 1183 2664 ίρήμωσιν
1194 2588 1246 2645 τῶν
1258 2588 1345 2645 οἰκιῶν
1360 2586 1407 2646 καὶ
1421 2585 1469 2659 τὴν
1484 2590 1602 2659 παντελῆ
1623 2588 1734 2667 φθοράν
1755 2591 1831 2657 adai<
1897 2614 1898 2619 ¹

220 2680 294 2747 odii<
317 2676 525 2758 προσεχώρησαν
547 2675 672 2754 θμολογέφ
695 2677 733 2755 τῷ
763 2678 865 2754 βασιλεῖ
889 2674 933 2733 ἀπὶ
955 2678 994 2753 τῷ
1048 2671 1158 2731 καὶτὸν
1180 2672 1298 2753 ὄλεθρον·
1322 2672 1368 2734 καί
1388 2663 1473 2742 οἶκτος
1494 2676 1571 2734 αὐτὸν
1588 2674 1664 2743 εὐθὺς
1691 2678 1775 2756 ἐσῄει
1792 2679 1830 2735 καὶ

221 2769 303 2844 μηδέν
316 2791 342 2826 τι
351 2768 432 2825 κακὸν
445 2768 549 2843 παθεῖν,
561 2762 607 2823 καλ
617 2761 764 2831 ἀνοίξαντες
777 2765 824 2829 τὰς
833 2760 918 2829 πύλας
935 2764 994 2820 έσε-
1049 2760 1196 2837 μετάμελος
1210 2764 1239 2821 ού
1255 2762 1345 2843 μικρὸς
1360 2766 1406 2833 τῆς
1418 2762 1549 2827 ἀπωλείας
1561 2786 1591 2822 τε
1603 2764 1654 2823 καλ
1666 2766 1829 2843 διαρπαγῆς,

221 2855 330 2934 δέχοντο
342 2854 386 2911 τὸν
406 2852 528 2932 Ζάγανον
544 2849 612 2927 μετά
629 2854 676 2921 τῆς
696 2857 833 2929 στρατιᾶς,
847 2847 894 2909 καί
918 2849 993 2908 αύτοί
1048 2848 1094 2909 καί
1109 2849 1219 2930 δάκρυον
1235 2852 1321 2931 ἀφῆκε
1330 2852 1382 2909 τῶν
1394 2852 1547 2931 ὀφθαλμῶν,
1562 2850 1607 2910 καὶ
1620 2850 1696 2929 μέγα
1708 2852 1830 2918 στενάξας

219 2942 293 3004 οὐδὲν
308 2940 524 3012 θλιυςήδίκηντο.
566 2934 992 3015 [τ)“11δέστρατιθιπάσα,ἥτε
1049 2960 1077 2997 τε
1092 2938 1137 2997 καλ
1152 2938 1307 3019 περιπαθές,
1329 2966 1342 2990 ι
1356 2936 1431 3011 ciac,
1451 2937 1517 3019 ἔφη,
1534 2938 1610 2997 πάλιν
1633 2942 1661 3004 ές
1678 2939 1827 3018 διαρπαγὴν

221 3030 290 3091 κατά
313 3034 362 3107 γῆν
381 3030 399 3100 ἥ
421 3052 451 3087 τε
472 3026 542 3086 κατὰ
562 3028 711 3097 θάλασσαν,
739 3027 878 3103 ἀσχυθεῐσα
899 3026 924 3090 ἀς
944 3024 992 3096 τήν
1046 3026 1091 3085 καί
1104 3025 1440 3106 ἀρήμωσινέκδεδύκαμιν·
1453 3051 1465 3078 ν
1478 3026 1558 3093 οὕτως
1572 3025 1827 3106 ίπαθετὴνψσχτζν.

220 3120 297 3179 πάλιν
313 3117 365 3177 ἀπὸ
379 3115 479 3199 πρωίας
495 3114 601 3195 βαθείας
613 3114 659 3174 καὶ
673 3116 753 3172 αύτού
773 3119 818 3172 τοῦ
839 3112 992 3193 περιύρθρσυ
1046 3115 1080 3191 (ε)
1097 3114 1151 3175 Καί
1164 3113 1216 3193 γάρ
1229 3114 1401 3182 ὄντωςπάθος
1413 3113 1481 3192 μέγα
1493 3120 1570 3173 τοῦτο
1583 3114 1693 3194 γέγονεν
1707 3116 1751 3195 ἀφ’
1760 3118 1829 3189 ἡμων

220 3206 301 3285 μέχρι
316 3205 402 3276 δείλης
422 3204 498 3284 ὀψίας
509 3202 625 3275 έληίζετο
640 3202 685 3261 καί
704 3202 863 3280 διηρπάζετο
874 3199 992 3278 ταύτην,
1046 3204 1072 3261 έν
1095 3211 1143 3284 μιᾷ
1159 3202 1192 3274 δὴ
1214 3202 1296 3283 ταύτῃ
1321 3202 1396 3263 πόλει
1416 3192 1468 3261 οἷον
1491 3204 1516 3261 έν
1536 3203 1650 3282 οὐδεμιᾷ
1666 3207 1727 3261 τῶν
1748 3202 1828 3277 πάλαι

221 3296 368 3373 ἀκφοροῦσις
383 3300 472 3349 πᾶσαν
493 3288 541 3361 τὴν
552 3290 625 3350 λείαν
640 3293 665 3356 ἀς
682 3288 712 3347 τὸ
733 3289 923 3368 στρατόπεδον,
944 3287 992 3361 τὴν
1047 3292 1281 3367 μνημονευομένων
1304 3312 1330 3349 τε
1349 3291 1394 3348 καί
1412 3288 1603 3369 ίστορουμένων
1626 3289 1758 3365 μεγάλοιο
1781 3288 1825 3345 πύ-

219 3380 248 3440 δέ
262 3380 308 3439 καί
326 3381 351 3446 ές
373 3381 420 3445 τθις
437 3384 514 3445 ναῦς·
531 3376 600 3437 ίστιν
615 3378 633 3436 θ
647 3375 675 3436 δέ
694 3376 792 3446 ταύτης
812 3375 858 3435 καί
874 3376 991 3454 διαρπά-
1046 3380 1113 3437 λεων
1130 3378 1233 3457 μεγέθει
1245 3401 1275 3437 τε
1286 3382 1333 3451 τῆς
1353 3376 1467 3452 ἀλούσης
1481 3376 1582 3444 πόλεως
1593 3376 1643 3436 καί
1660 3376 1771 3449 ὀξύτητι
1781 3376 1824 3435 καὶ

220 3473 305 3539 ζοντες
324 3467 386 3527 ένιοι
400 3465 490 3545 ὥσπερ
509 3468 592 3545 φῶρας
612 3464 658 3524 καί
671 3464 802 3543 λαθραίως
816 3462 923 3532 ἐξιόντες
939 3466 992 3523 τῶν
1047 3464 1180 3547 ἀποτομία
1194 3471 1239 3525 τοῦ
1252 3466 1342 3545 ίργου·
1354 3468 1404 3545 οὐχ
1416 3464 1513 3537 ἥκιστα
1530 3462 1556 3522 δέ
1575 3464 1682 3530 πάντας
1702 3465 1824 3533 ἐξέπληξε

219 3560 310 3617 πυλῶν
329 3555 450 3635 ἀπῄεσαν
472 3556 498 3621 ές
516 3553 550 3612 τά
573 3551 652 3614 οίκοι.
696 3553 729 3628 (τ)
752 3550 832 3612 Οὕτω
855 3550 882 3609 δέ
902 3560 990 3609 πᾶσαν
1045 3551 1103 3620 τούς
1116 3575 1145 3611 τε
1159 3552 1252 3620 ἀλλους
1267 3553 1312 3613 καὶ
1325 3553 1418 3621 αὐτοὺς
1430 3552 1462 3624 δὴ
1477 3552 1535 3619 τοὺς
1545 3553 1700 3630 δράσαντας
1710 3554 1755 3611 καί
1771 3576 1825 3609 πα-

225 3666 1824 3692 W

218 3725 314 3778 dixerat
324 3723 448 3787 ragimcm
464 3728 505 3781 τῆς
514 3721 601 3783 ὡραίας
612 3722 687 3777 πύλης
700 3718 819 3769 custodia
833 3718 989 3769 commissam
1000 3732 1055 3769 ossa
1066 3723 1198 3771 nuriarum
1211 3719 1363 3771 cretensium
1376 3718 1432 3783 [qui
1444 3719 1479 3769 ini
1489 3732 1569 3781 usqua
1582 3719 1615 3768 ad
1625 3721 1754 3783 sapim
1768 3718 1825 3767 diei

217 3795 305 3845 horam
317 3795 457 3858 pugnarunt
470 3792 496 3841 in
506 3790 616 3841 turribus
626 3789 709 3839 Basilii
722 3792 747 3839 ct
760 3788 848 3839 iconia
865 3793 892 3841 et
904 3788 989 3849 aiecii,
1005 3788 1038 3839 id.
1058 3802 1082 3853 p.
1103 3792 1156 3848 297,
1174 3790 1233 3853 29],
1245 3792 1325 3854 pergit
1338 3809 1344 3839 :
1357 3790 1435 3851 1·ῷᾶ
1448 3790 1549 3855 Γαθμλλ
1566 3791 1703 3854 Tutatio,
1725 3794 1760 3851 τῷ
1775 3794 1825 3837 τῶν

218 3869 319 3917 Ἐνετῶν
337 3868 448 3929 τριαρίων
465 3862 598 3923 καπετανίῳ
612 3863 671 3925 μιτά
684 3864 725 3911 καὶ
741 3863 824 3925 λείριον
836 3864 926 3925 ἀνδρῶν
936 3860 1082 3917 πεντήκοντα
1095 3859 1163 3918 έθὸθη
1178 3860 1297 3917 φυλάττειν
1306 3860 1348 3909 τδν
1359 3860 1445 3923 πύργον
1454 3862 1495 3909 τὸν
1510 3861 1613 3923 ἐνμέσῳ
1633 3866 1676 3908 τοῦ
1695 3860 1823 3923 poium,

218 3940 259 3988 τὸν
270 3936 468 4001 φυλάσσοντατὴν
479 3936 571 3985 ε1οοθον
584 3940 627 3983 τοῦ
640 3935 744 3995 λιμένος,
759 3934 837 3995 καὶῆν
850 3932 957 3995 ἀντικρὺς
970 3936 1009 3989 τῆς
1021 3931 1095 3988 πύλης
1109 3936 1148 3989 τῆς
1161 3931 1296 3989 Βασιλικῆς.
1314 3929 1354 3980 ci.
1369 3932 1451 3979 Ducaa
1473 3944 1501 3993 p.
1516 3932 1569 3991 275,
1585 3935 1609 3979 11
1632 3951 1638 3979 :
1654 3934 1688 3979 01
1711 3930 1737 3979 δὲ
1759 3933 1825 3981 Bova·

219 4009 282 4056 τεκαὶ
298 4007 322 4055 έν
334 4013 363 4069 τῇ
381 4008 494 4067 Βασιλικῇ
505 4006 567 4067 πύλη
579 4005 646 4067 μέχρι
659 4008 702 4052 τοῦ
714 4004 823 4063 Κννηγοῦ
833 4005 877 4054 σὺν
892 4000 1020 4064 Ῥωμαίοις
1031 4002 1091 4063 ὁμοῦ
1103 4006 1153 4057 τοῖς
1164 4001 1277 4063 Τούρκοις
1290 4000 1415 4064 ἐμάχοντο.
1429 3999 1571 4049 [canardus
1584 4004 1667 4063 12926
1683 3998 1826 4049 Gonnum

219 4074 381 4124 Trericanum
394 4088 452 4124 oum
466 4073 567 4123 venetia
583 4072 635 4121 cuia
649 4072 675 4121 in
693 4070 791 4133 regium
807 4086 865 4135 qua
877 4074 916 4123 oct
930 4086 948 4121 u
966 4072 1036 4121 uum
1054 4068 1138 4119 Ρλονν·
1153 4082 1237 4133 usquc
1256 4068 1294 4119 od
1307 4069 1480 4133 imperialem
1500 4068 1642 4119 decertasse
1657 4068 1734 4117 dicit.
1755 4098 1788 4111 -
1802 4071 1828 4117 in

218 4144 326 4195 Paconio
335 4148 360 4204 4,
373 4148 417 4194 199
429 4148 565 4207 portarum,
574 4156 631 4205 quia
643 4142 676 4191 ad
684 4141 768 4191 comu
780 4141 955 4201 cinamomum,
969 4138 1108 4189 cariaciaco
1119 4142 1157 4188 cat
1170 4159 1176 4189 ι
1188 4142 1215 4191 P.
1230 4138 1342 4203 Cyucgii
1356 4138 1444 4200 Phari,
1453 4138 1610 4199 Theodosia,
1626 4140 1709 4194 Patri.
1726 4138 1826 4195 Platea.

217 4214 321 4267 iiaaiica.
334 4216 484 4265 demoratur
495 4217 566 4276 porta
577 4212 679 4262 Basilica
696 4213 770 4262 ctiam
781 4225 820 4275 ap.
836 4215 931 4262 Ινυοεεο
947 4225 973 4275 p.
991 4215 1046 4272 295,
1063 4217 1073 4261 1
1089 4214 1116 4261 ει
1126 4224 1150 4274 p.
1163 4214 1218 4266 992,
1230 4216 1253 4271 5,
1264 4210 1306 4260 ubi
1320 4213 1401 4261 Lucaa
1418 4210 1522 4259 Notaraa
1536 4222 1611 4273 prope
1626 4222 1684 4259 cam
1698 4208 1781 4259 fusse
1794 4209 1828 4257 di

218 4286 347 4346 citandum
360 4282 610 4347 temporc'i'urciper
623 4282 711 4333 chami
723 4283 857 4346 {certamin
872 4282 959 4331 urbem
973 4282 1121 4343 irruperunt.
1135 4283 1170 4329 Ex
1180 4281 1261 4331 allatis
1278 4284 1346 4345 patet
1358 4294 1441 4331 errarc
1457 4282 1616 4330 Hammcrum
1631 4280 1677 4342 qui
1692 4280 1827 4329 Basilicam

217 4358 314 4420 portam
326 4354 449 4418 componit
459 4367 516 4403 cum
528 4352 589 4407 hod.
602 4354 808 4417 Βαὶειί-Καρυσσέ
819 4367 876 4417 quc
889 4357 929 4403 aot
943 4352 1006 4403 inter
1017 4350 1115 4414 cynegii
1129 4354 1225 4415 portam
1237 4350 1489 4415 (dicun-Kapuui)
1502 4354 1528 4401 ci
1542 4350 1597 4400 Fari
1609 4354 1711 4413 ponam
1726 4351 1830 4409 (fener

220 4428 335 4490 Kapuasi
345 4424 367 4487 ).
392 4424 466 4475 iiaud
481 4424 561 4488 magia
578 4422 697 4487 probandi
708 4424 896 4475 Hordimanuua
905 4427 932 4474 ct
945 4422 1054 4486 Stoipiua
1067 4420 1106 4483 (iu
1119 4420 1203 4471 tabula
1218 4422 1449 4487 constantiucpdia)
1462 4423 1506 4486 qui
1518 4420 1647 4471 Basilicam
1660 4424 1768 4483 portam
1780 4435 1827 4471 nou

218 4496 247 4547 ad
260 4498 342 4546 cornu
358 4494 439 4543 sinum
453 4492 587 4554 collocant,
601 4492 644 4543 aad
655 4493 679 4542 in
693 4492 1039 4557 hodiernaicitur·1iapusai
1054 4494 1182 4553 quarunt,
1197 4504 1253 4554 quac
1266 4494 1291 4543 iu
1305 4492 1457 4545 meridionali
1472 4491 1573 4554 seragiii
1585 4488 1654 4555 apim
1667 4491 1724 4539 sita·
1732 4504 1826 4540 rersrrs

217 4562 392 4630 Propontidum
407 4566 512 4628 spectat.
527 4564 538 4626 ΙΙ
551 4589 583 4601 -
593 4560 752 4627 τραπόμενος]
762 4563 799 4612 sic
809 4576 876 4614 man.
893 4571 921 4624 2,
932 4562 1072 4625 τρεπόμενος
1084 4573 1117 4609 m.
1136 4565 1157 4611 i.
1172 4562 1182 4625 ΙΙ
1199 4587 1230 4598 -
1241 4564 1364 4627 ληιῑομένη
1379 4564 1421 4623 τὴν
1433 4565 1505 4621 ἀλλην
1517 4561 1601 4625 πόλιν]
1616 4562 1679 4610 Ηωει
1694 4559 1827 4609 adduniur

218 4652 243 4687 m
255 4648 373 4697 margunc.

248 4708 333 4756 val.
347 4705 361 4767 §
376 4707 421 4763 1.ὴ
434 4710 503 4759 Δᾶτις
513 4704 555 4763 τὴν
566 4703 712 4769 Ἐρετρικὴν]
724 4707 754 4753 V.
768 4703 921 4763 1191011066,
935 4708 988 4752 101,
1000 4704 1011 4767 ΙΙ
1022 4704 1074 4769 -§
1083 4712 1105 4755 2.
1120 4706 1203 4769 Σοφίας
1211 4703 1280 4768 νεὼν]
1290 4707 1320 4753 V.
1328 4706 1410 4753 Ducat
1419 4716 1442 4767 p.
1455 4706 1526 4763 288,ss
1538 4705 1560 4753 ί.
1573 4704 1628 4761 nai,
1642 4705 1671 4759 θη
1685 4699 1824 4750 Phronius

218 4790 243 4841 p.
257 4781 312 4836 299,
323 4783 368 4834 2ος
382 4774 592 4837 chalccccndylaa
607 4789 632 4837 p.
649 4778 703 4835 997,
721 4780 746 4826 9.
759 4776 770 4839 Ι
783 4802 815 4814 -
827 4778 869 4825 καὶ
884 4772 990 4839 παίδων]
1006 4775 1076 4826 addit
1090 4788 1184 4841 margo.

248 4848 347 4896 111911.
361 4845 376 4909 §
394 4850 415 4907 1.
426 4848 458 4895 01
470 4846 495 4894 ἐν
509 4849 544 4907 τῷ
562 4846 655 4908 rotata
666 4844 889 4907 ctc.]i)chiavida
905 4845 976 4907 picra
992 4858 1032 4907 ap.
1053 4848 1147 4895 Ducam
1159 4858 1183 4909 p.
1203 4848 1257 4903 297,
1275 4849 1296 4911 1.
1313 4848 1367 4903 312,
1392 4848 1421 4893 22
1438 4846 1464 4891 ct
1475 4840 1703 4902 chaicoccudylam
1722 4852 1748 4903 p.
1762 4844 1820 4900 εοο,

219 4922 257 4965 22.
274 4918 420 4976 Factorum,
438 4928 495 4978 quac
512 4914 677 4965 Mcchemetca
692 4929 749 4965 cum
765 4914 885 4965 (λελαθυῖα
898 4912 983 4973 inivit,
998 4915 1165 4979 apographum
1177 4927 1283 4977 graccum
1298 4913 1374 4963 habas
1382 4911 1448 4975 apud
1464 4914 1626 4961 Hammcrum
1639 4910 1657 4957 l.
1671 4910 1690 4958 1.
1709 4914 1731 4969 1,
1741 4923 1770 4972 p.
1780 4913 1825 4959 ⁶75

199 4993 202 4997 “
218 4996 256 5050 aq.
267 4984 336 5036 idam
347 4987 520 5036 documentum
529 4985 611 5034 italica
625 4984 707 5049 lingua
724 4985 842 5049 scriptum
857 4988 883 5035 et
896 4986 922 5035 in
936 4985 1084 5035 nonnuiiisa
1102 4985 1188 5049 graecia
1201 4984 1319 5035 recedens
1336 4981 1404 5033 dedit
1417 4981 1545 5033 uinkaisan
1556 4980 1574 5029 i.
1590 4980 1606 5029 1.
1623 4986 1648 5040 2,
1663 4993 1689 5042 p.
1708 4986 1750 5029 aa.
1774 4980 1823 5040 Ι.-

217 5055 259 5119 §3
284 5057 425 5121 ξύμπαντες]
436 5058 479 5119 ξύμ
496 5055 588 5118 syllaba
602 5054 701 5105 additur
721 5056 746 5106 in
759 5057 875 5120 margine.
891 5058 901 5118 Ι]
924 5082 956 5091 —
973 5054 1173 5121 πεντακισχίλιοι]
1187 5056 1265 5105 litera}
1280 5070 1368 5105 πεντακ
1380 5052 1404 5101 in
1420 5064 1509 5101 rasura
1522 5049 1621 5112 scripiae
1640 5051 1827 5108 ευιν1;66,(196

218 5138 271 5175 ccc.
290 5126 444 5175 hemardum
460 5140 485 5189 p.
502 5129 557 5177 391.

248 5192 357 5245 uxvnn
376 5194 427 5260 51.
446 5198 563 5245 Εἰσελθὼν
581 5197 604 5252 ἐς
621 5198 663 5255 τὴν
676 5196 758 5260 πόλιν]
770 5196 891 5248 dicihora
903 5200 1004 5259 octava,
1024 5210 1073 5247 sec.
1090 5197 1185 5245 Ducam
1201 5208 1225 5259 p.
1248 5199 1302 5254 299,
1320 5198 1355 5244 id.
1376 5192 1413 5243 Gi.
1430 5193 1563 5241 Phronizes
1582 5202 1608 5252 p.
1628 5192 1683 5249 299,
1707 5190 1776 5249 199
1794 5214 1825 5224 -
