3809 5859
486 327 736 392 uncnnnsris
759 334 887 396 Annus
909 338 944 397 ιι.
967 341 1047 401 coco
1069 340 1250 418 (risi-risa
1271 344 1305 403 r.
1329 343 1388 424 a).
1702 355 1739 415 or

145 454 265 533 ρύτατον,
286 456 382 535 πήχεις
399 454 444 517 δύο
462 457 508 517 καὶ
529 458 606 533 δέκα,
628 461 691 542 ύψος
717 464 744 522 δὲ
768 466 916 543 τετραπλά-

143 565 213 602 σιον·
226 544 272 603 καί
287 544 393 621 μέγεθος
407 545 434 604 δὲ
453 548 482 605 ού
499 548 567 608 κατά
578 549 712 629 φρούριον,
724 552 792 611 titt
803 552 915 634 πολίχνη

144 631 304 710 προσεοικός.
347 634 481 713 Τρίγωνον
496 634 523 693 δέ
538 640 727 708 κατασκευάζει
738 646 782 699 τοῦ
795 644 915 723 φρουρίου

143 716 174 777 τδ
202 723 310 797 σχῆμα,
338 720 386 791 τὴν
419 719 466 797 μὲν
492 724 570 802 ὀρθὴν
592 725 687 802 γωνίαν
721 728 774 786 άνιυ
802 728 867 811 πρὸς
886 731 916 789 τὸ

144 808 252 875 άναντες
263 807 323 888 ἔχον
338 808 382 867 καλ
400 810 427 868 iv
440 814 473 887 τῇ
488 816 588 892 κορυφῇ
603 804 645 890 (ἦν
666 814 718 893 γάρ
732 815 818 893 ἠρέμα
834 816 915 898 πρόσ·

144 918 217 959 οντες
238 896 268 955 τὸ
287 895 404 975 χωρίον),
414 895 504 978 ὥσπερ
520 900 578 958 τινά
594 900 723 979 πρόβολον
736 904 802 979 μετὰ
815 904 915 984 πύργου

144 982 363 1062 προύεύλημένην
378 986 549 1065 ίσχυροτάτου
564 1011 591 1047 τε
614 988 659 1047 καλ
680 990 820 1068 μεγίστου,
838 992 915 1061 ξυνά-

142 1073 258 1131 πτουσάν
273 1095 301 1130 τε
323 1074 369 1139 τάς
383 1075 428 1133 δύο
442 1075 582 1156 ἐγκαρσίας
593 1079 704 1157 πλευράς
718 1082 762 1137 καί
775 1081 917 1160 φυλάττου·

141 1182 207 1218 σαν·
220 1160 271 1227 τδς
289 1159 316 1219 δὲ
336 1163 382 1221 δύο
399 1164 495 1239 γωνίας
515 1168 561 1235 τῆς
578 1164 678 1242 βάσεως
698 1165 772 1225 κάτω
789 1167 848 1247 περὶ
869 1168 914 1229 τδν

143 1248 263 1326 αἰγιαλόν
279 1249 438 1329 ἑκατέρωθεν
460 1255 507 1321 τῆς
526 1252 683 1330 elsaphan
699 1259 789 1313 τοῦτον
810 1256 914 1336 ἐπέχει,

145 1336 190 1395 καλ
212 1337 291 1403 αύτδς
316 1338 421 1417 ιτύργοις
448 1340 626 1418 ἰσχυροτάτοις
653 1366 681 1400 τε
712 1344 757 1402 καὶ
787 1348 916 1421 μεγίστοις

142 1427 353 1505 ἠσφαλισμένας·
383 1430 428 1486 καὶ
460 1429 537 1486 αὗταί
563 1428 589 1486 δὲ
615 1433 641 1488 αἱ
674 1433 784 1512 πλευραὶ
808 1433 915 1512 πύργοις

142 1514 238 1593 ίτέροις
276 1515 477 1589 πεπύκνωυται,
501 1516 625 1575 ἐλάττοσι
661 1515 709 1593 μέν
739 1522 778 1599 τῷ
813 1520 915 1598 μεγέθει

141 1605 193 1660 τῶν
213 1604 239 1660 έν
260 1606 316 1669 ταῖς
339 1603 459 1681 γωνίαις,
480 1603 587 1681 δυνάμει
611 1604 638 1662 δέ
664 1603 736 1664 οὐδὲν
762 1607 910 1667 ἀποδέουσι.

142 1692 174 1767 (ε)
189 1693 275 1749 Τοῦτο
292 1689 318 1748 δέ
333 1690 363 1749 τὸ
379 1696 472 1771 σχῆμα
487 1692 533 1751 καλ
546 1692 643 1763 ταύτην
662 1692 709 1764 τὴν
728 1692 796 1753 θέσιν
810 1696 914 1773 ἐμηχα-

143 1776 241 1847 νήσατο
263 1784 308 1836 τοῦ
323 1779 459 1858 φρουρίου,
477 1782 509 1858 τῇ
525 1777 573 1855 μὲν
590 1777 623 1837 ἵν’
638 1783 673 1848 ὡς
695 1782 814 1841 πλεῖστον
830 1783 913 1862 έπίχη

141 1868 185 1923 τοῦ
196 1865 333 1942 αἰγιαλοῦ,
342 1864 386 1922 διδι
397 1863 444 1931 τδις
454 1864 626 1943 πετρούολους
637 1866 769 1946 μηχανάς,
781 1867 809 1927 αθ
819 1871 914 1927 πυκναὶ

142 1951 201 2032 περὶ
216 1954 293 2011 αύτδν
306 1954 414 2030 ἔμελλον
427 1943 492 2011 εἶναι
502 1956 680 2033 τετραμμέναι
690 1954 754 2035 πρὸς
766 1955 912 2031 θάλασσαν,

141 2042 185 2100 tis
198 2041 230 2115 δὴ
242 2042 285 2101 τόν
299 2041 436 2100 διέκπλουν
446 2042 567 2100 κωλύωσι
577 2088 585 2115 ,
597 2050 761 2122 καταγνῦσαι
770 2043 804 2101 sir
816 2044 913 2127 σκάφη,

141 2127 215 2208 τῇδέ
230 2130 275 2187 καί
293 2130 340 2199 τὴν
362 2130 443 2209 άιιραν
463 2129 517 2187 άνω
533 2130 643 2209 κατέχον
666 2156 694 2189 τε
711 2133 755 2190 καλ
772 2138 912 2213 φρουροῦν,

140 2214 186 2273 καί
209 2216 268 2283 τοὺς
291 2218 430 2293 πολεμίους
454 2208 537 2297 εἶργον
559 2223 594 2285 ὡς
614 2221 792 2298 πορρωτάτω,
806 2219 850 2277 ίνα
874 2219 911 2297 μὴ

139 2308 203 2388 ὑπὲρ
215 2314 330 2389 κεφαλῆς
344 2302 414 2371 ούτοι
431 2312 570 2387 βάλλοντες
585 2312 643 2379 τοὺς
658 2314 701 2372 ἐπί
714 2319 765 2373 τῶν
780 2313 910 2383 ἐπάλξεων

970 462 1137 549 βλάπτωσιν,
1151 475 1220 532 itit
1234 475 1417 535 άνασοόῶνται
1439 478 1582 556 πόρρωθεν.
1628 482 1660 557 (ο)
1676 484 1742 542 Τει-

967 558 1046 637 χίσας
1060 561 1087 618 δὲ
1099 560 1142 620 τὸν
1157 560 1294 640 εἰρημένον
1308 564 1421 642 τρόπον,
1434 567 1597 635 ε’πιοκευάζει
1611 569 1742 636 παντοίοις

969 648 1074 723 ὅπλοις,
1092 647 1180 726 βελεσί
1194 672 1222 708 τε
1239 649 1284 708 καί
1305 650 1386 719 τόξοις
1405 652 1451 711 καὶ
1465 652 1583 732 δόρασιν,
1596 655 1634 715 lsi
1649 656 1676 714 δλ
1696 658 1741 717 καί

969 736 1061 795 άσπίσι
1080 738 1125 795 καλ
1137 740 1235 819 θυρεοῖς
1245 740 1291 797 καὶ
1302 742 1409 807 πολλοῖς
1430 741 1518 805 ἄλλοις
1531 742 1667 811 τοιούτοις·
1676 746 1742 824 πρὸς

970 822 997 881 δέ
1007 825 1106 891 τούτοις
1118 825 1283 905 πετρούύλοις
1297 837 1429 908 μηχαναῖς
1443 829 1544 904 μείζοσί
1557 853 1584 888 τε
1598 832 1644 890 καλ
1656 833 1742 908 μείοσι

969 912 1055 979 πάσας
1068 912 1114 979 τάς
1127 913 1246 982 ἐπάλξεις
1260 914 1359 983 ὁπλίζει
1373 920 1425 974 τῶν
1439 939 1468 973 τε
1481 915 1588 994 πύργων
1599 918 1645 977 καὶ
1660 944 1741 995 μετα·

968 998 1084 1077 πυργίων
1101 999 1147 1058 καί
1161 1002 1348 1081 προπυργίων,
1363 1000 1409 1069 τίις
1423 1002 1450 1061 δὲ
1469 1004 1594 1081 μεγίστας
1617 1010 1670 1065 τῶν
1689 1033 1743 1085 μη-

968 1091 1055 1165 χανῶν
1077 1087 1163 1157 τίθησι
1193 1088 1265 1165 παρὰ
1288 1088 1336 1158 τὴν
1359 1090 1493 1148 θάλασσαν
1519 1089 1570 1149 tsi
1601 1092 1631 1152 τό
1655 1098 1741 1174 τεῖχος

968 1175 1057 1252 χαμαί
1069 1176 1208 1242 πυκνώσας
1218 1174 1290 1255 παρά
1304 1175 1367 1249 ὅλην
1377 1178 1423 1248 τὴν
1432 1177 1547 1257 πλευράν
1559 1166 1742 1260 τετραμμένας

969 1267 995 1330 t<
1010 1261 1159 1333 θάλασσαν,
1181 1254 1249 1342 ᾗπερ
1271 1262 1353 1343 ἔφην,
1375 1266 1423 1323 ούκ
1446 1266 1488 1325 ἐπ’
1502 1267 1602 1334 εὐθείας
1621 1271 1742 1347 δρώσας,

969 1349 1029 1408 ἀλλ’
1043 1350 1110 1428 άλλη
1130 1350 1176 1409 καὶ
1193 1351 1261 1429 άλλη
1275 1355 1321 1409 τοῦ
1341 1352 1485 1431 πελάγους,
1497 1353 1542 1411 κοιλ
1565 1358 1742 1436 ἐπαμφοτερι-

969 1438 1076 1512 ζούοας,
1087 1436 1136 1505 τάς
1150 1438 1197 1514 μὲν
1212 1437 1295 1507 δεξιάς
1316 1440 1360 1499 ἐπὶ
1373 1440 1408 1499 τά
1427 1442 1628 1524 άριοτερά,,τίις
1642 1443 1670 1503 δὲ
1685 1449 1743 1521 ipt-

968 1528 1061 1605 στερδις
1083 1525 1128 1586 tul
1152 1525 1187 1584 τά
1211 1526 1282 1594 δεξιά
1305 1527 1406 1607 δρώσας
1428 1553 1456 1588 τε
1477 1529 1522 1589 καλ
1544 1530 1570 1600 ἐξ
1584 1533 1740 1611 ὑπερδεξίων

969 1612 1117 1693 βαλλούσας
1129 1613 1174 1673 καὶ
1186 1614 1230 1673 τὸν
1241 1614 1395 1693 διέκπλουν,
1405 1608 1476 1696 ᾗπερ
1488 1618 1566 1691 ἔφην,
1580 1621 1742 1691 κωλυούσας·
1820 1696 1821 1699 γ
1837 1691 1839 1694 ¹

968 1705 999 1780 (r)
1016 1706 1134 1781 ἀφιεῖσαι
1148 1702 1199 1779 γάρ
1214 1703 1299 1770 λίθους
1314 1698 1491 1781 πάμμεγέθεις
1510 1728 1539 1764 τε
1554 1706 1600 1766 καλ
1614 1712 1740 1787 στρογγύ-

966 1793 1025 1855 λους
1040 1794 1067 1848 ἓν
1077 1793 1135 1869 χρῷ
1149 1789 1283 1859 θαλάσσης
1297 1790 1386 1870 ὥσπερ
1399 1794 1571 1871 νηχομένους,
1586 1794 1639 1853 άπό
1653 1818 1681 1854 τε
1695 1802 1741 1857 τοῦ

967 1876 1088 1959 φρουρίου
1113 1876 1189 1934 τοῦδε
1214 1876 1294 1955 μέχρι
1316 1884 1361 1937 τοῦ
1385 1878 1483 1957 πέραν,
1505 1880 1550 1939 καὶ
1575 1882 1621 1937 ἀπ’
1643 1882 1741 1942 ἐκείνου

967 1966 1046 2022 πάλιν
1061 1963 1105 2023 ἐπὶ
1118 1963 1176 2023 τόδε
1190 1963 1234 2021 τὸν
1247 1963 1323 2024 αύτδν
1343 1966 1440 2046 τρόπον
1451 1966 1539 2047 ἕτεραι
1551 1970 1684 2046 μηχαναὶ,
1694 1971 1740 2031 uix

966 2054 1029 2109 ἐῶσι
1043 2052 1214 2110 διεκπλῶσαι
1226 2052 1263 2129 μὴ
1276 2052 1316 2111 ὅτι
1329 2076 1358 2130 γε
1371 2053 1471 2114 ὁλκάδα
1481 2056 1527 2114 καὶ
1540 2055 1634 2135 τριήρη
1646 2055 1663 2129 ἢ
1677 2056 1743 2119 ἄλλο

965 2162 990 2198 τι
1005 2142 1056 2197 τῶν
1070 2142 1206 2217 φορτηγῶν
1222 2140 1267 2204 καὶ
1280 2146 1471 2217 σκευαγωγῶν,
1487 2144 1546 2202 ἀλλ’
1562 2142 1619 2205 siit
1633 2143 1663 2204 τὸ
1677 2168 1741 2220 σμι-

965 2226 1092 2305 κρότατον
1103 2228 1214 2285 ἀκάτιον
1224 2234 1270 2286 τοῦ
1282 2224 1319 2301 μὴ
1334 2230 1363 2286 ού
1378 2228 1490 2295 κατάξει
1504 2254 1533 2288 τε
1545 2230 1591 2289 καὶ
1602 2234 1740 2312 συντρῖψαι

965 2313 1010 2371 καί
1024 2311 1182 2393 ὑποβρύχιον
1194 2316 1232 2393 τῷ
1244 2318 1315 2394 βυθῷ
1330 2317 1508 2395 παραδοῦναι,
1520 2316 1588 2376 οὕτω
1600 2341 1640 2376 τοι
1650 2320 1741 2386 νυκτὸς

138 2649 196 2697 sirit.
217 2649 289 2698 Haud
306 2650 411 2699 mrdtnm
430 2650 615 2714 (1111οει4441ιμιεο
630 2652 695 2715 apud
706 2656 801 2703 ceteros
816 2651 946 2716 scriptores
957 2651 1078 2714 leguntur.
1096 2651 1230 2701 Phrnntacs
1245 2665 1269 2714 p.
1282 2655 1337 2712 231,
1350 2604 1380 2700 tri
1388 2670 1395 2701 ·.
1405 2654 1432 2701 τὸ
1441 2654 1466 2701 δὲ
1475 2658 1523 2701 τῶν
1532 2660 1617 2715 τειχῶν
1626 2657 1670 2713 (sc.
1682 2659 1738 2705 tur-

137 2719 212 2781 rium)
226 2718 289 2783 εύρος
298 2720 327 2779 ἦν
336 2720 371 2769 κε’
380 2722 473 2781 ποδῶν,
486 2724 513 2771 τὸ
526 2724 551 2770 δὲ
562 2724 649 2771 ἔσωθεν
661 2724 738 2771 αὐτῶν
750 2724 880 2785 εὐρύχωρον
892 2724 982 2783 ύπῆρχε
995 2720 1120 2783 τριάκοντα
1135 2723 1228 2770 καὶδύο
1240 2722 1327 2770 ποδῶν.
1340 2720 1502 2774 ohatcocond
1512 2736 1536 2786 p.
1552 2728 1607 2783 331,
1620 2728 1634 2772 8
1651 2745 1656 2773 :
1672 2728 1700 2774 τὸ
1712 2728 1738 2776 δὲ

136 2789 224 2846 πλάτος
244 2794 283 2837 τοῦ
305 2790 395 2853 τείχους
413 2790 487 2847 πόδας
508 2792 555 2851 ιβ’,
574 2797 621 2840 τῶν
641 2793 666 2841 δέ
678 2792 772 2854 πύργων
784 2793 824 2840 καὶ
839 2792 909 2840 πλέον
921 2792 1023 2849 τούτων,
1035 2792 1167 2849 τριάκοντα.
1186 2792 1270 2839 Ducas
1281 2805 1305 2854 p.
1319 2794 1373 2851 ato,
1394 2794 1471 2846 snt:
1483 2794 1558 2854 πάχος
1573 2793 1604 2840 τὰ
1621 2794 1688 2856 τείχη
1697 2797 1738 2844 καὶ

135 2860 189 2914 τοὺς
206 2858 305 2919 πύργους
321 2860 340 2908 λ’
350 2862 469 2923 σπιθαμὰς
481 2860 506 2919 (ἱ.
521 2875 544 2910 e.
557 2868 586 2910 22
596 2862 670 2924 ptdcs
683 2865 709 2912 et
722 2861 861 2921 dimidium)
875 2861 977 2916 ἐκτείνας
991 2862 1070 2909 καὶτὸ
1084 2861 1142 2921 ύψος
1161 2863 1193 2917 εἰς
1212 2862 1240 2909 τὸ
1253 2861 1350 2922 ἀρκοῦν.
1368 2861 1529 2910 Altitudinem
1543 2862 1649 2911 turrium
1670 2864 1738 2914 solus

136 2926 280 2982 critobulus
292 2928 403 2987 tradidit,
420 2930 523 2979 tortasse
540 2930 610 2993 justo
621 2931 750 2994 majorem;
760 2944 814 2979 eam
826 2934 856 2977 oo
868 2928 959 2991 pedum
977 2942 1032 2979 esse
1043 2928 1268 2978 dicitllurdtmann
1277 2928 1295 2977 l.
1309 2930 1326 2978 Ι.
1339 2944 1363 2991 p.
1376 2932 1413 2978 17.
1434 2929 1445 2993 ss
1462 2960 1489 2967 -
1506 2931 1629 2993 τρίγωνον]
1645 2932 1738 2985 Eodem

137 2997 209 3046 morlo
221 3000 302 3046 Ducns
312 3011 335 3061 p.
348 3002 401 3058 21-1,
410 3006 439 3049 22
451 3019 457 3048 ι
470 3002 501 3055 ῶς
512 3001 536 3049 ἐν
545 3001 651 3063 τριγώνῳ
667 3003 770 3062 σχήματι
785 3002 826 3049 τὸν
838 3000 941 3062 θεμέλιον
963 3000 1067 3061 ὡρίσατο
1080 3000 1203 3060 πηγνύναι.
1222 2999 1355 3062 Dispositio
1368 3003 1450 3049 autem
1465 3001 1579 3063 trianguli
1591 3015 1641 3051 sec.
1654 3002 1736 3053 Crito-

136 3066 223 3116 bulum
238 3079 267 3115 ea
281 3070 346 3127 erat,
362 3072 390 3117 ιιι
404 3072 485 3117 rectus
499 3071 602 3131 angulus
616 3070 739 3133 turrisque
752 3068 858 3118 niaxima
874 3082 962 3119 versus
982 3069 1144 3118 continentem
1162 3068 1189 3118 in
1201 3068 1253 3117 solo
1267 3069 1377 3129 elatiore,
1391 3070 1492 3132 reliqua
1511 3070 1567 3119 dura
1581 3071 1653 3133 juxta
1667 3086 1735 3122 oram

135 3135 283 3185 maritimam
296 3140 386 3185 essent.
404 3138 623 3201 Ceteriscriptores
646 3138 719 3201 graeci
738 3138 830 3187 rectius
855 3138 980 3187 inversum
994 3138 1102 3186 ordinem
1126 3136 1250 3186 exhibent.
1264 3136 1398 3187 l‘brantzcs
1410 3153 1434 3202 p.
1455 3142 1509 3198 231,
1531 3144 1558 3188 12
1575 3160 1580 3186 ι
1598 3142 1737 3204 ᾠκοδόμησε

134 3208 235 3268 πύργους
250 3213 309 3269 τρεῖς
325 3208 443 3271 ἰσχυρούς,
457 3210 510 3263 τοὺς
528 3210 569 3259 δύο
583 3211 623 3271 μὲν
636 3211 771 3272 χερσαίους,
789 3212 829 3259 τδν
846 3210 869 3257 δὲ
886 3210 963 3271 ἕτερον
973 3211 1034 3256 κατὰ
1048 3210 1182 3265 θάλασσαν,
1196 3209 1221 3263 ὃς
1236 3210 1275 3255 καὶ
1293 3209 1372 3268 ὀλίγον
1385 3227 1408 3257 τι
1423 3214 1500 3270 μεῖζον
1511 3216 1558 3258 τῶν
1575 3211 1617 3259 δύο
1635 3213 1736 3274 ὑπῆρχε.

137 3276 297 3326 Chalcocontl.
318 3291 342 3341 p.
363 3282 450 3335 aum
473 3280 607 3341 ιῴκυδόμει
622 3281 724 3341 πύργους
740 3285 800 3341 τρεῖς
817 3280 940 3342 μεγίστους
959 3276 1053 3327 πάντων
1076 3278 1108 3326 ὧν
1123 3278 1207 3336 ῐσμεν,
1220 3278 1261 3325 δύο
1274 3279 1316 3339 μὲν
1329 3278 1390 3326 κατὰ
1405 3281 1447 3337 την
1460 3280 1555 3342 ἤπειρον
1562 3282 1643 3342 ,ὥστε
1656 3285 1737 3342 ὡρμη-

136 3349 257 3409 μένυιᾰπδ
268 3350 356 3398 τούτων
367 3350 462 3409 ἀμύνειν
473 3356 507 3410 τῷ
520 3352 558 3399 ἐπὶ
574 3358 602 3413 τῇ
619 3351 725 3414 θαλάσσῃ
738 3352 857 3414 ἐρχομένῳ
868 3350 912 3412 (sc.
923 3349 1031 3412 πύργῳ),
1046 3356 1128 3398 τοῦτον
1145 3350 1170 3398 δὲ
1186 3350 1295 3411 μέγιστον
1309 3350 1462 3413 ἐπῳκοδόμει.
1478 3352 1507 3399 ln
1523 3348 1562 3399 lais
1575 3349 1651 3399 verba
1675 3356 1736 3403 ὥστε

135 3420 194 3479 ῶρμ.
213 3420 262 3468 etc.
282 3430 410 3481 perperam
424 3422 553 3469 vertuntur
567 3439 573 3469 ι
586 3422 616 3471 nt
627 3420 661 3470 αθ
671 3419 713 3470 lits
723 3423 855 3483 propresst
866 3422 969 3469 irruere
975 3422 1081 3481 possent
1099 3421 1128 3468 in
1141 3432 1222 3468 nnius
1234 3431 1292 3482 qna
1307 3431 1380 3469 mure
1398 3420 1496 3481 tepent.
1515 3418 1666 3469 vertendum
1685 3441 1691 3469 :
1705 3424 1736 3470 nt

134 3486 195 3537 hinc
209 3489 310 3537 anxilio
322 3490 440 3537 uenirent
451 3492 518 3539 turri
529 3492 650 3539 treantina
661 3490 745 3551 ‚iuxta
757 3501 833 3539 niune
842 3490 939 3539 erectae.
958 3492 1012 3537 Vox
1026 3489 1145 3551 ἐρχομένῳ
1157 3501 1202 3551 pru
1213 3489 1313 3551 κειμένῳ
1327 3491 1469 3551 usurpatur.
1484 3489 1571 3537 illatis
1581 3487 1644 3538 adde
1661 3490 1736 3538 verba

133 3562 210 3607 Danaa
226 3571 250 3621 p.
267 3561 320 3613 212,
335 3571 391 3621 qnae
413 3572 487 3622 supra
506 3559 539 3609 ad
559 3559 574 3621 §
594 3567 607 3609 2
624 3561 760 3610 emendari.
777 3563 892 3610 Ceterum
907 3572 964 3621 qum
980 3558 1011 3609 de
1023 3558 1118 3608 castelli
1130 3561 1207 3607 torma
1224 3559 1345 3621 triquetra
1357 3558 1437 3620 deque
1456 3559 1536 3607 tribus
1554 3558 1665 3608 turribus
1682 3563 1735 3609 tra-

134 3628 235 3689 duntur,
246 3628 344 3677 eaialsa
356 3641 411 3679 esse
422 3630 482 3679 dicit
495 3630 679 3679 Mordtmannus
692 3631 711 3681 l.
733 3631 750 3680 l.
766 3643 793 3694 p.
818 3634 877 3687 133ς
893 3643 979 3693 reapse
995 3630 1059 3678 enim
1080 3631 1105 3677 ti
1122 3632 1202 3677 turres
1214 3629 1279 3678 inter
1289 3635 1406 3690 easqueo
1425 3630 1531 3692 majores
1546 3632 1733 3685 essentiane

134 3700 254 3761 legeretur
268 3699 334 3761 apud
352 3700 486 3749 Barbarum
501 3702 518 3749 l.
539 3701 566 3759 i.;
584 3715 691 3751 errorem
712 3700 768 3751 inde
786 3700 946 3763 repetendum
960 3699 1054 3757 rideri,
1070 3699 1137 3761 qnod
1158 3698 1189 3747 ab
1203 3698 1265 3748 urbe
1284 3699 1310 3747 in
1329 3702 1467 3761 Bosporum
1490 3698 1660 3761 herbantibus
1682 3702 1734 3750 tros

133 3773 228 3818 tantum
249 3770 331 3817 turres
346 3774 491 3832 apparerent
510 3784 539 3819 eo
559 3770 653 3820 itineris
672 3775 797 3821 momento
814 3785 863 3833 qrro
881 3769 1022 3832 Deslcrdnr
1037 3769 1229 3832 promontorium
1254 3768 1509 3830 circumnavigsndum
1521 3771 1596 3817 esset.
1610 3770 1659 3830 Ego
1675 3782 1734 3818 vero

133 3839 174 3891 vis
192 3837 338 3888 crediderim
347 3840 468 3901 ejusmodi
479 3854 587 3890 errorem
599 3840 675 3891 inisse
684 3844 801 3903 quattuor
813 3841 969 3904 scriptorum,
984 3853 1089 3902 quorum
1104 3838 1187 3888 nullus
1203 3839 1235 3888 ab
1253 3839 1330 3889 altero
1343 3836 1441 3902 pendet.
1459 3837 1640 3887 celeberrimus
1650 3842 1734 3889 noster

134 3910 249 3959 lloltlius
264 3909 290 3957 in
314 3909 400 3959 tabula
426 3910 522 3973 egregia
544 3923 599 3972 quae
620 3911 761 3961 inscn'hitur
787 3913 869 3961 Karia
889 3910 934 3961 des
961 3908 1121 3958 noerdlr'chen
1145 3907 1297 3971 desestiptcn
1312 3908 1395 3958 Thetis
1419 3907 1465 3957 des
1481 3910 1614 3971 Bosporus
1632 3909 1732 3971 (Berlin.

136 3983 204 4039 1312)
212 3978 397 4028 delineationem
408 3980 502 4028 castelli
510 3979 591 4041 dedit,
600 3980 624 4028 in
634 3994 683 4042 qua
693 3984 744 4030 tres
755 3980 909 4029 solummodo
920 3984 980 4029 sunt
989 3982 1070 4028 turres
1084 3978 1189 4040 majores
1209 3990 1238 4027 ac
1250 3978 1376 4037 rotunde,
1393 3991 1499 4041 querum
1515 3991 1564 4027 ιιιια
1571 3977 1643 4038 juxta
1652 3992 1731 4041 mare,

134 4049 233 4110 reliquas
252 4048 308 4097 rinae
326 4061 413 4098 versus
432 4050 596 4099 continentem
611 4051 635 4100 in
652 4051 716 4100 clivo
732 4051 818 4114 positae
839 4053 907 4100 sunt.
931 4048 1013 4099 Lineis
1033 4049 1108 4098 rectis
1125 4050 1218 4111 junctae
1238 4047 1536 4110 triangulnmelticerent,
1556 4049 1600 4110 qui
1618 4050 1733 4111 angulum
1802 4067 1804 4070 ·

135 4122 228 4166 rectum
246 4116 354 4167 haberet·
365 4118 396 4167 ad
411 4122 504 4168 turrem
517 4119 672 4169 maritimam.
688 4123 720 4170 itt
734 4134 805 4169 muro
818 4122 886 4169 recto
901 4134 949 4169 non
958 4120 1095 4183 junguntur
1106 4117 1153 4166 nisi
1166 4121 1247 4167 turres
1259 4116 1371 4168 rotundae
1388 4116 1586 4174 mediterraneae,
1597 4117 1661 4167 inter
1671 4130 1735 4179 quas

134 4186 288 4237 intercedunt
310 4186 416 4249 quinque
435 4192 516 4238 turres
534 4190 639 4239 minores
655 4193 681 4240 et
696 4190 836 4252 quadratae,
851 4203 955 4251 quarum
978 4187 1089 4237 historici
1101 4186 1178 4236 nostri
1193 4187 1312 4237 rationem
1329 4201 1377 4237 non
1396 4186 1542 4236 habuerunt.
1554 4190 1641 4236 limus
1657 4186 1728 4237 illes

134 4256 209 4305 borea
223 4270 310 4306 versus
335 4257 461 4307 meridiem
483 4258 631 4310 extenditur.
652 4263 717 4310 lnter
730 4260 782 4321 ejus
792 4263 884 4310 turrem
894 4256 1077 4309 meridionalem
1086 4260 1111 4306 et
1120 4260 1211 4305 turrem
1220 4255 1351 4306 rotundam
1368 4256 1517 4306 maritimam
1529 4258 1646 4306 notantur
1656 4262 1729 4319 qnat-

135 4329 191 4374 tuor
200 4326 283 4374 turres
298 4326 424 4387 quadratae
446 4328 614 4391 minoresque,
637 4342 693 4391 quac
709 4328 797 4379 lineam
814 4328 958 4378 describunt
977 4327 1065 4390 angulo
1088 4328 1157 4375 recto
1172 4326 1283 4374 tractam.
1299 4328 1365 4375 inter
1383 4325 1442 4376 clivi
1458 4327 1554 4375 turrem
1565 4324 1687 4374 borealem
1706 4334 1733 4375 ei

133 4397 226 4443 turrem
242 4394 370 4443 rotundam
389 4408 439 4445 orae
453 4397 582 4447 maritimae
596 4398 690 4447 nonnisi
701 4412 774 4447 unam
787 4401 882 4447 turrem
892 4396 1047 4459 quadratam,
1063 4395 1150 4444 ceteris
1172 4394 1298 4456 quadratis
1316 4395 1449 4457 majorem,
1460 4393 1631 4457 conspicimus.
1643 4396 1733 4455 ltaque

133 4477 189 4525 qnae
202 4464 233 4513 de
248 4463 367 4526 triquetra
386 4466 477 4515 castelli
491 4467 568 4530 ligura
588 4468 726 4529 traduntur,
742 4467 808 4517 haud
825 4466 958 4530 premenda
973 4469 1037 4515 sunt.
1053 4464 1133 4514 blullo
1155 4464 1237 4513 minus
1254 4463 1338 4515 οιιίειιι
1358 4463 1473 4514 audiendi
1494 4463 1583 4513 inerint
1593 4465 1729 4516 Turonium

134 4534 279 4596 scriptores,
290 4534 333 4597 qni
344 4537 472 4586 castellnm
486 4537 564 4601 ligura
576 4552 621 4587 sua
637 4538 713 4588 lineas
727 4538 817 4587 imitari
834 4537 981 4602 perhibent,
1001 4534 1093 4600 quibus
1107 4534 1260 4584 hiuhnmedis
1274 4548 1362 4585 nomen
1378 4534 1472 4584 Arabes
1491 4546 1592 4582 aurare
1611 4532 1726 4582 solerent.

132 4603 189 4653 uid.
207 4606 330 4655 llammer.
349 4605 365 4655 l.
379 4606 395 4655 l.
414 4612 434 4667 1,
449 4621 473 4671 p.
487 4612 541 4657 507.
556 4611 593 4658 De
602 4609 718 4658 hodierna
726 4609 821 4659 castelli
829 4610 923 4659 ratione
930 4607 983 4658 vid.
995 4606 1060 4656 idem
1070 4606 1095 4655 in
1102 4606 1164 4655 libro
1173 4604 1205 4653 de
1214 4608 1332 4669 Bosporo.
1344 4609 1369 4656 et
1377 4606 1504 4656 constant.
1517 4607 1577 4653 tom.
1594 4610 1617 4663 2,
1639 4617 1663 4666 p.
1683 4609 1727 4652 222

131 4688 168 4737 sq.
185 4674 195 4737 tt
208 4702 234 4710 -
248 4676 272 4724 ἑν
282 4682 311 4738 τῇ
324 4676 422 4741 κορυφῇ]
432 4679 567 4728 Dicendum
584 4681 638 4728 erat
649 4682 705 4742 πρὸς
716 4683 757 4739 την
767 4683 883 4745 κορυφὴν,
896 4693 986 4729 versus
1000 4679 1121 4727 verticem
1132 4677 1216 4727 cultis.

162 4746 213 4808 §a
229 4747 375 4809 πετροὸὁλοις
398 4750 523 4813 μηχαναῖς]
538 4749 678 4799 Secundum
695 4754 790 4800 Ducam
804 4766 828 4815 p.
845 4756 898 4809 alo,
920 4750 1116 4800 lhiechemetes
1133 4748 1264 4797 collocarit
1285 4748 1309 4796 ti
1328 4752 1362 4809 τῷ
1385 4747 1467 4809 πύργῳ
1486 4748 1528 4793 τοῦ
1554 4745 1628 4792 liciti.
1651 4744 1728 4792 πασία

132 4818 221 4879 χώνους
237 4821 336 4879 χαλκοῦς
357 4821 498 4876 ἀπολύοντος
516 4824 599 4883 πέτρας
614 4822 671 4883 ὑπὲρ
687 4822 814 4877 ἑξακοσίων
833 4826 916 4886 λιτρῶν
933 4824 960 4870 τὸ
977 4820 1055 4883 βάρος·
1077 4819 1202 4880 El¹¹⁵¹¹¹⁰dl
1217 4816 1302 4882 Sl⁰b⁰⁸
1314 4828 1463 4865 m⁸¹ffl⁰f⁰⁰⁸
1485 4814 1560 4862 ellam
1575 4826 1640 4861 ”⁰¹¹⁰
1653 4827 1728 4876 Pl⁰l³⁰

131 4886 258 4935 castellnm
278 4888 377 4951 reperiri
396 4892 502 4940 testatur
522 4890 706 4939 llordtmannus
720 4892 736 4940 Ι.
754 4891 771 4940 l.
792 4903 815 4954 p.
833 4896 869 4941 13.
889 4893 925 4941 De
945 4887 1087 4939 bombardis
1110 4888 1205 4938 castelli
1226 4886 1278 4937 vid.
1292 4886 1367 4935 etiam
1387 4883 1511 4932 Barbarus
1521 4896 1546 4943 p.
1563 4889 1587 4931 2.
1603 4881 1613 4945 ΙΙ
1629 4910 1657 4917 -
1668 4884 1727 4944 άλλη

130 4957 170 5003 ναὶ
185 4954 253 5019 ἄλλη]
272 4958 312 5005 καὶ
330 4957 388 5019 άλλη
409 4972 443 5009 m.
462 4966 476 5007 2
493 4972 568 5021 συρτει
588 4958 675 5016 lineam
695 4957 809 5018 additur,
823 4958 908 5009 eadem
920 4972 1008 5009 manns
1021 4965 1034 5007 2
1049 4968 1106 5005 mox
1119 4956 1188 5007 addit
1201 4974 1226 5005 τε
1239 4955 1296 5018 post
1308 4966 1394 5002 vocem
1406 4953 1506 5013 ὁρώσας.

161 5023 214 5085 §7.
226 5025 384 5090 διεκπλεύσοι]
401 5028 538 5076 διαπλεῦσαι
548 5042 581 5076 m.
601 5030 621 5085 1,
633 5029 721 5077 διεκπλ,
742 5041 776 5076 ιιι.
796 5034 818 5077 2.
830 5029 930 5086 Quaevis
950 5028 1020 5077 nauis
1041 5028 1177 5087 Bosporum
1190 5024 1311 5075 transiens
1325 5020 1357 5070 ad
1378 5020 1506 5068 castellum
1522 5032 1622 5069 cursum
1639 5020 1726 5071 sistere

129 5094 155 5140 et
166 5092 266 5155 vectigal
279 5094 315 5157 (τὸ
329 5096 478 5157 κομμέριιιου)
492 5096 597 5158 pendere
609 5094 724 5144 debebat.
734 5096 764 5145 'll
775 5095 796 5144 δ’
806 5098 957 5156 ἀπειθήσασα
973 5102 1027 5151 ναῦς
1037 5131 1043 5157 ,
1054 5094 1170 5143 Sullanus
1180 5092 1269 5156 jussit,
1284 5092 1324 5139 καὶ
1340 5088 1373 5150 μὴ
1386 5088 1485 5137 διδοῦσα
1494 5089 1538 5138 σύν
1549 5094 1580 5153 τῇ
1592 5090 1726 5153 πττρούόλῳ

130 5165 348 5221 καταποντιοθήτω.
358 5165 440 5215 Duces
453 5177 477 5228 p.
489 5170 542 5215 216.
555 5166 593 5216 Cf.
605 5164 727 5215 Barbarus
735 5165 753 5215 l.
764 5166 783 5215 l.
1483 5168 1486 5173 ’
