3809 5859
193 350 262 412 xxiv
583 341 588 350 ’
842 346 1141 411 PROLEGOMENA.

192 482 353 561 profectum
365 480 466 558 ibique
478 500 495 539 a
509 479 596 539 Gallo
614 481 747 559 Herippae
767 480 887 539 domino
905 495 987 541 sueta
1004 481 1199 560 hospitalitate
1217 493 1370 559 exceptum
1393 498 1472 553 εσσε,
1495 498 1619 539 uxorem
1636 497 1707 537 vero
1722 478 1791 555 per·

193 578 250 637 lida
264 578 409 637 delatione
427 576 577 635 dominum
597 576 739 637 adducere
752 578 897 637 studuisse
912 591 944 637 ut
959 578 1094 636 maritum
1108 576 1253 635 occideret
1264 594 1319 635 nec
1332 566 1425 654 ipsam
1440 577 1615 649 dimitteret5
1629 590 1658 635 at
1677 592 1791 646 tantum

194 678 321 739 abfuisse
332 690 365 735 ut
380 676 430 735 ille
443 676 614 735 facinorosae
628 677 745 735 mulieri
760 679 989 755 obtemperaret,
1001 690 1033 733 ut
1044 674 1190 753 supplicio
1202 674 1310 751 justam
1324 676 1351 732 ei
1368 675 1487 733 sceleris
1503 694 1619 753 poenam
1630 674 1790 751 infligeret.

191 774 349 851 Cujusnam
365 774 479 851 generis
495 773 583 831 fucrit
598 793 672 852 opus
685 773 873 832 historiarum
893 774 924 831 in
938 794 997 851 quo
1016 773 1068 831 illa
1085 770 1264 845 legebantur,
1277 790 1315 828 ex
1331 772 1418 828 unico
1437 770 1493 828 hoc
1511 771 1672 850 specimine
1688 772 1791 849 colligi

190 870 301 947 nequit.
314 869 425 939 Quodsi
437 888 585 929 sumamus
606 870 670 928 haec
682 872 770 949 petita
781 889 842 929 esse
861 889 877 928 e
892 868 972 927 libro
986 870 1082 947 primo
1093 866 1191 945 operis
1212 866 1346 925 historici
1358 910 1366 942 ,
1377 866 1462 943 quale
1480 868 1679 926 Aristodemus
1689 882 1790 927 noster

191 967 345 1044 scripsisse
358 966 485 1039 videtur,
504 967 619 1043 opinari
634 985 701 1025 sane
714 969 811 1043 possis
825 978 970 1025 auctorem
985 965 1080 1044 (sicuti
1096 964 1257 1023 Diodorum
1278 964 1356 1021 libro
1372 962 1484 1041 quinto)
1500 965 1610 1043 Ephori
1621 967 1788 1045 exemplum

190 1074 336 1138 secutum,
351 1059 437 1119 libris
451 1060 600 1121 historicis
620 1064 791 1139 praemisisse
807 1062 999 1142 geographica
1019 1076 1048 1120 et
1063 1060 1287 1139 ethnographica
1305 1060 1451 1137 quaedam,
1469 1060 1500 1117 in
1524 1062 1619 1138 iisque
1639 1082 1729 1141 quum
1752 1066 1790 1123 de

190 1159 368 1238 populorum
384 1158 516 1218 moribus
535 1174 563 1218 et
577 1160 716 1219 institutis
737 1176 832 1218 sermo
847 1161 943 1236 fueret,
956 1160 1043 1217 etiam
1058 1157 1131 1216 illud
1148 1157 1183 1216 de
1195 1156 1309 1215 Cauara
1327 1154 1411 1213 Gallo
1425 1169 1572 1215 narratum
1583 1178 1664 1230 esse,
1677 1164 1790 1238 quippe

191 1276 250 1334 quo
266 1254 440 1334 probaretur
453 1254 556 1315 Gallos
576 1263 629 1322 τοῖς
646 1255 720 1326 ἤθεσι
733 1254 830 1322 ἁπλοῦς
845 1248 910 1315 εἶναι
924 1255 971 1315 καὶ
987 1253 1054 1314 πολὺ
1074 1251 1285 1334 κεχωρισμένους
1298 1255 1345 1323 τῆς
1357 1255 1409 1310 τῶν
1421 1256 1466 1310 νῦν
1482 1253 1625 1331 ἀνθρώπων
1641 1255 1781 1335 πονηρίας,

188 1366 220 1412 ut
233 1353 382 1412 inter'alia
396 1352 432 1411 de
446 1352 540 1412 Gallis
555 1352 645 1410 verba
660 1352 767 1410 faciens
782 1350 929 1411 Diodorus
950 1352 991 1428 (5,
1006 1372 1056 1423 aa,
1070 1349 1098 1429 5)
1111 1351 1208 1410 tradit.
1224 1350 1295 1410 Etsi
1310 1351 1376 1430 quis
1390 1349 1510 1429 objiciat
1523 1364 1630 1411 tantam
1645 1355 1790 1412 narratio·

189 1454 236 1509 nis
251 1449 447 1530 prolixitatem
469 1450 545 1509 houd
561 1452 663 1508 cadere
679 1450 708 1508 in
724 1449 874 1508 historiam
890 1448 1153 1527 compendiariam,
1167 1448 1344 1527 respondere
1361 1448 1430 1507 lieet
1451 1468 1514 1506 eam
1535 1448 1667 1508 obtinere
1685 1451 1717 1509 in
1733 1471 1787 1510 so·

188 1549 308 1628 perstite
336 1548 498 1623 fragmento
521 1544 775 1624 inaequabilitatem
797 1558 896 1605 utres
917 1546 1096 1622 gravissima
1118 1558 1169 1605 aut
1195 1545 1254 1605 levi
1275 1544 1414 1604 bracchio
1433 1559 1587 1621 tangantur
1599 1560 1651 1606 aut
1668 1549 1790 1609 silentio

187 1656 369 1723 premantur,
388 1644 486 1702 multis
499 1656 592 1701 autem
607 1642 707 1700 verbis
720 1653 883 1719 exponatur
901 1642 1119 1700 narratiuncula
1136 1640 1173 1700 de
1186 1642 1323 1700 (ileonice
1340 1642 1453 1720 puella,
1466 1663 1552 1720 quam
1579 1642 1737 1704 Pausanias
1755 1648 1789 1706 in

188 1740 325 1803 cubiculo
340 1738 525 1799 interfecerit.
537 1740 737 1797 Verumtamen
746 1736 910 1815 ‚quominus
928 1736 1074 1815 ejusmodi
1086 1738 1305 1817 suspicionibus
1317 1739 1412 1798 locum
1428 1738 1543 1812 demus,
1553 1760 1589 1798 eo
1605 1740 1789 1819 impedimur

188 1837 266 1915 quod
281 1839 472 1914 fragmentum
485 1836 678 1911 Aristodemi,
696 1835 776 1895 nulla
792 1834 899 1893 uirtute
915 1835 966 1893 sed
985 1835 1066 1893 vitiis
1080 1834 1218 1914 plurimis
1238 1838 1448 1914 conspicuum,
1462 1836 1561 1895 indole
1573 1858 1625 1895 sua
1639 1852 1668 1896 et
1685 1841 1789 1900 colore

188 1947 335 1992 auctorem
352 1934 451 2011 prodit
467 1952 564 1992 rerum
583 1932 789 1993 historicarum
807 1932 879 1989 adeo
894 1930 1014 2005 rudem,
1027 1945 1059 1990 ut
1074 1934 1104 1992 in
1120 1952 1156 1991 eo
1175 1931 1308 2010 Potnpeji
1324 1932 1463 2011 aequalem
1486 1945 1515 1991 et
1538 1932 1631 2011 ipsius
1652 1938 1788 2015 Ponrpeji

189 2031 235 2089 vel
250 2026 409 2090 liberorum
422 2032 487 2107 ejus
498 2032 664 2107 magistrum
678 2048 762 2100 nemo
779 2027 928 2108 agnoverit
939 2026 996 2086 nisi
1011 2029 1179 2087 certissimis
1193 2042 1309 2089 coactus
1326 2030 1517 2105 argumentis.
1528 2030 1675 2100 Quatenus
1695 2034 1790 2108 igitur·

184 2128 337 2205 irequioris
350 2126 405 2183 aevi
423 2124 570 2183 hominem
583 2140 611 2184 et
625 2126 661 2184 ad
675 2126 846 2185 scribendas
862 2124 999 2183 historias
1011 2144 1069 2181 non
1082 2125 1152 2183 satis
1164 2126 1336 2185 instructum
1350 2146 1397 2185 res
1412 2127 1476 2206 ipsa
1494 2128 1642 2204 postulare
1654 2124 1786 2205 uidetur,

187 2220 373 2305 probabilius
388 2221 495 2298 aliquis
509 2220 668 2298 conjecerit
681 2233 829 2281 auctorem
848 2223 1015 2297 fragmenti,
1036 2223 1087 2300 qui
1100 2226 1130 2283 in
1143 2225 1243 2284 codiee
1260 2226 1395 2285 Parisino
1408 2247 1473 2286 cum
1490 2224 1590 2285 Flavio
1607 2226 1787 2288 Philostrato

185 2319 383 2400 componitur,
400 2316 530 2377 fortassis
545 2337 609 2376 esse
627 2317 844 2377 Aristodemum
857 2317 989 2395 ejusdem
1005 2317 1172 2380 Philostrati
1187 2322 1377 2391 familiarem,
1399 2325 1450 2401 qui
1472 2324 1508 2382 de
1526 2324 1689 2403 pictoribus
1707 2328 1787 2385 scri-

185 2418 278 2495 psisse
292 2414 427 2488 traditur,
441 2412 570 2473 scribere
584 2433 654 2471 vero
670 2414 756 2473 etiam
767 2414 897 2473 historiae
909 2414 1111 2492 compendium
1131 2419 1273 2496 potuerit,
1284 2419 1526 2497 quemadmodum
1537 2421 1639 2479 Derim
1652 2420 1785 2481 Samium

184 2527 214 2571 et
225 2512 331 2573 iubam
356 2531 453 2588 regem
476 2522 535 2573 tum
567 2510 626 2589 περὶ
647 2510 791 2592 ζωγράφων
811 2510 902 2569 libros
924 2513 1121 2589 composuisse
1141 2526 1201 2573 tum
1225 2516 1362 2577 historias
1380 2516 1549 2578 condidisse
1571 2532 1693 2596 constat.
1722 2518 1786 2595 Fgo

184 2630 256 2668 uero
271 2609 306 2667 ad
324 2608 378 2667 hoc
391 2608 489 2685 potius
503 2605 612 2665 attendi
628 2606 717 2663 velim
732 2606 812 2683 quod
823 2606 928 2665 Suidas
938 2650 946 2678 ‚
958 2610 1093 2685 quamvis
1109 2630 1175 2668 eum
1193 2613 1368 2672 Aristodemi
1389 2616 1517 2692 epitome
1536 2615 1676 2674 historica
1696 2634 1784 2675 usum

184 2725 248 2765 esse
259 2725 275 2764 e
286 2702 489 2783 compluribus
501 2703 574 2762 locis
589 2702 725 2780 colligas,
738 2701 846 2761 nullam
863 2717 958 2763 tamen
970 2723 995 2765 s.
1010 2726 1042 2764 ν.
1054 2704 1237 2784 Ἀριστόδημος
1254 2708 1318 2786 ejus
1332 2710 1467 2769 historici
1487 2711 1618 2769 notitiam
1635 2711 1782 2774 exhibuit.

184 2806 218 2864 ld
234 2824 322 2883 quum
340 2804 409 2881 jure
423 2803 557 2872 mireris,
569 2802 710 2878 quaeritur
721 2820 758 2861 au
778 2801 904 2879 epitome
917 2800 984 2873 illa,
1002 2821 1088 2878 quam
1107 2801 1266 2862 Suidianus
1281 2804 1483 2864 Aristodemus
1496 2807 1649 2885 scripsisse
1662 2808 1784 2881 dicitur,

184 2922 242 2961 non
258 2901 345 2959 fuerit
358 2902 405 2970 τῆς
423 2896 535 2961 καθόλου
552 2896 730 2975 Ἡρωδιανοῦ,
747 2895 797 2957 sed
817 2900 864 2969 τῆς
879 2896 990 2956 καθόλου
1003 2896 1126 2975 ἱστορίας.
1142 2898 1185 2957 De
1200 2900 1378 2958 Aristodemi
1390 2900 1524 2980 Epitome
1544 2906 1590 2971 τῆς
1605 2903 1717 2962 καθσλου
1730 2924 1785 2963 seu

182 2999 322 3069 καθολικῆς
335 2996 485 3079 προσῳδίας
497 2996 660 3075 Ἧρωδιανσῦ
674 2998 792 3057 aliunde
806 3019 864 3056 non
877 3009 999 3056 constat.
1010 2995 1082 3065 Quae
1090 3008 1183 3054 exstat
1195 2994 1259 3072 ejus
1269 2996 1366 3075 operis
1375 2998 1503 3074 epitome
1515 2996 1570 3073 (ed.
1582 3000 1622 3057 hi.
1639 2998 1783 3059 Schmidt

183 3098 264 3156 lena
282 3100 379 3175 1860),
398 3098 430 3155 in
450 3098 561 3176 optimo
583 3097 683 3156 codice
696 3096 867 3156 Theodosio
882 3094 1087 3172 grammatico,
1100 3094 1190 3169 uulgo
1211 3105 1306 3151 autem
1325 3092 1453 3153 Arcadio
1466 3094 1646 3156 attribuitur.
1668 3096 1784 3165 Quodsi

182 3194 344 3271 Ἠρωδιανοῦ
354 3212 478 3267 nomen,
492 3214 551 3274 quo
561 3194 746 3255 notissimum
758 3193 938 3269 grammatici
952 3212 1027 3270 opus
1038 3190 1246 3265 introducitur,
1258 3210 1316 3248 non
1331 3190 1448 3249 aSuida
1461 3191 1539 3250 seda
1552 3193 1644 3251 sciolo
1655 3194 1784 3271 quodam

182 3292 342 3368 profectum
358 3310 421 3352 esse
436 3294 632 3363 concesseris,
649 3289 825 3349 Aristodemi
842 3289 969 3368 epitome
981 3293 1028 3359 τῆς
1042 3284 1151 3347 καθσλαυ
1166 3287 1230 3346 sivc
1240 3290 1287 3358 τῆς
1298 3288 1438 3357 καθολικῆς
1450 3286 1565 3366 ἱστορίας
1578 3286 1678 3346 eoderh
1694 3290 1784 3348 modo

181 3389 289 3447 dieitur
302 3408 361 3466 quo
374 3388 485 3447 Nicolai
504 3386 674 3445 Damasceni
688 3399 717 3445 et
733 3386 853 3445 iliodori
868 3385 959 3444 Siculi
972 3406 1061 3465 opera
1075 3398 1210 3464 tanquam
1228 3383 1342 3468 ἱστορίαι
1353 3383 1491 3443 assortiat
1504 3400 1782 3447 commemorantur.

180 3484 231 3543 Sin
256 3482 379 3544 ulterius
406 3484 544 3563 progredi
563 3482 754 3560 conjectando
776 3483 869 3556 velis,
892 3484 1017 3559 glossam
1038 3483 1137 3541 Snidae
1161 3483 1282 3541 fortasse
1307 3482 1460 3543 notissimo
1480 3481 1647 3541 lacunarum
1674 3502 1784 3559 genere

181 3582 311 3640 mutilam
333 3601 396 3640 esse
417 3594 446 3639 et
459 3580 538 3645 hunc
550 3580 581 3637 in
597 3579 716 3640 modurn
728 3578 924 3655 refingendam
943 3579 1053 3638 dixeris
1068 3599 1076 3640 t
1091 3578 1275 3659 Ἀριστόδημος
1290 3581 1417 3659 ἐπιτομὴν
1439 3584 1486 3652 τῆς
1506 3578 1617 3639 καθόλου
1635 3578 1780 3658 limpha,

181 3676 327 3756 ἀρξόμενος
346 3676 399 3736 dub
420 3680 468 3747 τῆς
487 3674 608 3753 καθόδου]
623 3673 819 3756 Ἡρακλειδῶν,
832 3674 929 3757 ἔγραψε
946 3675 1012 3755 πρὸς
1023 3672 1145 3748 Δαναόν,
1162 3676 1197 3733 ad
1212 3677 1376 3753 exemplum
1397 3676 1508 3736 scilicet
1530 3676 1656 3755 Ephori,
1677 3676 1752 3754 qui,
1768 3680 1783 3735 ό

180 3777 280 3853 πρῶτος
290 3772 496 3850 ἐτιόεθλημόνος
505 3770 537 3830 alr
552 3773 663 3832 καθόλου
673 3774 781 3853 γράφειν
793 3772 908 3854 [Polyb.
920 3774 949 3845 6,
966 3774 996 3845 5,
1012 3774 1071 3851 33),
1084 3793 1101 3831 a
1113 3773 1208 3831 reditu
1219 3772 1435 3832 lleraclidarum
1446 3773 1577 3831 historiae
1587 3794 1646 3832 suae
1655 3775 1785 3852 sumpsit

180 3870 298 3929 initium
312 3871 410 3946 (Diod.
429 3874 474 3945 ιδ,
492 3873 540 3947 76.
558 3880 587 3941 4,
606 3870 643 3949 r).

221 3966 324 4043 igitur,
338 3979 370 4025 ut
383 3968 485 4045 paucis
498 3986 558 4026 rem
573 3967 834 4045 comprehendam,
846 3966 875 4023 in
890 3964 944 4023 hac
957 3966 994 4023 de
1008 3984 1132 4044 persona
1145 3980 1175 4023 et
1185 3977 1266 4024 aetate
1281 3964 1454 4024 Aristodemi
1466 3964 1672 4042 disquisitione
1686 3986 1780 4043 quum

179 4062 353 4122 disertorum
370 4064 602 4131 testimoniorum
618 4064 756 4141 praesidio
767 4062 959 4122 destituamur
973 4075 1003 4121 et
1017 4063 1048 4121 in
1064 4062 1299 4140 conjecturarum
1317 4061 1525 4141 probabilitate
1537 4062 1637 4121 omnia
1650 4065 1782 4141 reposita

181 4159 254 4230 sint,
274 4160 407 4218 tenuiora
422 4160 554 4237 quaedam
569 4159 680 4219 indicia
696 4162 806 4220 rimans
826 4160 857 4217 in
878 4178 939 4217 eam
961 4160 1132 4217 sententiam
1148 4158 1252 4217 adduci
1267 4160 1383 4237 possis,
1398 4172 1432 4219 ut
1445 4159 1659 4219 Aristodemum
1675 4163 1782 4239 suspi-

179 4256 253 4313 ceris
271 4254 387 4314 Libanii
402 4269 577 4315 coaetaneum
594 4257 692 4316 medio
707 4257 804 4316 seculo
821 4269 927 4334 quarto
944 4256 1107 4314 Antiochiae
1126 4256 1239 4313 scholas
1252 4254 1390 4315 habuisse
1411 4256 1512 4334 ibique
1528 4257 1559 4315 in
1572 4271 1658 4315 usum
1681 4258 1780 4317 ‹lisci-

178 4352 313 4427 pulorum
331 4352 462 4411 historiae
476 4352 680 4431 compendium
697 4354 796 4414 Danao
811 4354 967 4413 Palaestino
985 4352 1150 4412 dedicatum
1166 4351 1347 4430 elaborasse,
1363 4354 1606 4430 quemadmodum
1627 4354 1659 4413 in
1675 4356 1778 4415 eadem

120 4528 122 4533 .
180 4448 269 4524 Syria
285 4448 403 4507 ineunte
419 4450 516 4507 seculo
541 4462 623 4507 sexto
646 4449 773 4524 ἐπιτομὴν
787 4448 921 4527 ἱστορικὴν
935 4462 985 4506 aut
1007 4468 1110 4507 nouem
1133 4462 1183 4507 out
1197 4450 1305 4526 viginti
1322 4450 1408 4509 libris
1422 4452 1599 4530 conscripsit
1611 4450 1780 4512 Eustathius

179 4614 254 4665 tradit
265 4615 358 4665 Liuius.
371 4618 478 4679 Tempus
492 4614 625 4665 invasionis
638 4616 779 4666 accuratius
791 4618 907 4667 constitui
920 4618 1016 4680 nequit.
1025 4616 1082 4666 vid.
1097 4618 1216 4679 Droyscn.
1230 4618 1381 4667 Hellcnlsm.
1393 4620 1453 4667 tout.
1465 4625 1488 4679 2,
1498 4634 1524 4683 p.
1541 4624 1595 4670 277.
1609 4622 1673 4669 Cum
1687 4634 1778 4669 narra·

177 4687 243 4737 tione
253 4685 285 4737 de
299 4686 411 4750 flenppte
423 4687 514 4735 scelere
527 4688 695 4750 componenda
706 4692 744 4737 est
753 4687 856 4739 historia
867 4688 898 4739 de
910 4688 992 4738 tribus
1004 4689 1043 4738 rel
1055 4692 1151 4753 septem
1164 4686 1298 4749 virginibus
1311 4686 1427 4746 Milesiis,
1438 4700 1494 4749 qum
1505 4689 1531 4738 in
1544 4690 1647 4747 adem.
1662 4694 1692 4740 ut
1708 4690 1777 4740 ride·

178 4759 226 4815 tur,
243 4756 367 4806 Gallomm
380 4755 507 4807 invasione
518 4756 611 4805 virtute
625 4770 670 4805 sua
686 4757 867 4819 inclaruerunt,
880 4772 1035 4823 quarumque
1046 4758 1133 4809 laudes
1145 4757 1234 4807 reduit
1250 4761 1329 4821 Anyto
1337 4756 1477 4819 mytilenae
1491 4760 1517 4808 ih
1534 4760 1632 4810 anthol.
1646 4762 1702 4821 vn.
1718 4764 1776 4819 isa.

177 4825 351 4890 epimsnmate
361 4828 393 4883 εἰς
403 4829 444 4883 τὰς
454 4832 513 4890 τρεῖς
522 4828 647 4891 παρθένους
658 4829 699 4885 τὰς
714 4827 828 4884 Μιλησίας
838 4830 884 4879 brai
892 4836 940 4878 τῶν
952 4831 1063 4879 Γαλατῶν
1076 4828 1220 4892 βιασθείσας.
1233 4829 1269 4879 Cf.
1283 4826 1446 4889 hieronymus
1457 4828 1520 4878 Adv.
1530 4829 1627 4879 sorim.
1640 4836 1660 4887 l,
1671 4844 1697 4895 p.
1713 4834 1757 4879 186
1768 4850 1775 4880 :

182 4900 243 4955 Quis
262 4898 351 4948 voleat
367 4896 472 4947 silentio
489 4898 629 4962 praeterire
658 4902 757 4962 septem
777 4899 893 4949 Milesios
912 4902 1025 4963 otrqtacs
1038 4913 1096 4964 qua
1121 4900 1259 4950 Gallorum
1278 4901 1377 4964 impetu
1395 4901 1485 4950 umato
1506 4900 1642 4963 vastante,
1661 4914 1694 4950 ae
1712 4900 1778 4964 quid

179 4964 298 5016 indecens
312 4965 346 5015 od
360 4964 477 5017 hostibus
495 4969 671 5029 arasttnereut,
687 4966 884 5030 turpitudtnem
905 4973 992 5019 morte
1006 4968 1144 5034 fugeruut.
1166 4973 1277 5034 Utraque
1295 4972 1404 5021 namatio
1422 4968 1528 5033 junctim
1549 4970 1642 5019 nentri
1658 4970 1741 5033 potunt
1753 4971 1780 5019 in

178 5036 297 5097 exemplis
310 5036 400 5099 quibos
411 5037 595 5087 illustrarenlur
607 5036 698 5101 scrpta
710 5038 762 5101 περὶ
779 5042 859 5087 κακῶν
869 5040 909 5087 καὶ
921 5042 968 5087 τῶν
979 5039 1145 5102 ἀντικειμένων
1159 5040 1255 5105 ἀρετῶν,
1267 5039 1298 5090 de
1311 5040 1402 5103 quibus
1411 5054 1436 5090 r.
1446 5050 1469 5089 c.
1482 5038 1641 5089 Philodemus
1648 5040 1779 5091 Ciceronis

180 5107 282 5169 equalis
293 5106 406 5171 medam
421 5108 568 5171 composuit.
