3809 5859
782 305 1028 369 FRAGMENTA.
1652 316 1691 377 33

238 451 243 476 ‘
323 440 408 507 ἄξων
424 440 462 516 τῷ
482 440 632 517 Βιταλιανῷ
655 436 731 504 αθτδς
752 438 864 501 tremo·

186 546 192 561 ·
215 544 221 556 ·
339 529 399 590 τοῖς
415 527 597 606 στρατηγικοῖς
617 525 696 593 οἴκοις
716 528 811 605 διαφθα
815 527 865 606 ρι3ς

7 588 70 659 3ss
100 576 192 655 mis
219 580 283 648 pun
310 612 453 694 βασιλευς
468 613 582 682 άκουσας
603 613 637 673 τά
657 612 794 690 συμδάντα
819 612 862 673 δό-

23 687 141 750 smmi}
128 678 238 749 393033
239 669 408 773 033,λήτου
428 705 580 780 βουλῆς
547 727 594 774 της
614 702 768 807 ‘Po33333'i3t3‘33
787 707 903 791 πολι-

2 764 159 847 [Qquid
180 774 215 837 33
316 790 375 847 τδι
389 791 545 849 Βιταλιανδν
558 790 640 869 ψηφίξ
640 814 712 867 εται,
723 814 767 848 και
784 814 848 871 στρο

5 916 47 971 3)
294 876 439 961 λγείρας’
424 900 492 955 αμφι
483 876 590 943 τὰς’
561 900 582 935 π
602 836 767 955 χιλιάδάς’
738 878 863 955 αυτοκρά·

293 946 394 1042 ιλέμου
411 962 546 1030 ἀποδείξας
560 962 725 1022 Ὑπάτιον
702 986 744 1021 τον
758 964 861 1039 stenp-

8 1082 74 1261 Γ
124 1076 233 1203 se
242 1045 332 1249 '3
329 1142 382 1196 τῶν
396 1141 510 1220 Θρτρκῶν
524 1139 687 1220 προσηγορίᾳ
708 1138 816 1199 έπεσθαί
837 1144 859 1199 οί

294 1074 332 1125 υ,
344 1049 482 1129 Ἀλαθδιρδ
442 1050 595 1129 ρ3,γίνος
617 1052 688 1109 Σκυθ
675 1049 753 1121 θικδν,
766 1050 860 1109 ἔπ3”
827 1076 860 1131 τῃ

286 1226 381 1284 39333
382 1248 447 1302 ωρον
456 1225 500 1284 τὸν
509 1228 560 1282 τῶν
571 1226 712 1303 βασιλικῶν
724 1230 844 1305 θησαυρ
825 1253 860 1287 ων

919 438 1002 521 φυγήν
1023 442 1155 499 ἐποιοῦντο
1173 440 1277 517 τόποις,
1297 443 1323 507 ἐς
1342 441 1474 523 κρημνοθς
1488 443 1534 503 καί
1552 446 1688 524 φάραγγας

918 524 1687 613 καταφερόμενοιδιεφθείροντο.(ο)Ἀπύιλοντομίνοθντῶδε
1745 544 1750 551 “

918 618 956 673 τῶ
942 616 1056 725 τρόπῳ
1067 619 1158 674 πλεῖον
1169 614 1186 687 ῆ
1200 614 1221 685 ξ’
1231 617 1357 696 χιλιάδες,
1367 618 1481 701 καὶτοῖς
1491 622 1645 699 ἀκρωρείαις
1656 622 1687 682 τδ

918 709 964 775 τῆς
975 703 1104 812 φάραγγος
1117 704 1266 783 προσισῶθη
1279 707 1356 785 βάθος
1368 708 1419 765 3333
1438 713 1484 765 τοῦ
1504 709 1616 779 πλήθους
1632 713 1685 769 τῶν

850 791 1083 870 -ἐμπεσόντων
1099 794 1197 871 ἀνδρῶν
1211 817 1240 851 τε
1252 817 1297 851 και
1288 794 1380 862 ζώων
1390 795 1503 875 ἀλόγων.
1516 795 1645 857 Ἥλωσαν
1658 799 1685 857 δέ

917 880 963 939 καί
981 883 1056 939 σθ’
1022 904 1073 939 των
1087 882 1209 959 λοχαγῶν
1223 879 1271 952 τήν
1285 882 1356 949 τάξιν
1372 885 1543 1027 τιδληροῶγτες·
1562 886 1636 951 αύτδς
1657 887 1684 945 δὲ

916 966 1042 1033 Ὑπάτιος
1056 969 1082 1033 ἐς
1101 968 1148 1037 τὴν
1163 968 1296 1027 θάλατταν
1314 969 1428 1035 καταδὺς
1443 993 1489 1029 και
1478 961 1542 1028 οἷα
1553 970 1586 1030 τά
1599 973 1685 1031 πολλδι

916 1058 968 1113 τῶν
979 1059 1048 1115 ἐν
1015 1079 1048 1134 τῃ
1063 1054 1107 1113 ἁλί
1120 1054 1283 1134 τρεφομένων
1298 1056 1392 1135 ὀρνέων
1405 1060 1435 1117 333
1449 1058 1530 1139 μόνης
1542 1060 1685 1138 ἀνεχούσης

915 1148 963 1211 τῆς
980 1144 1096 1222 κεφαλῆς
1109 1141 1276 1217 ἀναγνωσθεὶς
1288 1144 1447 1223 συνελήφθη.
1464 1133 1512 1223 (333)
1528 1148 1643 1225 Πληρῶν
1657 1145 1684 1204 δὲ

916 1228 1071 1296 Βιταλιανδς
1094 1237 1147 1295 τοῖς
1169 1228 1276 1296 Ούννοις
1296 1229 1324 1287 ὃν
1338 1231 1474 1342 ὑπέσχετο
1488 1234 1616 1314 πορισμὸν
1631 1236 1683 1292 τῶν

0 1744 28 1797 ¹3
68 1731 168 1780 ‘nnn

252 1313 510 1419 οσυμμίξαντες
480 1316 553 1393 αυτῷ
578 1312 623 1372 κα3
649 1314 779 1396 διαφόροις
800 1318 860 1375 έλα-

279 1422 302 1465 ις
316 1398 361 1458 καί
376 1423 440 1459 ποτε
462 1398 552 1458 33333'
527 1424 601 1510 νικηγ
625 1402 732 1480 ἄραντες
753 1402 859 1481 μετρίαν

0 1384 116 1557 fl
163 1366 315 1565 ’3333
317 1484 508 1560 333333'30333,‘'
490 1510 558 1545 ωστε
571 1490 648 1545 αυτον
667 1510 712 1545 και
703 1488 847 1566 προελ
823 1514 860 1547 ειν

261 1575 373 1643 ςτόποις
387 1576 432 1633 καὶ
453 1574 512 1640 θέας
529 1576 588 1633 ίπιτ
575 1572 709 1633 -δελέσαι
695 1576 857 1651 δημοτελεῖς.

250 1659 304 1741 ,ρδιν
323 1664 350 1721 δὲ
373 1662 498 1729 Υπάτιος
512 1660 593 1721 πάλιν
614 1660 695 1720 3333
671 1685 716 1719 τον
734 1662 858 1769 τύραννον

85 1780 156 1833 ,ηρμ
139 1774 208 1825 ησας
237 1749 376 1809 Ἰουλιανόν
403 1749 521 1809 ἀπέδαλε
548 1749 729 1830 ζωγρηθέντα,
755 1751 799 1810 τδν
829 1754 858 1811 ἐκ

83 1864 133 1901 του
117 1840 277 1916 tipo*
243 1862 294 1895 των
306 1836 452 1915 λεγομένων
471 1839 669 1915 μεμοριολίων,
684 1837 855 1913 τολμήσαντα

82 1928 155 1993 ὅλως
174 1926 221 1987 καί
244 1925 388 1985 θεάσασθαι
404 1925 530 2000 πόλεμον.
549 1925 632 1985 itali
656 1924 702 2001 μέν
718 1927 743 1983 ἐν
760 1926 857 2005 κλυιδῷ

88 2013 195 2093 βληθείς
210 2014 254 2071 καί
275 2012 423 2093 περιαχθεὶς
452 2010 515 2093 ἀφέθ
516 2037 533 2084 η
551 2014 662 2093 χρυσίῳ.
692 2011 858 2085 Ἀναατήσας

86 2100 176 2159 τοίνυν
198 2104 213 2159 3
231 2098 355 2166 ’Υπάτιος
375 2101 405 2157 ἐκ
427 2102 506 2157 τῶνδε
526 2099 570 2158 τὸν
591 2099 717 2180 στρατὸν,
742 2098 800 2177 άρτι
828 2124 856 2159 τε

87 2189 136 2247 καί
149 2186 296 2266 Τιμοθέου,
311 2210 379 2254 τινος
400 2192 451 2247 τῶν
476 2190 502 2247 ἐν
527 2196 579 2255 τοῖς
594 2187 797 2268 σωματοφύλαξι
815 2210 856 2246 τε·

86 2273 226 2351 ταγμένων
240 2280 285 2333 τοῦ
301 2274 446 2354 βασιλέως,
461 2273 511 2333 θπδ
525 2279 576 2333 τῶν
594 2274 735 2353 βαρύάρων
751 2276 856 2353 ἀναιρε-

86 2364 176 2429 θέντος
188 2408 198 2440 ,
211 2362 254 2421 ἐπί
269 2366 316 2434 τῆς
328 2362 441 2442 Ἄκρίδυς
456 2362 703 2441 στρατοπεδεύεται,
718 2361 746 2421 τὸ
762 2364 855 2421 ἐκτῶν

85 2451 195 2527 άμαξῶν
218 2451 369 2531 χαράκωμα
392 2452 595 2531 πρυόαλόμενος.
612 2450 646 2530 (s)
670 2453 739 2511 Τότε
759 2451 786 2510 33
805 2454 855 2510 τῶν

85 2537 197 2599 Ούννων
208 2540 331 2599 ἁπάντων
346 2539 579 2619 συναθροισθέντων
595 2538 639 2597 καὶ
653 2540 689 2606 είς
710 2538 765 2615 ἀμα
779 2540 855 2619 ἐφορ-

87 2624 239 2699 μησάντων,
246 2624 343 2705 έπέοχε
355 2625 402 2703 μέν
412 2650 451 2693 τις
460 2628 496 2693 335
506 2625 606 2706 βραχὺν
614 2626 707 2705 χρόνον
717 2624 857 2691 ἀντίπαλος

84 2711 188 2785 τοξείας,
203 2717 238 2781 ὡς
252 2713 279 2771 33
294 2717 317 2772 οἱ
333 2714 460 2793 βάρύαροι
484 2714 563 2793 [τοὺς]
586 2717 636 2798 τῶν
662 2714 779 2791 ἁμαξῶν,
786 2714 855 2790 βόας

86 2800 218 2878 ἔδαλλον,
232 2802 456 2868 συσκευασθέντας
467 2804 518 2875 ήδη
534 2801 596 2883 πρὸς
610 2802 787 2879 μετάστασιν,
800 2802 857 2857 δια-

87 2887 180 2943 λύεται
196 2889 243 2963 μὲν
257 2893 274 2957 ή
293 2895 337 2947 τοῦ
355 2889 546 2970 χαρακώματος
562 2888 693 2961 σύνταξις,
711 2888 752 2948 ἐπ’
763 2887 854 2954 αὐτοὺς

86 2976 118 3034 δὲ
134 2973 205 3035 ἴασιν
224 2978 247 3034 oi
268 2975 396 3058 βάρδαροι
414 2976 471 3044 τοίις
484 2976 644 3052 Ῥωμαίους,
665 2978 722 3036 οὐδὲ
744 2979 855 3055 ἀντᾶραι

913 1318 1075 1397 χρημάτων,
1092 1316 1260 1376 ἀποδίδοσθαι
1276 1320 1362 1383 αύτοῖς
1375 1319 1435 1387 τοθς
1450 1319 1562 1385 ἇλόντας
1574 1322 1682 1399 ἐφῆκεν,

914 1405 960 1463 καί
971 1405 1015 1463 τόν
1027 1428 1057 1463 τ.
1068 1403 1180 1510 Ἀλαθδιρ
1195 1405 1323 1463 ἀπιλιτ’
1275 1429 1411 1484 τ,ρωσατο
1425 1430 1469 1465 και
1459 1406 1620 1485 Εύσίγνιον
1633 1410 1682 1468 ἀλ-

915 1494 974 1556 λους
984 1514 1014 1550 τε
1024 1514 1140 1571 συχνους
1149 1492 1228 1551 ’ίδνδ
1214 1490 1257 1550 33
1258 1492 1399 1553 Υπάτιονδ
1411 1497 1459 1554 Βιτ
1461 1495 1682 1641 αλιανδςκομιδγῆς

913 1577 984 1649 ἠξίου
998 1582 1045 1650 τῆς
1064 1576 1186 1651 δεούσης,
1201 1582 1236 1645 ὡς
1259 1580 1341 1637 3333'
1327 1580 1396 1638 ωνίω
1418 1582 1573 1663 μεγάλῳ
1549 1606 1593 1639 τον
1616 1583 1681 1662 ὑπὲρ

914 1666 993 1773 33303
1016 1664 1173 1741 τιθέμενος“
1166 1665 1256 1741 Λόγον·
1268 1665 1313 1725 καί
1331 1668 1361 1726 τδ
1381 1639 1473 1727 λοιπὸν
1492 1666 1681 1728 συνεσκεύαστο

914 1774 963 1828 μυ
980 1752 1084 1811 ἅπαντα
1098 1753 1132 1811 τδι
1146 1756 1172 1811 ἐν
1188 1752 1300 1820 Σκύθαις
1320 1753 1365 1812 καί
1385 1758 1502 1826 Μυσοῖς,
1523 1753 1632 1835 φρούριά
1652 1778 1681 1813 τε

911 1861 956 1898 και
946 1840 1073 1916 πολεις,
1085 1840 1178 1903 πάντες
1193 1841 1245 1918 [τε]
1258 1840 1335 1899 αύτδν
1353 1840 1498 1913 ἐδεδίεσαν,
1508 1843 1553 1900 καί
1569 1840 1681 1921 βασιλέα

913 1926 1088 2006 προσεδόκων.
1115 1922 1161 2004 (ιι)
1174 1927 1208 1988 Ὁ
1230 1928 1257 1986 δὲ
1281 1929 1403 2006 βασιλεὺς
1423 1928 1613 2010 πρόνοούμενος
1637 1934 1682 1987 τοῦ

912 2014 1060 2093 συμύάντος
1076 2016 1177 2074 στελλει
1191 2039 1249 2073 τινα
1264 2016 1393 2096 Οὐράνιον
1404 2017 1452 2088 τήν
1463 2023 1509 2075 τοῦ
1521 2017 1683 2093 καλουμένου

914 2102 1105 2181 καγκελλαρίου
1117 2103 1191 2171 τάξιν
1205 2103 1356 2183 πληροῦνται
1366 2108 1404 2185 τῷ
1416 2108 1467 2163 τῶν
1488 2103 1613 2183 δφφικίων
1629 2126 1683 2180 μα·

911 2190 1024 2269 γίστριρ,
1037 2189 1094 2267 ἀμα
1107 2191 1278 2270 Πολυχρυνίῳ
1291 2214 1319 2250 τε
1334 2192 1380 2250 καὶ
1401 2193 1547 2272 λίαρτυρίῳ
1560 2200 1613 2258 τοῖς
1633 2191 1682 2262 τίις

910 2282 962 2336 τῶν
980 2276 1087 2337 θύννων
1101 2278 1240 2356 πρεσύείας
1253 2278 1499 2358 ἑπιτετραμμένοις,
1522 2278 1569 2336 σὺν
1594 2283 1682 2347 αθτοίς

911 2362 938 2423 δὲ
952 2365 997 2421 καί
1009 2363 1072 2422 δίκα
1084 2364 1194 2443 χρυσίου
1205 2367 1301 2444 λιτρῶν
1314 2366 1501 2433 ἑκατοντάδας·
1515 2365 1558 2433 υθς
1570 2366 1602 2437 δή
1613 2366 1682 2424 κατδι

910 2452 957 2521 τήν
979 2452 1131 2520 Σωζόπολιν
1149 2457 1163 2511 3
1180 2453 1303 2532 τύραννος
1328 2454 1454 2533 λοχίσας,
1475 2454 1556 2526 αὐτήν
1581 2477 1610 2514 τε
1632 2452 1682 2525 τήν

910 2540 985 2597 πόλιν
1008 2539 1087 2607 ἐξεῖλε
1119 2540 1292 2620 μηχανήματι
1316 2542 1408 2621 δολίῳ,
1434 2541 1481 2600 καὶ
1509 2542 1540 2601 τδ
1573 2543 1680 2619 χρυσίον

911 2629 1059 2705 ἀφαιρεῖται
1080 2626 1142 2707 πρὸς
1161 2629 1229 2706 βίας.
1253 2628 1302 2706 (ιε)
1315 2628 1363 2688 Ἐν
1379 2627 1406 2687 δὲ
1427 2633 1460 2707 τῆ
1481 2628 1681 2689 Κωνσταντίνου

910 2714 979 2772 κατὰ
992 2718 1040 2784 τήν
1062 2716 1109 2785 τῆς
1130 2716 1241 2785 ἱππικῆς
1262 2716 1323 2775 θίαν
1344 2718 1389 2793 τοῦ
1405 2715 1490 2791 δήμου
1505 2716 1569 2794 πρὸς
1589 2716 1682 2777 στάσιν

912 2800 1111 2873 διαναστάντος,
1120 2800 1206 2880 τήντε
1218 2805 1264 2871 τῆς
1277 2802 1362 2873 δειλης
1374 2802 1520 2882 πανήγυριν
1532 2808 1547 2862 δ
1560 2801 1682 2880 βασίλεθς

909 2888 1055 2967 ἠρνήσατο,
1069 2888 1115 2947 καί
1128 2887 1202 2970 φόνος
1216 2888 1264 2948 οθκ
1284 2888 1369 2967 ὀλίγος
1386 2890 1517 2968 ἐγίγοντν,
1537 2892 1615 2950 αὐτοῦ
1630 2893 1678 2970 (τε)

913 2997 959 3035 του
974 2980 1020 3047 τῆς
1038 2976 1138 3043 πόλεως
1158 2978 1337 3085 νυκτεποίρχου
1360 3001 1406 3036 του
1426 2978 1587 3123 καλουμένου
1610 2978 1661 3038 Γέτ
1663 3002 1680 3037 α

912 3063 1086 3142 ἀναιρεθέντος
1105 3063 1221 3134 κατδιτὴ
1188 3063 1353 3143 τὴνμάχην.
1375 3064 1430 3177 (3333
1440 3063 1561 3137 '3333333
1549 3073 1680 3178 ,μικρρῶ

908 3150 1093 3228 διαδραμόντος
1107 3150 1201 3231 χρόνου
1218 3154 1267 3209 Βι·
1257 3151 1371 3217 αλιανδς
1393 3143 1496 3258 αυθις
1479 3175 1542 3234 αρας
1559 3158 1623 3212 νεῶν
1642 3157 1678 3221 ὡς

85 3062 161 3145 σφίσι
174 3061 220 3129 τδς
232 3066 322 3142 χεῖρας
335 3066 500 3145 τολμῶντας,
512 3064 562 3123 3333
573 3064 601 3123 33
614 3074 674 3139 μιᾶς
686 3068 732 3134 τῆς
746 3064 846 3141 πρὸς
823 3086 852 3121 το

84 3152 233 3229 ἀποδρᾶναι
245 3152 357 3222 σπουδῆς
368 3148 524 3227 πιεζομένων
538 3152 601 3231 πρὸς
612 3153 733 3223 ἀλλήλων
745 3151 789 3210 καὶ
800 3150 851 3208 θπό

82 3262 154 3305 τινος
163 3238 273 3317 μαγείας
283 3244 334 3297 τῶν
346 3239 485 3318 βαρδάρων
495 3238 677 3316 ἐπιγενομένης
689 3237 783 3316 ἀχλύος
795 3238 851 3295 3333
912 3261 926 3295 σ
929 3238 1044 3298 ’στόλον
1057 3239 1102 3296 καὶ
1116 3239 1227 3317 στρατὸν
1240 3237 1345 3307 πεζικόν
1358 3262 1386 3296 τε
1400 3261 1445 3297 και
1435 3238 1568 3299 ἱππικόν
1581 3240 1678 3351 πολθγ,

84 3327 244 3397 σκοτισάσης
258 3329 344 3394 αὐτοῖς
356 3327 402 3394 τὰς
415 3326 499 3407 ὄψεις,
512 3328 540 3384 οθ
558 3325 704 3405 προϊδόντες
719 3328 746 3383 ἐν
759 3317 795 3391 035
805 3326 852 3395 τὴν
911 3325 1173 3405 παραπορευθείςδ
1143 3348 1186 3382 τν
1209 3324 1327 3393 Εὔξεινον
1349 3324 1449 3386 Πόντον
1473 3327 1611 3407 ἀθρόως’
1599 3326 1677 3388 επιιίιν

82 3556 302 3621 omnitenens:
315 3556 468 3607 Ἀνασταοίου
479 3559 519 3606 καὶ
532 3556 679 3606 Σεκουνδίνου
698 3556 829 3619 πατρικίου,
837 3554 863 3602 δν
875 3556 914 3602 καί
923 3555 1010 3611 πιάσας
1022 3562 1097 3612 ζῶντα
1113 3556 1175 3617 εἶχεν
1185 3556 1209 3604 ἐν
1217 3561 1310 3619 φρουρᾷ.
1319 3554 1412 3604 Deinde
1425 3554 1457 3604 nd
1468 3569 1507 3603 an.
1519 3561 1564 3605 513
1580 3558 1681 3616 τΤούτιγι

83 3633 121 3691 τῷ
137 3627 182 3676 ἔτει
196 3628 329 3684 Βιταλιανδς
342 3629 483 3689 παραλαάὼν
496 3632 576 3677 πᾶσαν
589 3630 631 3685 τήν
650 3626 744 3689 Θρᾴκην
765 3627 804 3675 καί
824 3624 922 3675 Σκυθίαν
940 3628 981 3674 καί
1000 3626 1109 3686 Μυσίαν,
1129 3627 1190 3688 έχων
1208 3628 1257 3688 μεθ’
1266 3630 1349 3675 ἑαυτοῦ
1360 3627 1435 3683 πλήθη
1448 3626 1543 3673 θύννων
1553 3628 1680 3675 κα3’Βονλ-

81 3699 175 3760 γάρυον,
187 3699 315 3761 παρέλαάεν
325 3700 365 3756 τὴν
377 3698 495 3761 Ἀγχίαλον
507 3701 546 3747 καί
556 3702 597 3755 τὴν
612 3696 781 3746 Ὀδυσσόπολιν
788 3733 796 3758 ,
806 3696 892 3751 πιάσας
901 3697 941 3745 καί
954 3697 994 3746 τδν
1008 3696 1121 3759 Κύριλλον
1130 3698 1170 3744 τὸν
1183 3697 1341 3758 στρατηλάτην
1352 3695 1458 3759 θρᾴκης,
1468 3697 1507 3743 καὶ
1522 3694 1589 3753 ῆλθεν
1608 3712 1678 3757 upon·

83 3768 159 3817 δεθων
167 3770 210 3824 ἕως
221 3773 262 3817 τοῦ
276 3768 410 3825 Βυζαντίου.
418 3768 556 3831 Φειδόρενος
569 3769 593 3817 δὲ
611 3774 652 3827 τῆς
666 3768 768 3827 πόλεως,
787 3768 811 3815 ἐν
833 3768 955 3829 Σωσθενίῳ
974 3767 1193 3828 ἐστρατοπέδευσεν.
1215 3765 1331 3815 Similiter
1341 3765 1461 3827 Euagrius
1476 3768 1501 3824 θ,
1516 3768 1546 3814 33
1559 3768 1585 3815 st
1597 3764 1674 3815 Mala·

82 3838 121 3888 ins
134 3852 158 3902 p.
171 3844 216 3889 (ιον
227 3838 360 3901 Hypatium
371 3842 469 3902 captum
482 3851 535 3889 esse
546 3838 631 3887 dicunt
646 3841 776 3899 sntoqunm
794 3836 899 3899 cyrillus
911 3840 996 3886 contra
1011 3835 1161 3885 Vitalianum
1175 3835 1309 3885 exercitum
1323 3834 1458 3885 eduxisset.

115 3909 130 3969 §
142 3915 166 3957 s.
179 3908 286 3973 Ἀλαθὰρ]
295 3909 402 3973 Ἀρλαθίιρ
414 3921 479 3959 man.
493 3915 525 3968 25
536 3907 622 3971 inirn§
634 3913 661 3955 10
674 3907 771 3969 ’Δλαθαρ
782 3906 878 3955 codex..

116 3978 169 4037 §3
185 3984 261 4027 τῶν...
282 3976 437 4040 τεταγμένων]
460 3978 528 4027 τὸν...
547 3978 687 4039 τεταγμένον
700 3974 754 4025 cod.
770 3974 781 4039 ΙΙ
796 4000 824 4011 -
839 3976 876 4023 ἐπὶ
892 3980 932 4033 τῆς
946 3975 1056 4041 Ἀκρίδος]
1071 3976 1103 4026 ad
1123 3980 1199 4027 neres
1219 3976 1355 4027 castellum
1369 3976 1501 4039 llypntium
1520 3978 1545 4027 in
1566 3975 1679 4026 custodia

83 4047 211 4097 detentum
223 4048 283 4097 dicit
301 4048 463 4097 Marcellinus.
473 4052 536 4097 Acta
547 4050 599 4097 erat
611 4047 636 4096 in
645 4046 738 4110 Anaplo
750 4044 850 4108 Bospori
865 4059 912 4095 non
925 4044 996 4107 longe
1010 4060 1025 4096 a
1037 4047 1247 4111 constantinopoli
1257 4046 1345 4097 dissito
1355 4048 1466 4110 (Dionys.
1475 4050 1533 4111 1333.
1546 4046 1632 4111 Anapi.
1645 4046 1677 4097 ir.

85 4118 140 4178 κως
163 4118 270 4166 Αττὶιαιιι
293 4116 406 4167 novimus
428 4116 548 4179 Bithynico
570 4116 763 4181 promontorium
787 4115 966 4165 nclntcodono
986 4121 1017 4167 30
1030 4117 1108 4167 storiis
1124 4130 1212 4167 versus
1233 4117 1360 4168 meridiem
1379 4116 1532 4168 distensus
1548 4118 1678 4168 tristnmen

85 4188 170 4235 nostro
184 4186 237 4236 Ιοω
250 4186 352 4247 cogitari
364 4186 456 4248 nequit.
473 4186 631 4249 intelligendu
651 4189 689 4237 est
700 4187 771 4249 Ἄκρα
785 4185 885 4235 Pontica
899 4185 1057 4249 (Hieroclet
1072 4193 1190 4249 Anonym.
1215 4188 1271 4237 Per.
1293 4189 1364 4237 Pont.
1383 4194 1445 4239 Eux.
1468 4188 1493 4238 in
1511 4191 1600 4252 Geogr'.
1612 4186 1672 4238 Min.

85 4260 147 4306 tom.
167 4262 188 4315 t,
204 4270 229 4319 p.
247 4256 313 4317 300),
332 4270 387 4319 quoe
403 4256 514 4306 Straboni
527 4260 565 4307 est
576 4261 592 4316 ἡ
603 4258 686 4321 Τίριζις
704 4258 777 4319 ἄκρα,
791 4256 877 4318 χωρίον
896 4257 1004 4319 ἐρυμνον,
1020 4258 1106 4321 ᾧποτε
1121 4257 1258 4319 Λυσίμαχος
1275 4256 1392 4318 ἐχρήσατο
1403 4257 1575 4320 γαζοφυλακίῳ,
1588 4254 1620 4305 αθ
1630 4256 1678 4305 ho-

85 4326 198 4375 diernum
206 4328 262 4388 cap
273 4324 447 4388 Calncrn,cui
458 4329 585 4377 cavamen
597 4340 661 4376 nunc
675 4325 776 4389 νεήκεσι,
787 4323 853 4373 lund
865 4325 935 4389 longe
947 4326 1080 4377 rhodesso
1090 4325 1189 4376 boreum
1201 4340 1295 4377 versus.
1306 4328 1334 4375 ln
1345 4326 1384 4376 l3is
1396 4327 1460 4377 enim
1473 4327 1678 4391 regionibusque

85 4398 144 4446 sunt
164 4396 230 4445 circs
244 4395 365 4445 Odessum
379 4400 405 4445 et
420 4396 573 4458 Anchialum,
589 4396 726 4447 Vitalianus
740 4410 821 4446 arcem
841 4396 899 4445 belli
916 4396 1084 4449 constituerat.
1100 4398 1158 4445 Mox
1177 4396 1225 4446 slis
1240 4395 1350 4458 ejusdem
1363 4399 1458 4446 tractus
1471 4397 1533 4447 urbs
1556 4396 1679 4459 Sozopolis

84 4468 242 4517 memoratur.
255 4468 348 4515 ltomen
366 4466 436 4531 Ἀιιρίς
454 4466 527 4516 etism
541 4466 624 4529 3333ae
644 4467 790 4527 omiserat,
802 4468 864 4515 teste
876 4465 983 4516 Diodoro
995 4473 1033 4528 30,
1052 4470 1091 4517 37.
1105 4466 1116 4531 3
1132 4492 1159 4503 -
1175 4466 1278 4529 ἁμαξῶν]
1297 4467 1391 4529 &panso
1410 4468 1488 4518 codex
1508 4468 1535 4517 h.
1553 4468 1570 4518 1.
1583 4470 1609 4515 et
1622 4478 1678 4513 mox

83 4537 183 4586 itcmm.
1689 4534 1694 4545 “

115 4608 129 4670 §
142 4610 165 4657 8.
178 4610 256 4663 τοξεῖα
267 4607 361 4659 codex.
385 4607 476 4659 Deinde
488 4608 540 4666 τοὺς
553 4609 650 4659 inserui.

116 4678 169 4741 §n
181 4680 316 4737 3333'333333
327 4678 427 4741 7ι)..’ξξε
438 4679 538 4743 χιλιάδςε
549 4678 658 4743 Tnooph
672 4692 696 4739 Ι).
711 4682 764 4727 333.

115 4748 182 4811 §13
204 4748 326 4811 οὐράνιον]
342 4748 450 4799 Meminit
466 4748 518 4810 ejus
532 4748 606 4798 etism
624 4747 805 4819 Marcellinusl.
820 4747 837 4797 l.
852 4747 907 4810 tl·-
919 4746 1060 4871 Σωζὸιτοὶιν]
1080 4750 1124 4797 Est
1144 4747 1204 4797 urbs
1218 4745 1333 4809 Pontion,
1352 4748 1424 4796 nnten
1445 4744 1570 4809 Apollonis
1595 4742 1675 4805 (licis,

84 4818 287 4871 honestatos.

113 4890 128 4952 §
153 4882 278 4953 3311335
299 4892 380 4939 στάσιν
408 4887 554 4953 διαστάντος]
573 4889 701 4952 πρόστασιν
722 4888 829 4945 3333333333
822 4888 950 4945 εςυοθοι.

113 4958 179 5023 §rs
195 4958 343 5021 Βαλεριανῆς]
357 4958 477 5022 Mulalnp
492 4962 548 5019 404,
559 4964 591 5008 3:
605 4958 714 5015 ’ίωάννην
729 4960 769 5007 τδν
782 4960 926 5022 ΙΙαλεριανῆς.
939 4960 991 5021 ΙΙ-
1001 4957 1121 5022 ὁμὲνξεο.
1132 4957 1277 5007 Vitalianus.
1290 4955 1340 5019 33·-
1310 4956 1442 5005 -ίκίττυε
1441 4953 1458 5017 3]
1470 4951 1606 5004 Dicendum
1623 4956 1677 5004 erat

85 5028 317 5087 ίζετονοίέκάθητο,
327 5027 543 5079 casirahabebui.
558 5028 677 5091 Malnlnp.
685 5030 783 5087 403,θ;
794 5026 929 5085 Ἐκάθητυ
920 5032 989 5090 ιντῷ
1004 5026 1157 5091 ’suscipiat
1170 5026 1342 5087 τὸνλεγόμενον
1353 5021 1676 5085 Σωσθένηνίντῷεύκττφίῳ

86 5105 126 5149 τοῦ
142 5102 287 5165 ἀρχαγγέλου
301 5102 405 5163 Μιχαήλ
419 5099 615 5163 Theophanesp.
627 5102 682 5157 337,
696 5102 731 5147 7.
725 5098 900 5158 ἑνΣωσθτνίῳ
915 5098 1130 5160 ἐστρατοπέδευσεν.
1146 5094 1277 5145 Marcellin
1289 5094 1305 5143 3
1321 5092 1355 5142 Ι.
1351 5090 1533 5141 ,δοείίισιιαιιαο
1543 5089 1674 5155 prndium

176 5200 320 5238 ιιιιυιιτιιτιι
336 5200 432 5236 ιιιετοιι.
450 5198 576 5235 cniec—
591 5198 646 5234 von.
664 5197 690 5233 ν.
1022 5230 1026 5237 ,
1557 5181 1572 5228 θ
