3809 5859
207 314 300 387 ιἰι.
543 376 548 385 .
640 286 842 385 emmaum
863 324 1130 387 ιιιετοιιιιιιυιι
1150 326 1222 387 ειν.
1244 325 1295 399 ιιι,
1317 328 1412 389 ια,

206 454 296 523 δεξίων
310 454 389 520 λίθοις
402 454 561 534 βαλλόμενοι
573 455 643 515 κατὰ
654 456 785 536 κεφαλῆς·
800 454 815 515 θ
828 456 861 529 δὴ
875 456 920 517 καί
935 456 985 533 μοί·
1041 456 1113 534 ὅμως
1123 458 1241 537 ἀντεῖχον
1255 458 1295 517 έτι
1308 459 1410 527 καλῶς,
1422 460 1536 535 οθδαμοῦ
1547 460 1670 519 σπονδῶν
1684 458 1833 534 μεμνημέ·

205 544 283 601 λιστα
298 540 404 608 τούτους
419 542 523 601 έπίεσε·
536 542 582 600 καί
602 542 676 609 τέλος
698 544 888 622 ἀποκρούοντσι
911 542 985 623 παρὰ
1040 568 1096 605 νοι·
1108 546 1241 605 ἐδεδίεσαν
1255 544 1307 625 γάρ
1322 544 1360 622 μὴ
1371 545 1470 627 σφόδρα
1485 546 1647 626 ὠργισμένος
1660 548 1759 612 αὐτοῖς
1769 545 1834 605 δινό

205 635 258 689 τῶν
287 629 388 689 ἔνδοθεν
412 630 544 711 ἰσχυρῶς,
566 631 612 689 καί
635 630 791 699 ἐξωθοῦνται
810 638 856 691 τοῦ
883 634 986 714 τείχους

208 718 313 798 βιαίους·
328 717 374 776 καί
388 718 517 776 ἀπέθανον
532 719 613 779 αθτοῦ
629 722 676 779 οθκ
690 720 773 799 ὀλίγοι
787 724 839 779 τῶν
859 724 985 795 θπλιτῦιν,

204 809 250 867 παὶ
264 807 380 882 μάλιστα
392 805 444 865 θιτό
457 810 510 866 τῶν
523 808 621 866 ἀνωθεν
635 807 680 867 καί
695 809 739 889 ἀρ’
751 812 852 889 θβηλοῦ
870 833 986 891 καταρε·

207 898 322 976 ρομένων
339 894 471 974 μεγίστων
485 895 564 955 λίθων
580 898 693 977 ἰσχυρῶς
707 898 879 977 βαλλόμενοι,
896 899 984 979 βιαζό·

209 983 283 1061 μενοί
296 1006 326 1043 τε
346 982 395 1053 τὴν
411 984 510 1044 εἴσοδον
525 986 570 1043 καὶ
589 986 748 1066 θρασύτερον
769 987 983 1063 ἐπεμύαίνοντες.

207 1073 242 1152 (ε)
257 1070 347 1151 Ὅπερ
358 1070 421 1132 ίδθιν
438 1074 453 1131 θ
470 1071 594 1150 βασιλεὺς
616 1076 764 1155 ἀναχωρεῖν
776 1074 851 1143 εθθθς
861 1076 985 1154 σημαίνει

207 1161 320 1232 τούτοις,
331 1162 377 1220 καί
388 1160 438 1229 ἔξω
450 1161 541 1241 βέλους
550 1162 696 1241 γενομένοις
710 1166 858 1235 ἀποστῆναι
871 1170 916 1224 τοῦ
934 1187 985 1223 πο·

206 1253 310 1327 λεμείν,
320 1248 401 1307 είπὼν
412 1248 450 1323 μὴ
464 1249 551 1325 μένην
561 1254 648 1310 πονεῖν
659 1252 704 1310 καί
716 1251 871 1312 κινδυνεύειν
880 1252 985 1319 αύτούς·

206 1342 236 1400 σθ
250 1337 301 1419 γάρ
315 1336 383 1395 όπλα
395 1336 441 1395 καὶ
455 1335 583 1413 σώματα,
594 1337 662 1396 α’λλόι
671 1340 747 1415 λιμόν
757 1332 824 1400 εἶναι
833 1342 877 1400 τόν
887 1339 986 1411 ταύτης

206 1432 253 1498 τῆς
277 1426 378 1492 πόλεως
404 1426 510 1505 ἰσχυρόν
531 1425 743 1501 ἀνταγωνιστὴν,
762 1426 791 1494 ὃς
815 1428 915 1488 ἀκονιτί
938 1429 985 1487 καί

206 1516 331 1576 κινδύνων
345 1514 425 1594 χωρίς
439 1519 641 1593 καταγωνιεῖται
662 1517 761 1587 ταύτην
780 1515 893 1596 ταχέως.
936 1518 986 1577 Ἐ-

212 1609 308 1687 γνύικει
321 1610 397 1689 γάρό
411 1607 534 1685 βασιλεὺς
547 1610 672 1687 μηδαμοῦ
681 1612 778 1681 ταύτης
787 1614 985 1685 ἀπαναστῆναι,

211 1697 281 1758 ἀλλά
295 1700 487 1776 περικαθη““σθαι
502 1697 585 1769 αὐτὴν
595 1699 645 1765 έως
656 1698 689 1757 ἀν
700 1699 894 1781 έκπολιορκήση
905 1703 986 1782 λιμῷ·

210 1787 313 1862 ἐνόμιζε
326 1784 378 1863 γδιρ
393 1790 427 1850 ὡς
445 1786 545 1856 ταύτην
563 1785 631 1843 ἑλὼν
646 1796 734 1846 πᾶσαν
757 1787 808 1858 ἤδη
829 1786 877 1857 τὴν
899 1790 987 1847 Πελο-

205 1873 337 1946 πόννησον
352 1871 403 1940 ἐξει
417 1872 518 1951 ἀμαχεί
528 1891 540 1941 ,·
550 1873 641 1954 ὥσπερ
655 1876 722 1945 δῆτα
736 1875 781 1933 καί
795 1872 911 1951 γέγονεν.
965 1930 967 1933 .

247 1961 316 2021 Vll.
335 1959 386 2019 ·'Ev
411 1959 497 2039 τούτῳ
523 1960 550 2019 δέ
573 1961 619 2020 καί
643 1964 667 2021 οἱ
691 1966 850 2041 στρατιῶται
871 1955 935 2033 ἧκον
961 1962 985 2020 σί

208 2043 386 2115 αταλέντεςές
399 2049 636 2127 προνομὴν,-λείαν
649 2049 690 2109 δτι
704 2051 831 2121 πλείστην
845 2050 985 2117 ἐλάσαντες

208 2138 263 2196 ἀπό
280 2160 309 2195 τε
330 2139 378 2205 τῆς
392 2134 499 2203 Ἠλείας
517 2136 563 2195 καί
578 2141 625 2208 τῆς
638 2139 720 2198 ἀλλον
736 2135 904 2217 προσχώρου·
925 2135 984 2196 ἐλέ-

208 2248 285 2301 γοντο
295 2224 323 2282 δὲ
339 2222 412 2303 ζῴων
426 2224 473 2301 μέν
486 2225 626 2303 προόσίτων
637 2250 665 2285 τε
682 2226 727 2286 καί
741 2227 875 2306 βσῦινκαί
892 2223 984 2284 ἵππων

206 2314 274 2393 ἀμφὶ
287 2310 426 2380 τδιςπέντε
444 2314 489 2372 καί
504 2311 567 2372 δέκα
586 2315 714 2394 μυριάδας
734 2319 859 2393 ἀγαγεῖν,
883 2316 983 2393 ἀνδρῶν

206 2400 234 2458 δὲ
248 2399 439 2478 καὶγυναικῶν
453 2400 499 2458 καὶ
513 2402 625 2460 παιδίων
639 2402 705 2482 θπέρ
727 2403 773 2469 τδις
795 2402 924 2483 τέσσαρας
937 2426 983 2481 χι-

205 2487 308 2554 λισίδας.
351 2486 389 2565 (ε)
404 2486 458 2547 Καί
470 2486 504 2546 τό
518 2486 566 2565 μὲν
579 2489 649 2549 ἄλλα
665 2494 768 2560 πάντα,
778 2488 900 2570 πρόόατιί
913 2513 984 2571 φημι

206 2574 251 2633 καί
266 2575 329 2653 βόας
349 2574 394 2632 καί
408 2573 519 2648 ίππους,
532 2576 643 2653 διένειμε
655 2578 729 2658 παίσῃ
740 2583 774 2658 τῇ
787 2587 917 2658 στρατιᾷ,
933 2576 983 2634 σ’ίν-

206 2663 267 2743 δρας
293 2661 321 2719 δί
344 2662 390 2720 καί
413 2671 537 2738 γυναῖκας
557 2664 603 2722 καί
621 2667 717 2734 παῖδας
740 2664 877 2724 ἀπέστειλε
891 2668 918 2730 ές
935 2664 983 2737 τὴν

208 2750 425 2826 Κωνσταντίνου,
451 2752 605 2820 κατοικίζειν
629 2761 719 2811 πᾶσαν
748 2753 796 2824 την
822 2753 871 2819 ἐξω
890 2753 981 2832 χώραν

205 2840 294 2907 αὐτῆς.
336 2837 392 2897 Καί
405 2843 420 2896 ό
435 2838 482 2914 μέν
496 2839 587 2907 οὕτως.
628 2842 660 2919 (ν)
674 2841 825 2920 Κορινθίους
840 2840 867 2899 δέ
889 2840 981 2921 τετρό-

206 2948 288 3000 μηνον
303 2924 355 2997 ἤδη
376 2928 610 3006 πολιορκουμένους
629 2931 643 2985 ό
665 2938 734 2994 σῖτος
748 2928 913 2988 ἐπελελοίπει
934 2928 981 2987 καλ

204 3004 290 3071 τάλλα
304 3018 356 3072 τῶν
371 3014 535 3092 ἀναγκαίων·
545 3015 590 3074 καὶ
611 3018 759 3094 πιεζόμενοι
775 3017 826 3095 [δέ]
842 3020 880 3095 τῷ
898 3020 983 3097 λιμῷ,

1041 633 1164 713 βασιλεὺς
1177 640 1210 715 τῇ
1225 632 1304 712 τριῦῇ
1318 639 1366 705 τῆς
1377 634 1529 712 πολιορκίας
1542 633 1626 693 κακόν
1645 658 1672 691 τι
1691 637 1769 711 μέγα
1788 636 1833 710 έρ-

1040 724 1156 799 γέσηται
1171 726 1197 790 ές
1210 722 1320 795 αὐτούς,
1333 721 1418 787 ἄλλως
1429 744 1457 780 τε
1471 722 1515 780 καί
1525 720 1565 781 ότι
1575 722 1715 790 πολλάκις
1728 746 1832 801 xpm—

1038 812 1181 887 λεσάμενος
1195 812 1244 871 έπί
1261 809 1400 887 ξυμόιίσεις
1414 807 1504 877 αιίτσθς
1520 813 1567 870 οῦκ
1581 810 1757 885 ἐσηκούσθη,
1773 814 1832 871 ἀλλ’

1039 900 1206 979 ἀπεστράφη.
1246 902 1281 977 (ι)
1303 898 1351 959 Ἐν
1375 896 1460 977 τούτῳ
1484 898 1511 957 δέ
1533 899 1721 979 παραγίνεται
1744 900 1830 965 αὐτοῖς

1040 984 1148 1059 Ἀσάνης
1166 988 1301 1053 Ματθαῖος
1324 986 1377 1047 ἀπό
1397 986 1536 1065 Σπάρτης,
1557 987 1734 1069 ἀνέπεμψεν
1759 990 1829 1047 δότ·

1040 1073 1139 1147 σπότης
1154 1073 1306 1153 Δημήτριος
1322 1074 1416 1152 βοηθόν
1430 1097 1459 1133 τι
1472 1074 1545 1147 ἥκειν
1560 1077 1652 1142 αύτοῑς
1666 1076 1722 1135 καὶ
1737 1100 1829 1154 πείρα·

1041 1162 1150 1238 σύμενον
1166 1164 1189 1221 εί
1204 1161 1309 1221 δύναιτο
1321 1160 1367 1221 καί
1385 1163 1471 1229 αὐτοῖς
1490 1172 1543 1231 τοῖς
1558 1165 1707 1231 δεσπόταις
1729 1168 1831 1223 καταλ·

1040 1250 1117 1319 λέξαι
1144 1250 1187 1309 τόν
1214 1250 1326 1329 βασιλέα
1355 1250 1401 1309 καί
1429 1250 1542 1318 σπονδάς
1565 1257 1683 1324 ποιῆσαι
1709 1254 1764 1319 τδις
1787 1255 1829 1310 όν-

1040 1336 1135 1414 νατδς,
1157 1340 1195 1415 μὴ
1218 1338 1307 1415 μέντοι
1324 1362 1353 1419 γε
1368 1338 1452 1420 τούτῳ
1466 1344 1511 1411 τῆς
1526 1340 1658 1421 Κορίνθου
1682 1341 1829 1401 ἐκστάντα.

1042 1427 1077 1505 (ι)
1092 1418 1160 1507 Εἶχε
1175 1427 1262 1511 δὲκαὶ
1276 1427 1372 1508 ἄνδρας
1386 1426 1568 1505 έθδομήιιοντσ
1583 1430 1764 1509 στρατιώτας
1778 1428 1831 1505 μεθ’

1041 1518 1151 1593 ἑαυτοῦ,
1168 1514 1276 1595 ίχοντας
1289 1516 1334 1595 καί
1349 1516 1422 1576 σίτου
1436 1517 1575 1593 μεδίμνους
1587 1518 1671 1591 δέκα,
1685 1518 1719 1578 δν
1743 1520 1829 1599 ἔφερον·

1041 1605 1085 1663 ἐπί
1108 1609 1166 1663 τῦιν.
1181 1604 1262 1680 ὤμων
1275 1604 1481 1684 ,ἐπηχθισμένοι,
1492 1606 1602 1675 ἕκαστος
1614 1608 1679 1685 ’ἀνθΙ
1703 1606 1829 1687 χοινίκυν

1041 1692 1242 1771 τριῶν·,οίτινες
1260 1691 1456 1769 ἐξεπιστάμενοι
1470 1692 1583 1771 πέροδον
1598 1696 1630 1753 ἐκ
1649 1700 1700 1752 τοῦ
1718 1697 1828 1769 ἀπομα-

1040 1780 1161 1859 χωτιίτου
1176 1780 1269 1859 μέρους
1283 1786 1329 1839 τοῦ
1340 1804 1369 1840 τε
1380 1784 1472 1860 βουνοῦ
1483 1782 1528 1839 καί
1540 1784 1588 1853 τῆς
1600 1782 1729 1854 πόλεως,
1746 1781 1829 1859 ἄγνον

1041 1893 1102 1928 στον
1113 1868 1164 1945 μὲν
1178 1870 1223 1929 καί
1238 1868 1337 1929 ἄόατον
1350 1873 1403 1937 τοῖς
1417 1870 1534 1941 πολλοῖς,
1546 1868 1645 1943 ἀνάντη
1658 1870 1689 1929 δέ
1702 1868 1778 1937 ὅλως
1787 1874 1828 1929 ιιαλ

1040 1961 1166 2039 τραχεῖαν
1185 1958 1230 2016 καί
1248 1958 1396 2039 δύσπορον,
1412 1956 1540 2039 φέρουσαν
1556 1960 1581 2025 ές
1595 1958 1639 2016 τόν
1657 1958 1829 2040 Ἀκροκόριν-

1043 2052 1104 2118 θον,
1117 2046 1209 2113 νυκτός
1217 2047 1337 2112 λαθόντες
1346 2046 1460 2123 ἀνῄεσαν
1471 2046 1513 2104 διθι
1522 2050 1569 2117 τῆς
1584 2048 1686 2127 πέτρας
1700 2050 1827 2127 χαλεπαῖς

1040 2135 1110 2193 ποίνυ
1124 2135 1170 2193 καὶ
1183 2134 1367 2213 ἐπικινδύνοις,
1383 2134 1592 2214 ἀναρριχύιμενοί
1612 2159 1641 2193 τε
1667 2138 1716 2193 καὶ
1742 2135 1826 2214 ἐτερις

1039 2222 1083 2281 τόν
1095 2221 1181 2301 ἕτερον
1193 2222 1294 2302 ἀνέχων
1306 2216 1390 2282 τεκαὶ
1403 2221 1603 2294 διαύαστοίζων,
1614 2222 1700 2289 ἐνίαις
1710 2222 1740 2281 δὲ
1754 2228 1826 2302 σφῦπ

1041 2314 1126 2370 αὐτῶν
1148 2310 1194 2368 καλ
1220 2310 1382 2387 ἀνιμὼμενοι
1410 2310 1532 2390 σχοινίοις
1555 2312 1758 2385 ἐκδεδεμένους·
1779 2312 1825 2370 καί

1040 2399 1164 2478 ἐσέρχοντ
1183 2421 1192 2455 ι
1211 2401 1236 2465 ἐς
1249 2398 1296 2470 τὴν
1311 2400 1398 2459 πόλιν.
1442 2399 1476 2478 (ε)
1492 2401 1527 2460 Οῐ
1540 2398 1567 2457 δέ
1582 2400 1710 2471 Κορίνθιοι
1730 2402 1779 2459 τόν
1795 2422 1827 2459 τε

1040 2486 1152 2558 ’.λσοίνην
1174 2486 1269 2553 ἰδόντες
1293 2488 1339 2546 καί
1355 2488 1413 2555 τοθς
1431 2491 1490 2564 μετ’
1507 2490 1588 2546 αὐτοῦ
1611 2488 1822 2568 ἀνερρώσθησσίν

1039 2598 1068 2633 τε
1083 2577 1112 2633 οθ
1128 2575 1218 2651 μικρόν
1237 2577 1282 2634 καί
1296 2576 1475 2648 ἀνέπνευσαν,
1491 2575 1641 2653 νομίσαντες
1663 2578 1760 2655 βοηθόν
1789 2602 1825 2636 τε

1039 2662 1113 2735 ἥκειν
1128 2664 1214 2729 αὐτοῖς
1228 2665 1253 2729 ἐς
1268 2663 1342 2721 τότε
1363 2664 1432 2722 ἀλλα
1445 2664 1491 2723 καί
1513 2663 1544 2735 δὴ
1559 2666 1606 2723 καί
1617 2664 1732 2731 σπονδίις
1749 2666 1823 2740 μετὰ

1041 2755 1088 2810 τοῦ
1106 2744 1234 2829 βασιλέως
1247 2753 1365 2823 ποιήσειν
1387 2756 1473 2821 αὐτοῖς
1491 2752 1683 2831 ἱυμφερούσας.
1728 2755 1766 2830 (7)
1784 2754 1826 2813 Ἄ·

1039 2840 1119 2910 σοίνης
1133 2837 1160 2897 δέ
1176 2836 1286 2897 ἐσελθὼν
1297 2840 1323 2896 έν
1338 2844 1371 2917 τῇ
1384 2838 1460 2898 πόλει
1478 2843 1513 2908 ὡς
1527 2831 1578 2899 εἶδε
1591 2840 1650 2906 τούς
1668 2863 1700 2898 τε
1725 2844 1823 2919 Kopa-

1041 2926 1109 2994 θίους
1128 2928 1216 2991 δεινῦις
1231 2926 1281 2985 ὑπὸ
1294 2930 1340 2985 τοῦ
1354 2929 1433 3002 λιμοῦ
1453 2928 1621 3003 πιεζομένους
1638 2930 1689 2987 καί
1705 2930 1821 3007 ἀντέχειν

1041 3014 1080 3073 ἔτι
1099 3015 1136 3086 μὴ
1156 3014 1326 3091 δυναμένους,
1346 3015 1563 3096 διακηρυκεύεται
1586 3018 1626 3096 τῷ
1641 3020 1753 3094 βασιλεῖ
1766 3018 1821 3094 περί

206 3180 242 3241 (οἱ
255 3182 381 3243 Κορίνθιοι)
394 3183 422 3233 τό
435 3187 513 3245 τεῖχος
526 3182 566 3245 (τό
579 3184 695 3246 δεύτερον)
708 3184 747 3233 ἐπὶ
759 3186 845 3248 ἡμέρας
858 3184 940 3240 ίκενὰς
951 3182 1093 3245 ἀμυνόμενοι
1104 3196 1110 3209 ·
1122 3186 1145 3233 αἱ
1162 3184 1239 3243 μέντοι
1257 3182 1379 3241 τηλεόόλοι
1399 3184 1440 3231 καί
1455 3187 1526 3231 τοῦτο
1541 3184 1570 3247 τό
1581 3190 1662 3247 τεῖχος
1677 3185 1719 3233 ἐπὶ
1735 3186 1822 3248 ἡμέρας

204 3252 287 3306 ἱκανὰς
300 3251 396 3313 έπαιον,
409 3254 449 3300 καί
464 3254 593 3302 κατέόαλον
604 3255 672 3316 μέρος
683 3254 727 3303 οὐκ
736 3255 823 3315 ὀλίγον.
841 3254 851 3317 11
867 3284 898 3297 -
912 3254 1014 3317 ἔνδοθεν]
1030 3267 1062 3302 m.
1076 3260 1104 3311 λς
1116 3254 1181 3302 ἐνδον
1194 3267 1227 3302 m.
1242 3258 1262 3302 1.
1278 3253 1289 3316 ss
1303 3280 1331 3288 -
1341 3252 1356 3315 §
1366 3258 1389 3303 θ.
1401 3256 1437 3302 θα
1450 3252 1489 3303 his
1502 3253 1563 3303 nihil
1578 3252 1672 3316 legitur
1688 3256 1714 3305 in
1733 3255 1819 3307 Chalt-

210 3319 222 3382 ss
233 3345 265 3356 —
275 3320 417 3383 γενομένοις]
426 3334 459 3371 m.
471 3326 495 3380 λ,
505 3324 643 3385 γενομένους
655 3338 690 3372 m.
704 3328 724 3373 1.
739 3323 750 3386 ss
764 3354 791 3361 —
804 3326 892 3382 ταύτην
907 3323 1010 3387 ταχέως]
1022 3325 1057 3374 sic
1068 3336 1138 3385 mgn,
1150 3324 1244 3378 τούτους
1253 3341 1275 3373 τ.
1288 3328 1349 3373 ίολί.

236 3389 291 3439 vn.
307 3389 321 3451 §
340 3394 351 3438 1
365 3392 391 3439 et
405 3395 428 3440 λ.
444 3392 481 3439 De
493 3390 532 3440 his
544 3392 604 3441 nihil
613 3392 689 3442 habet
698 3392 811 3442 Chalcoe.
823 3394 834 3456 ss
845 3420 877 3429 -
886 3392 1039 3457 προσχώρου]
1053 3393 1089 3441 sic
1106 3404 1172 3441 man.
1184 3400 1207 3454 2,
1217 3396 1363 3459 πλησιοχωρ,
1378 3409 1412 3445 m.
1426 3400 1447 3445 1.
1460 3394 1471 3459 ss
1482 3421 1514 3431 -
1523 3396 1592 3445 πέντε
1603 3398 1645 3446 καί
1658 3397 1725 3461 δέεα]
1735 3396 1821 3447 Vah&

103 3483 105 3486 ·
205 3462 245 3510 ιιαί
265 3462 323 3509 δέκα
340 3460 398 3510 add.
416 3474 507 3525 margo.
521 3461 532 3524 ss
545 3462 599 3525 ·-§
615 3468 639 3512 3.
656 3468 722 3519 σῖτος
738 3463 901 3528 ἑπελελοίπει].
914 3464 952 3513 cf.
968 3463 1128 3513 Chaloecoml.
1143 3476 1167 3526 p.
1185 3468 1239 3521 541,
1253 3467 1276 3513 0.
1293 3464 1303 3524 ss
1322 3490 1349 3498 -
1361 3464 1500 3528 προκαλεσ.]
1516 3482 1603 3528 προσκ.
1616 3468 1672 3517 οοιλ
1687 3470 1749 3517 De'm
1769 3480 1821 3517 vox

204 3531 287 3587 αύτούς
309 3534 367 3595 post
387 3531 511 3593 ξυμόάσιις
533 3531 631 3584 additur
644 3534 669 3582 in
693 3534 811 3595 margine.
827 3533 837 3596 ΙΙ
850 3534 940 3597 -βί,
951 3534 1105 3597 παραγίνεται
1116 3533 1223 3597 Ἆσόνης]
1244 3534 1339 3591 ’Λατίνης
1355 3536 1472 3592 Ματθαίος
1488 3536 1700 3600 όγυναικάδελρσς
1719 3544 1764 3586 τοῦ
1783 3538 1821 3586 δε-

206 3602 297 3651 σπότου
314 3602 358 3664 κύρ
370 3600 518 3665 Δημητρίου,
528 3603 578 3658 υίδς
595 3603 619 3652 δέ
636 3603 730 3652 Παύλου
742 3609 785 3652 τοῦ
794 3604 944 3666 Ἀσένου,ιιί
955 3605 990 3654 ait
1002 3603 1136 3653 Phrantzes
1148 3615 1173 3667 p.
1188 3608 1242 3664 388,
1254 3607 1291 3653 14.
1301 3606 1417 3653 Getemm
1426 3608 1517 3654 Asanes
1526 3605 1579 3666 jam
1589 3610 1661 3655 antea
1671 3606 1823 3657 Corinthum

205 3677 319 3733 venerat,
331 3672 451 3736 prodente
470 3672 667 3737 chalcowndyla
677 3711 684 3731 ‚
695 3674 738 3734 qui
751 3672 783 3723 de
799 3674 906 3725 adventu
919 3677 973 3739 ejus
987 3676 1023 3725 ita
1033 3674 1108 3724 habet
1123 3692 1129 3724 ι
1145 3673 1241 3731 λεαίνης
1256 3675 1298 3737 μέν
1311 3674 1351 3725 οῦν
1364 3675 1391 3724 ιθ
1404 3677 1483 3739 ιιηλλῷ
1497 3676 1594 3738 θστιρον
1611 3676 1759 3739 (μοείιγυαιιι
1770 3679 1823 3726 λία-

205 3742 330 3792 chemetes
342 3756 358 3791 ε
369 3741 488 3792 θοιίιιλίιο
499 3742 525 3791 in
538 3744 655 3793 interiora
666 3743 827 3807 Peloponnesi
840 3745 959 3806 abierat),
974 3750 1005 3801 ὼς
1018 3746 1156 3794 ίπυνθιίνεισ
1168 3747 1209 3803 τὴν
1223 3746 1289 3794 πόλιν
1302 3748 1476 3809 πολιορκεῖσθαι
1488 3748 1534 3796 θπὸ
1544 3752 1586 3797 τοῦ
1596 3747 1708 3798 Ἀσιανσῖν
1721 3766 1823 3811 στρατα-

204 3815 289 3875 πέδου,
302 3814 363 3876 ἔχων
376 3816 427 3875 περὶ
441 3813 608 3877 αθτόνάνδροις
622 3816 728 3877 ἱκανοὺς,
740 3816 876 3879 ὁρμώμενος
890 3818 939 3868 ἀπὸ
951 3818 1072 3868 Ναυπλίου
1084 3824 1125 3875 τῆς
1143 3817 1264 3866 Οὐενετῶν
1276 3815 1380 3877 πόλεως,
1395 3817 1436 3865 καί
1448 3817 1487 3866 διὰ
1506 3817 1628 3873 θαλάσσης
1643 3819 1685 3868 έπὶ
1701 3820 1742 3868 τόν
1761 3823 1821 3879 Κεγ-

204 3890 280 3947 χρεῶν
297 3886 379 3948 λιμένα
400 3884 538 3948 ἀφικόμενος
556 3887 639 3943 νιικτδς
648 3887 726 3935 λαθὼν
739 3888 780 3937 τόν
795 3890 895 3953 στρατόν
908 3894 951 3939 τοῦ
968 3891 1082 3951 βασιλέως
1100 3888 1196 3947 ἐσῆλθεν
1208 3887 1236 3941 ές
1246 3888 1288 3945 τήν
1299 3887 1367 3936 πόλιν
1385 3888 1455 3943 αὐτός
1467 3904 1493 3937 τε
1505 3890 1545 3937 καὶ
1564 3891 1587 3937 σί
1604 3888 1660 3951 ἀμφ’
1676 3890 1768 3951 αἰετόν,
1781 3891 1824 3940 παί

205 3956 358 4017 τιναβραχύν
370 3960 436 4004 σῖτον
454 3956 643 4017 εἰσεκομίσαντο.
658 3956 669 4018 ss
686 3983 716 3992 -
731 3957 776 4005 ἀνὰ
787 3960 899 4020 χοινίκων
911 3958 992 4022 τριῶν]
1004 3958 1049 4008 Vel
1064 3958 1088 4007 in
1101 3957 1149 4007 hoc
1164 3970 1266 4006 numero
1278 3956 1317 4007 vel
1331 3958 1355 4006 iu
1366 3956 1546 4007 medimnomm
1560 3958 1599 4008 ναί
1611 3960 1637 4009 in
1652 3960 1765 4010 militum
1782 3976 1823 4010 σε·

205 4027 287 4072 ratum
302 4029 349 4074 est.
360 4026 452 4074 Decem
461 4024 579 4075 ιιισόίιιιιιί
590 4025 700 4079 efficiunt
713 4030 759 4075 48⁰
771 4026 910 4090 choenices,
921 4030 982 4079 adeo
996 4034 1024 4079 ut
1037 4043 1068 4078 ex
1079 4033 1109 4078 70
1121 4028 1241 4078 mililibus
1259 4026 1349 4089 singuli
1367 4032 1481 4091 septenos
1498 4028 1623 4080 choenices
1637 4031 1751 4081 tulerint.
1767 4037 1824 4083 vox

205 4094 251 4141 θνα
262 4095 370 4154 genitivo
379 4094 466 4156 juncia
476 4096 526 4144 islo
535 4108 608 4145 sensu
620 4097 711 4159 smpius
722 4110 738 4144 α
748 4096 876 4149 Critobulo
887 4103 1028 4164 usurpatur.
1042 4100 1052 4165 ss
1068 4126 1095 4135 -
1108 4098 1122 4162 §
1134 4105 1156 4148 5.
1172 4098 1367 4162 ἀναρριχώμεναι]
1385 4098 1563 4163 ἀναρμχθμενοι
1582 4100 1639 4150 οοιλ
1654 4101 1665 4165 ss
1684 4128 1720 4139 -·
1738 4104 1824 4159 αὐτοῖς

206 4162 378 4227 συμφερούσας]
391 4164 517 4214 adduntur
530 4166 555 4214 in
568 4167 685 4227 margine.
700 4167 711 4230 ss
733 4194 754 4202 ··
768 4167 783 4231 §
796 4171 819 4216 7.
830 4169 1022 4234 διακηρννιθεται
1044 4167 1103 4232 οἱα]
1117 4170 1207 4219 Fusius
1225 4168 1257 4217 (ία
1278 4167 1318 4217 his
1336 4170 1436 4232 exponit
1450 4169 1657 4233 Chalcocondylns
1670 4185 1697 4235 p.
1711 4177 1771 4231 451,
1785 4178 1802 4221 6
1816 4192 1822 4221 ι

205 4237 252 4284 Καὶ
266 4237 288 4283 οί
303 4236 329 4285 έν
344 4241 373 4298 τῇ
395 4234 461 4284 πόλει
480 4237 638 4291 ἐπιλείποντος
654 4242 697 4286 τοῦ
711 4237 778 4286 σίτου
790 4240 900 4301 χαλεπῶς
917 4241 1011 4305 ἔφερον,
1025 4242 1066 4289 καί
1081 4239 1164 4297 λόγους
1179 4239 1286 4287 ἐδίδοσαν
1299 4238 1419 4298 ἀλλήλοις,
1433 4238 1569 4301 ἀφικόμενοι
1585 4240 1607 4295 ἐς
1619 4242 1661 4290 τὸν
1677 4247 1718 4300 τῆς
1728 4244 1823 4297 πόλεως

120 4344 125 4351 .
151 4299 159 4314 ”
205 4306 322 4370 ἀρχιερέα.
337 4304 435 4363 Ἇσάνης
450 4306 493 4368 μέν
506 4305 548 4354 οὖν
560 4311 655 4370 κατεῖχε
669 4308 696 4357 τό
711 4308 798 4366 πλῆθος
809 4310 872 4359 ὥστε
887 4310 1028 4374 ἀνέχεσθαι,
1043 4310 1161 4374 ἀρχιερεὺς
1176 4309 1201 4357 δέ
1214 4314 1255 4367 τῆς
1270 4306 1361 4364 πόλεως
1374 4309 1515 4363 ἀποστείλας
1531 4313 1564 4364 ὡς
1579 4312 1680 4373 βασιλέα
1703 4312 1826 4375 ἐσήμαινε

206 4376 272 4437 αὐτῷ
285 4378 327 4433 τὴν
342 4375 448 4434 ένδειαν,
462 4377 503 4425 καὶ
517 4379 549 4432 ὡς
564 4375 630 4425 σιτία
643 4377 705 4426 πάνυ
717 4379 787 4441 ὀλίγα
796 4381 947 4432 ὑπολείποιτο
958 4384 1019 4432 ὥστε
1030 4383 1144 4445 ἀντέχειν.
1157 4382 1238 4429 Ταῦτα
1251 4378 1381 4439 πυθόμενος
1398 4381 1411 4428 ό
1426 4380 1537 4443 βασιλεὺς
1553 4382 1634 4439 λόγους
1652 4381 1721 4437 αὖθις
1732 4386 1823 4445 προσέ-

204 4464 268 4511 φερε,
284 4448 358 4508 λέγων
369 4446 458 4496 τοιαίδε·
476 4466 488 4490 ι
506 4446 575 4511 Ἐμοὶ
588 4450 652 4511 παρὰ
668 4455 715 4499 τῶν
727 4452 752 4499 ἐν
765 4456 795 4513 τῇ
807 4453 875 4501 πόλει
890 4452 1033 4502 εὐνοούντων
1049 4452 1218 4512 ἀπαγγέλλεται
1232 4446 1317 4509 ὀλίγων
1331 4448 1395 4497 πάνυ
1409 4452 1502 4514 ἡμερῶν
1521 4450 1689 4500 ὑπολείπεσθαι
1711 4454 1773 4514 θμῖν
1792 4456 1825 4502 τα

205 4519 278 4566 σιτία.
291 4517 320 4565 Τί
334 4516 376 4566 οῦν
393 4518 582 4579 κακοδαιμονᾶτε
597 4521 638 4567 καὶ
650 4520 678 4568 οὗ
692 4521 833 4584 παραδίδοτε
844 4524 887 4581 την
898 4522 980 4581 πόλινς
992 4542 1004 4565 ν
1017 4522 1131 4571 Ἐνταῦθα
1148 4523 1179 4575 ὡς
1191 4518 1368 4580 πυνθανομένου
1383 4520 1484 4571 ’Μάνεω
1496 4521 1576 4581 ‘mov
1589 4524 1612 4570 θλ
1634 4526 1677 4570 ῐῑιῦ
1699 4524 1824 4579 βασιλέως

203 4587 233 4636 τό
245 4588 396 4648 καθήκοντα,
411 4588 561 4638 έθουλεύοντο
572 4594 639 4653 κοινῇ
649 4589 695 4640 είτε
706 4592 870 4653 παραδώσοιεν
880 4594 921 4651 τὴν
934 4592 1002 4641 πόλιν
1010 4630 1016 4655 ,
1024 4593 1071 4641 είτε
1081 4592 1218 4654 ἀνεχόμενοι
1231 4588 1364 4649 ἀμύναιντο.
1375 4588 1417 4644 Ὦς
1427 4592 1453 4639 δέ
1466 4591 1677 4653 ἀπεστραμμένους
1687 4593 1751 4654 ἐώρα
1765 4596 1822 4649 τινὲς

204 4658 228 4707 έν
242 4663 271 4721 τῇ
283 4658 350 4707 πόλει
368 4659 408 4706 καί
424 4660 533 4720 χαλεπῶς
551 4659 677 4722 φέροντας.
692 4661 837 4711 θπόσπονδοί
858 4679 884 4712 τε
905 4664 999 4721 ἐξῆλθον
1017 4662 1086 4719 αὐτός
1099 4678 1122 4710 τε
1134 4660 1229 4715 ’λαοίνης
1245 4658 1285 4705 καί
1303 4660 1316 4707 ό
1331 4660 1525 4723 ’Λακεδαιμόνιος
1543 4660 1678 4721 Δονκάνης.
1691 4666 1821 4723 Ἀφικομέ-

203 4745 250 4777 νων
265 4731 289 4777 δὲ
303 4730 326 4784 ἐς
339 4731 422 4787 λόγους
433 4734 468 4792 τῷ
478 4729 696 4793 βασιλεῖ,σπονδάς
705 4748 731 4781 τε
741 4734 901 4795 αἰτουμένων,
913 4734 991 4796 ἔλεγεν
1000 4733 1080 4789 αὐτοῖς
1093 4731 1160 4780 τάδε·
1179 4747 1190 4771 ι
1205 4727 1371 4787 Ἀπαγγείλατε
1383 4735 1421 4793 τῷ
1434 4733 1538 4794 θμεῖίθθ
1552 4732 1650 4792 ἢΥῑθόνῑ
1664 4735 1696 4787 ὣς
1711 4735 1822 4790 ew&

203 4801 322 4847 ποιεῖσθαι
334 4797 426 4861 ἕτοιμός
437 4801 499 4860 είμι,
510 4800 545 4863 ἐφ’
558 4801 579 4861 ᾧ
591 4802 633 4859 τὴν
647 4802 727 4863 χώραν
740 4803 799 4861 ὅσην
813 4805 827 4852 ό
839 4804 937 4865 στρατός
948 4804 1058 4867 παρεξῄει
1072 4803 1130 4863 ἐμήν
1142 4816 1168 4849 τε
1179 4800 1254 4860 εἶναι,
1265 4800 1305 4847 καί
1321 4799 1392 4865 φόρον
1406 4802 1504 4862 ἀπάγειν
1518 4802 1558 4850 διὰ
1571 4802 1614 4861 τὴν
1628 4803 1715 4860 λοιπὴν
1735 4804 1822 4867 χώραν

203 4868 374 4924 πεντακοσίους
383 4875 519 4932 στατῆρας,
532 4875 567 4933 τῷ
580 4871 605 4920 δέ
617 4871 730 4934 ἡγεμόνι,
744 4873 779 4934 ἐρ’
793 4874 813 4935 ᾧ
827 4874 855 4923 τό
868 4890 894 4922 τε
907 4874 1001 4933 λίγειαν
1017 4876 1058 4922 καί
1071 4874 1168 4935 Πέτρας
1182 4870 1222 4919 καὶ
1240 4872 1281 4927 τὴν
1300 4872 1418 4932 περίοικον
1438 4870 1590 4934 παραδιδόναι
1611 4874 1680 4935 ἡμῖν·
1691 4874 1713 4921 εί
1725 4875 1749 4923 δέ
1768 4878 1818 4937 μή,

204 4940 289 4989 αθτίιια
301 4940 350 5002 ἅμα
362 4940 459 4990 ἐπιόντα
474 4957 504 5004 με
515 4942 690 5002 γινωσκόντων.
702 4962 714 4985 ν
728 4946 810 4993 Ταῦτα
821 4945 846 4993 δέ
859 4946 890 5001 ὡς
902 4945 1033 4994 ἐνετέλλετο
1050 4946 1143 5002 αὐτοῖς,
1158 4942 1199 4989 καὶ
1212 4940 1236 4995 ἐς
1252 4942 1307 4997 τοὺς
1323 4944 1440 5003 θγῑμθνῦέ
1453 4940 1564 5003 ἅθίῑθπθ
1582 4944 1634 5005 περὶ
1653 4944 1682 4993 τὸ
1695 4945 1821 5005 Ταΰγετον

204 5012 244 5068 της
257 5012 396 5064 Λακωνικός
410 5010 583 5073 διατρίβοντας,
597 5010 747 5073 ἀπήγγελλόν
759 5030 785 5061 τε
797 5014 827 5061 τοι
837 5014 901 5076 παρὰ
912 4996 1040 5077 βασιλέως·
1055 5016 1095 5063 καί
1107 5014 1195 5063 αὐτίκα
1211 5010 1301 5071 έδόιιει,
1318 5012 1380 5060 ὥστε
1394 5014 1427 5072 μὴ
1440 5014 1559 5075 στέρεσθαι
1575 5013 1620 5070 ἤδη
1636 5014 1757 5076 ξυμπάσης
1774 5022 1821 5073 τῆς

205 5078 301 5140 χώρας,
312 5079 422 5142 πρέσβεις
435 5096 461 5128 τε
474 5081 574 5139 πέμπειν
587 5082 627 5129 καί
640 5081 756 5142 ἐμπεδοῦν
766 5081 833 5145 σφίσι
846 5083 886 5137 τας
898 5083 1001 5138 σπονδὰς
1012 5082 1046 5147 ἐφ’
1057 5083 1091 5139 οῐς
1102 5082 1247 5145 προετείνετο
1268 5083 1387 5143 βασιλεύς.
1402 5084 1543 5146 Πέμψαντες
1561 5084 1586 5133 δὲ
1600 5087 1709 5147 πρέσόεις
1728 5086 1772 5142 ταίς
1791 5104 1819 5136 τε

205 5148 306 5205 σπονδὰς
320 5149 478 5212 έποιέσαντο,
489 5152 530 5200 καί
544 5152 586 5211 τήν
597 5153 678 5217 χώραν
694 5152 802 5203 ἀπέδωκε
815 5157 851 5217 τῷ
866 5153 981 5217 βασιλέως
995 5154 1199 5217 θπόιρχιρὊμσίρη
1218 5155 1269 5218 (τῆς
1286 5154 1413 5212 θετταλίας
1426 5156 1532 5219 ὕπαρχος
1549 5155 1601 5218 ἦν),
1614 5158 1642 5207 τό
1659 5174 1685 5206 τε
1702 5158 1822 5219 Αίγεισν,
