3809 5859
225 316 265 377 οι
583 258 586 263 ’
655 309 858 381 απιτοιιυιι,
873 274 1131 381 ιιιετυιιιειιυιι
1151 311 1223 393 mn„
1244 312 1268 389 1,
1290 313 1382 374 οι-ου
1485 366 1489 373 .

226 446 276 518 ἤδη
295 444 345 523 γδρ
358 442 404 503 καὶ
414 442 500 520 ἡμέρα
514 440 664 521 ἀπέφαινεν.
679 438 767 501 Ἔνθα
779 439 811 512 δὴ
828 440 904 523 φόνος
917 442 997 509 πολὶις
1054 442 1082 502 δέ
1095 440 1219 520 γέροντας
1231 442 1348 519 ἐντίμους
1362 442 1516 519 ἑλκομένους
1532 448 1578 515 τῆς
1591 444 1712 516 πολιᾶς,
1730 438 1803 507 τοὺς
1819 444 1846 500 δί

225 539 277 594 τῶν
302 528 552 610 προστυγχανόντων
576 528 690 606 ἐγίνετο,
709 532 760 586 τῶν
790 528 837 605 μέν
859 526 927 587 κατά
948 528 996 600 τὴν
1058 529 1104 589 καὶ
1131 528 1306 606 τυπτομένους
1338 520 1465 603 ἀνηλεῶς·
1494 527 1638 608 παρθένους
1666 528 1851 605 μοναζούσας

227 621 285 681 ὁδόν
301 621 363 699 (ἤδη
378 618 429 698 γάρ
444 615 552 696 ἐξῄεσόν
568 639 635 683 τινες
649 619 702 674 τῶν
716 617 805 675 οἰκιῶν
819 617 918 684 θέοντες
931 616 995 696 πρός
1053 616 1151 694 σεμνός
1170 640 1197 675 τε
1218 617 1264 676 καὶ
1279 614 1418 695 ἀπροίτους
1432 617 1462 676 τὸ
1484 615 1608 698 όλονικαὶ
1622 621 1662 696 τῷ
1686 618 1745 696 θεῷ
1776 618 1850 695 μύινρ

225 709 273 781 τὴν
288 707 369 788 βοὴν,
382 706 493 773 καὶτοῖς
506 703 588 786 ξίφεσι
599 708 651 764 τῶν
664 708 830 785 στρατιωτῶν
844 706 998 783 ἀπροόπτως
1053 703 1266 783 προσανεχούσας
1279 704 1435 776 καὶζείαας,
1447 694 1469 784 ᾧ
1482 706 1647 785 καθιέρωσαν
1664 704 1791 777 ἑαυτὰς,
1804 702 1850 769 τάς

226 794 399 874 ἐνέπιπτον),
421 796 472 850 τῶν
496 791 523 850 δέ
542 793 569 850 έν
600 800 658 859 ταῖς
678 793 771 857 οἰκίαις
789 794 896 869 αὐταῖς,
920 794 998 851 έπεσ·
1054 792 1102 869 μέν
1114 796 1167 852 τῶν
1189 792 1319 870 δορατίων
1335 791 1427 874 βιαίως
1435 791 1594 870 ,έξαγομένας
1605 793 1652 852 καὶ
1674 792 1847 871 συρομένας,

224 883 372 943 πιπτόντων
389 879 434 961 βία
448 884 498 939 τῶν
510 879 676 961 γενητζόρων
690 881 735 939 καὶ
747 884 800 938 τῶν
810 880 897 939 ἄλλων
917 902 997 959 στρα-
1052 878 1099 945 τάς
1114 878 1141 937 δέ
1157 884 1208 939 τῶν
1222 882 1299 960 ἱερῶν
1321 880 1527 958 ἀποσπωμένας,
1542 882 1569 939 ἐν
1586 870 1625 946 οἷς
1648 881 1846 961 κατέφευγον,

225 976 326 1049 τιωτῶν
339 968 383 1038 ξύν
398 967 482 1028 οὐδενὶ
495 966 588 1048 κόσμῳ
599 968 644 1027 καὶ
657 970 793 1047 λογισμῷ,
805 970 857 1025 τῶν
873 968 900 1026 δέ
917 968 963 1026 καὶ
973 970 997 1036 ἐς
1052 967 1096 1025 καὶ
1111 968 1281 1047 ἀπαγομένοις
1296 968 1339 1038 ξύν
1356 968 1432 1047 δόρει
1446 967 1492 1027 καὶ
1505 968 1617 1048 ἀτιμία,
1636 967 1811 1044 ξαινομένας
1822 992 1848 1025 τε

226 1060 308 1132 ἀλκὴν
322 1056 505 1135 τρεπομένων,
524 1058 576 1114 τῶν
597 1054 624 1113 δὶ
637 1055 682 1114 καὶ
704 1054 768 1133 πρὸς
780 1058 859 1133 ὶεροῖς
877 1076 997 1113 καταπε-
1054 1053 1101 1122 τάς
1113 1056 1224 1136 παρτιάς
1238 1055 1280 1125 ξὶιν
1298 1060 1405 1137 οἰμωγῇ
1418 1058 1465 1115 καὶ
1479 1058 1590 1135 ὀλολυγῇ
1603 1055 1651 1115 καὶ
1665 1055 1847 1132 κοπτομένας

225 1148 355 1231 φευγότων
380 1169 410 1205 τε
436 1145 482 1204 καὶ
508 1144 692 1215 ἱκετευόντων,
715 1145 828 1223 ἀνδρῶν,
853 1146 998 1219 γυναικῶν,
1053 1146 1165 1223 πικρῶς·
1189 1144 1285 1211 παῖδας
1308 1144 1425 1210 ἀπαλοὶις
1448 1146 1528 1219 ὠμῶς
1542 1144 1771 1221 ἀποσπωμένους
1794 1168 1846 1217 μη·

225 1234 341 1309 παίδων,
367 1232 474 1292 πόντων
497 1233 601 1307 ἁπλῶς,
629 1234 758 1308 μηδεμιᾶς
782 1230 861 1302 οὔσης
882 1232 996 1311 φειδοῦς·
1054 1231 1150 1308 τέρων,
1173 1230 1252 1308 κόρας
1274 1233 1389 1298 ἐλεεινῶς
1410 1230 1587 1311 χωριζομένας
1608 1235 1666 1290 τῶν
1701 1232 1847 1307 νεογάμου

226 1325 259 1400 γε)
277 1324 342 1400 ὀργῇ
358 1319 410 1400 γάρ
425 1320 471 1378 καὶ
485 1322 559 1398 θυμῷ
574 1322 664 1396 πολλῷ
681 1318 796 1398 έχῶρουν
809 1320 851 1378 ἐπ’
863 1317 958 1386 αύτοὶις
972 1322 996 1377 οὶ
1055 1320 1169 1397 ἀνδρῶν·
1185 1318 1254 1378 ἀλλα
1270 1319 1350 1399 μυρία
1362 1318 1520 1399 εἰργασμένα
1534 1318 1615 1378 δεινοί.

225 1412 398 1486 στρατιῶται,
412 1412 488 1465 τοῦτο
508 1405 556 1480 μέν
576 1406 716 1484 ἀχθόμενοι
737 1409 769 1485 τῇ
792 1404 870 1485 τρεύῇ
883 1409 932 1477 τῆς
950 1428 996 1464 πο·
1095 1407 1297 1479 ιΧ11.Τὴνδὲ
1320 1412 1370 1467 τῶν
1393 1410 1469 1485 ἱερῶν
1490 1406 1565 1485 ύόριν
1579 1408 1627 1467 καὶ
1649 1407 1780 1479 σύλησιν
1807 1412 1847 1465 καὶ

225 1495 360 1575 λιορκίας,
376 1501 451 1555 τοῦτο
467 1494 489 1551 δ’
505 1492 545 1550 δτι
555 1495 601 1551 καὶ
618 1493 671 1551 ἀπό
684 1496 736 1552 τῶν
751 1493 883 1561 ἐπόλξεων
904 1492 996 1571 σκῶμ·
1055 1494 1201 1573 διαρπαγὴν
1216 1498 1271 1561 πῶς
1294 1494 1325 1553 ἄν
1346 1518 1385 1561 τις
1403 1494 1499 1563 ἐξείποι
1520 1498 1559 1575 τῷ
1577 1494 1669 1575 λόγῳ;
1696 1495 1847 1554 Κατεύάλ-

225 1584 293 1661 μασί
304 1606 332 1641 τε
344 1582 390 1641 καὶ
404 1581 510 1660 ύύρεσιν
525 1583 572 1639 ούκ
586 1581 681 1657 ὀλίγοις
695 1579 807 1639 έόαλλον
825 1578 918 1647 αύτούς
932 1578 994 1638 ἔνιοι
1056 1584 1131 1642 λονςο
1147 1583 1194 1661 μέν
1210 1582 1308 1660 ἀτίμως
1321 1584 1346 1649 ές
1360 1587 1409 1661 γῆν
1425 1582 1521 1649 εἰκόνες
1535 1582 1579 1641 καὶ
1596 1581 1790 1662 ἀφιδρύματα
1808 1586 1846 1642 καὶ

226 1674 275 1729 τῶν
288 1670 405 1740 ἀνοήτων
419 1672 484 1749 παρ’
499 1668 558 1727 δλον
572 1670 616 1730 τὸν
634 1670 764 1745 πόλεμον,
777 1668 808 1728 τό
822 1668 844 1727 δ’
856 1666 916 1726 δλον
927 1667 998 1734 ὅπως
1052 1661 1137 1731 τάλλα
1157 1674 1209 1729 τῶν
1228 1672 1322 1751 ἱερῶν,
1344 1673 1482 1731 ἀπεσπᾶτο
1502 1672 1528 1729 δέ
1550 1670 1651 1745 κόσμος
1677 1672 1695 1725 ὁ
1719 1670 1841 1741 τούτων,

225 1756 257 1816 ἀν
271 1757 401 1837 θροήσωοι
419 1755 449 1814 τό
461 1763 514 1813 πάν
535 1756 581 1813 καὶ
596 1756 731 1835 φούήσωσι
750 1758 796 1816 καὶ
816 1755 998 1815 δουλώσωνται
1052 1758 1151 1817 ἐδίδοτο
1173 1758 1200 1817 δέ
1213 1756 1247 1816 τά
1268 1756 1315 1834 μέν
1334 1757 1467 1838 αύτῶνιτῷ
1489 1756 1569 1836 πυρὶ,
1589 1757 1625 1815 τόε
1645 1757 1679 1815 δὲ
1704 1758 1735 1823 ἐς
1760 1759 1842 1817 λεατά

224 1853 281 1911 ταῖς
300 1852 422 1926 σφαγαῖς.
465 1843 499 1923 (ι)
514 1842 561 1909 Ὡς
576 1844 603 1902 δέ
622 1846 679 1911 όίλις
699 1835 771 1923 εἶχον
791 1850 837 1903 τοῦ
857 1843 934 1923 φόνου
950 1842 996 1903 καὶ
1051 1844 1198 1922 τεμνόμενοί
1211 1868 1239 1903 τε
1256 1843 1301 1902 καὶ
1313 1842 1498 1924 ξυντρεύόμενα
1507 1844 1551 1903 ἐπὶ
1559 1850 1613 1904 τῶν
1632 1843 1761 1924 τριόδων
1783 1849 1844 1925 ἐρρι-

224 1936 242 2003 ἡ
256 1930 331 1997 πόλις
344 1930 396 2003 ἤδη
408 1930 567 2006 δεδούλωτο,
580 1930 719 2010 τρέπονται
733 1934 757 1989 οἱ
770 1928 819 2007 μὶν
834 1932 861 1988 έν
872 1930 930 1997 ταῖς
941 1935 994 1990 τῶν
1051 1941 1151 2006 πτεῖτο,
1166 1933 1299 2011 ἠνοίγοντο
1311 1932 1339 1991 δέ
1348 1936 1427 2005 θῆκαι
1440 1935 1492 1991 τῶν
1503 1934 1625 1990 παλαιῶν
1638 1931 1693 1989 καὶ
1703 1936 1843 2011 μακαρίτου

225 2022 341 2078 δυνατῶν
363 2018 456 2085 οἰκίαις
480 2018 550 2078 κατόν
569 2018 711 2099 ξυμμορίας
724 2041 752 2077 τε
767 2018 814 2079 καὶ
833 2016 995 2094 ξυνωμοσίας
1053 2022 1153 2102 ἀνδρῶν
1172 2020 1216 2079 καὶ
1238 2018 1273 2077 τά
1293 2019 1391 2079 τούτων
1408 2018 1514 2097 ἐξήγετο
1534 2018 1649 2099 λείψανα
1675 2019 1730 2077 καὶ
1748 2022 1844 2097 ἀτίμως

225 2108 269 2166 καὶ
290 2106 376 2175 τόξοις
400 2107 444 2165 ἐπὶ
467 2107 600 2187 διαρπαγῇ
618 2106 663 2165 καὶ
678 2110 804 2187 σκυλμῷ,
824 2109 848 2165 σί
873 2107 902 2165 δέ
931 2106 996 2186 πρὸς
1052 2107 1229 2183 λεπτυνόμενα
1241 2108 1286 2165 καὶ
1298 2107 1413 2183 λυόμενα
1430 2110 1453 2173 ἐς
1463 2107 1528 2187 ἀέρα
1542 2108 1699 2183 ἐλικμάτο,
1713 2108 1751 2165 τά
1768 2110 1843 2167 δὲκαὶ

225 2196 336 2268 σύλησιν
351 2198 402 2253 τῶν
421 2197 515 2274 ἱερῶν,
530 2198 554 2257 οἱ
571 2194 597 2253 δέ
613 2197 656 2255 ἐπὶ
670 2196 716 2261 τάς
729 2196 819 2263 κοινός
832 2194 919 2254 τεκαὶ
940 2199 993 2255 τῶν
1051 2195 1093 2253 ἰπὶ
1103 2198 1155 2255 τῶν
1168 2193 1291 2275 ἀμφόδων
1299 2196 1456 2275 ἐρριπτεῒτο,
1469 2194 1501 2274 (υ)
1509 2194 1641 2275 κρατῆρές
1647 2217 1684 2251 τε
1691 2195 1745 2252 καὶ
1756 2196 1842 2274 φιάλαι

143 2350 147 2355 ,
224 2284 333 2343 ἰδιωτῶν
357 2282 441 2351 οἰκίας
467 2284 669 2360 ἐσκεδασμένοι,
702 2284 900 2361 διαρπάζοντες,
928 2306 996 2341 σκυ-
1051 2281 1129 2341 καὶδ
1148 2282 1197 2353 τὴν
1218 2282 1421 2357 παναγεστότην
1440 2281 1530 2342 θυσίαν
1552 2281 1685 2361 ἐδέχετο,
1706 2286 1738 2341 αἱ
1758 2286 1805 2358 μέν
1822 2287 1843 2349 ές

223 2370 353 2443 λούοντες,
376 2368 537 2445 ληιζόμενοι,
562 2370 722 2450 φονεύοντες,
744 2370 907 2447 ύόρίζοντες,
930 2373 999 2431 ἀποί-
1055 2370 1194 2450 προπόσεις
1217 2369 1263 2428 καὶ
1284 2370 1365 2448 μέθην
1381 2364 1450 2441 ἦσαν
1471 2371 1575 2447 αὐτοῖς,
1597 2373 1623 2428 οἱ
1649 2370 1682 2427 δέ
1708 2370 1842 2450 ξυντρεόό-

222 2479 309 2534 γοντες
319 2458 502 2537 αἰχμαλώτους
514 2458 622 2539 ἀνδρας,
636 2466 777 2536 γυναῖκας,
800 2461 913 2531 παῖδας,
931 2484 998 2539 πρε·
1056 2456 1130 2533 μενοί
1147 2480 1175 2515 τε
1194 2458 1241 2516 καὶ
1255 2458 1432 2536 χωνευόμενοι
1452 2457 1619 2528 ἀπεδίδοντο,
1636 2457 1707 2536 ὶερὶι
1722 2458 1752 2515 δὲ
1768 2461 1840 2531 σκεύη

225 2545 338 2619 σόύτας,
355 2546 442 2622 νέους,
457 2547 548 2625 ἱερεῖς,
570 2546 712 2626 μοναχοὶις,
726 2558 813 2605 πᾶσαν
835 2546 939 2617 ἠλικίαν
954 2549 999 2609 καὶ
1056 2542 1101 2602 καὶ
1124 2542 1213 2601 πέπλα
1235 2545 1310 2621 τίμια
1333 2546 1465 2615 πολυτελῆ
1486 2567 1515 2601 τε
1538 2542 1583 2602 καὶ
1610 2545 1716 2623 πολλῷ
1743 2545 1841 2624 χρυσίῳ

224 2634 296 2701 τόξιν
322 2634 421 2701 ἁπλῶς.
470 2633 503 2712 (ι)
527 2634 582 2695 Καὶ
603 2626 635 2706 ἧν
656 2636 719 2693 ἰδεῖν
740 2633 825 2711 θέαμα
844 2635 926 2694 δεινδν
950 2640 995 2697 καὶ
1053 2630 1229 2713 ἐνυφασμένα,
1243 2630 1276 2688 τά
1287 2630 1314 2689 δέ
1327 2629 1372 2689 καὶ
1383 2629 1464 2698 λίθοις
1474 2628 1611 2709 διαφανέσι
1623 2630 1675 2689 καὶ
1693 2634 1838 2711 μαργέροις

225 2722 335 2781 ἐλεεινόν
349 2721 395 2781 καὶ
409 2724 478 2801 πέρα
492 2724 639 2802 τραγῳδίας
660 2722 781 2794 ἀπάαης,
798 2725 923 2799 γυναῖκας
936 2724 996 2791 νέας
1052 2718 1325 2800 καταστραπτόμενα,
1342 2718 1375 2777 τά
1396 2718 1443 2795 μέν
1463 2716 1618 2777 ἀπεδίδοντο
1641 2721 1837 2795 πονηροτάτοις

224 2809 270 2868 καὶ
284 2811 430 2889 σιίιφρονας,
446 2811 555 2887 εὐγενεῖς
568 2834 597 2869 τε
611 2809 657 2868 καὶ
670 2813 722 2867 τῶν
738 2800 769 2868 τύ
782 2809 944 2887 γεγονότων,
959 2810 992 2869 τδι
1051 2805 1174 2886 ἀνδράσιν
1189 2807 1224 2873 εἰς
1239 2804 1388 2885 ἀπόχρησιν
1403 2808 1433 2865 οὗ
1446 2806 1547 2880 καλὴν,
1567 2807 1601 2865 τά
1618 2806 1646 2863 δέ
1668 2807 1742 2885 πυρὶ
1759 2830 1839 2887 παρε-

226 2899 309 2959 πολλά
323 2897 492 2979 οἰκουρούσας
509 2899 554 2958 καὶ
567 2899 626 2958 οὐδὲ
645 2897 691 2970 τὴν
717 2897 806 2959 αὔλιον
819 2898 994 2973 προελθούσας
1051 2895 1165 2970 δίδοντυ,
1184 2893 1354 2974 χωνευόμενα
1377 2894 1420 2954 δεδι
1436 2892 1481 2952 τόν
1498 2886 1609 2974 χρυσόν·
1637 2892 1673 2973 (ε)
1701 2894 1794 2973 βίύλοι
1812 2920 1836 2953 τι

223 2986 307 3059 ποτέ,
328 2988 376 3047 καὶ
403 2985 546 3065 παρθένους
567 2989 705 3068 εὐπρεπεῖς
728 2987 774 3047 καὶ
798 2988 899 3068 ὡραίας
919 2989 992 3063 λαμ·
1050 2984 1117 3061 ἱεραὶ
1132 2984 1178 3041 καὶ
1191 2988 1274 3059 θεῖαι,
1290 2983 1358 3041 ἀλλά
1371 2982 1403 3054 δὴ
1416 2982 1462 3041 καὶ
1474 2974 1525 3040 τῶν
1539 2980 1587 3049 ἔξω
1605 2984 1786 3059 μαθημάτων
1796 2988 1836 3042 καὶ

222 3076 290 3153 τροίς
302 3100 331 3136 τε
347 3075 393 3134 καὶ
403 3078 532 3154 λαμπρῶν
546 3078 634 3136 οἰκιῶν
647 3076 694 3136 καὶ
707 3078 786 3158 μέχρι
805 3078 864 3137 τότε
878 3077 993 3159 ἀρρένων
1050 3072 1195 3151 φιλοσόφων
1210 3072 1238 3129 αὶ
1250 3072 1386 3143 πλεῖσται,
1401 3072 1428 3127 αὶ
1445 3068 1492 3145 μὲν
1505 3069 1570 3147 πυρὶ
1591 3071 1793 3148 παρεδέδεντο,
1811 3075 1834 3128 αὶ

221 3164 363 3242 ὀφθαλμοῖς
377 3163 442 3231 ὅλως
452 3164 608 3244 ἀψαύστους,
619 3163 666 3229 τὰς
677 3164 726 3241 μὲν
741 3165 788 3245 βίᾳ
801 3168 852 3223 τῶν
865 3165 992 3243 θαλάμων
1050 3159 1077 3217 δέ
1089 3158 1187 3236 ἀτίμως
1199 3164 1409 3231 κατεπατοῦντο,
1425 3160 1453 3217 αὶ
1465 3156 1568 3223 πλείους
1581 3156 1609 3214 δέ
1621 3158 1718 3216 αὐτῶν
1731 3160 1763 3215 οδ
1774 3160 1833 3237 πρὸς

222 3250 392 3326 έζελκομένας
404 3253 510 3323 ἀπηνῶς
518 3274 547 3309 τε
559 3251 615 3325 ἅμα
628 3252 672 3309 καί
682 3254 792 3321 ἀναιδῶς
802 3253 993 3332 ἀρπαζομένας,
1051 3247 1174 3306 ἇπόὸουιν
1191 3247 1290 3323 μᾶλλον
1311 3246 1328 3317 ἣ
1351 3245 1424 3324 ὗύρῑν
1440 3243 1518 3315 δῦοῆ
1540 3246 1621 3325 τριῶν
1643 3246 1833 3321 νῦμῑσμότσιι,

221 3336 268 3405 τάς
291 3337 449 3397 δὶ-κακδυ
470 3337 610 3405 αύταίςέτι
625 3339 802 3415 κοιμωμέναις
823 3340 991 3419 ἐφιστάμενοι
1050 3333 1106 3392 ἔστι
1127 3333 1202 3393 δ’ὅτε
1223 3333 1378 3393 κυὶόὅθλῶν
1391 3332 1557 3392 ‘mmmm‘
1602 3330 1639 3410 (⁴)
1662 3332 1790 3411 τρῦῖπζῑῑ
1803 3332 1831 3389 δέ

221 3424 285 3504 ένοιρ
301 3425 390 3503 ἄνδρες
401 3424 523 3504 ξιφήρεις,
536 3426 687 3504 ᾑμαγμένοι
700 3427 746 3492 τὰς
759 3434 850 3505 χεῖρας
864 3431 902 3508 τῷ
911 3427 993 3509 φόνῳ,
1049 3421 1116 3499 ὶεραὶ
1141 3424 1170 3481 έκ
1184 3421 1287 3499 βιίθρων
1308 3422 1392 3479 αύτῶν
1408 3422 1558 3479 ἀνεσπῶντο
1578 3418 1626 3477 καὶ
1643 3420 1831 3499 ἀνετρέποντο,
1895 3470 1896 3508 ,

223 3518 306 3590 θυμοῦ
319 3512 455 3586 πνέοντες,
479 3512 580 3591 φονικὸν
599 3513 751 3593 βλέποντες,
770 3514 863 3590 ἄσημοι
885 3516 995 3595 φθεγγό-
1050 3508 1134 3587 τοῖχυί
1155 3531 1183 3566 τε
1202 3513 1254 3567 τῶν
1269 3507 1375 3567 ἀόιίτων
1395 3507 1441 3566 καὶ
1455 3506 1598 3587 ἀψαύστων
1612 3506 1709 3565 τύπων
1723 3508 1834 3587 ἀνημευ-
1895 3528 1896 3603 γ

223 3621 305 3675 μενοι,
321 3597 560 3679 ἀπηρυθριασμένοι
575 3599 639 3678 πρὸς
657 3601 744 3658 πέντε
756 3600 791 3658 τά
803 3600 933 3681 χείριστα,
949 3601 996 3663 ἀτι
1050 3599 1131 3655 νῶντο
1140 3596 1185 3656 καὶ
1197 3596 1230 3655 τά
1243 3600 1294 3655 τῶν
1309 3599 1427 3673 τεμενῶν
1436 3596 1494 3675 ίερά
1509 3595 1555 3668 έδη
1568 3596 1738 3675 ἀνωρύττετό
1750 3620 1779 3655 τε
1792 3598 1834 3655 καὶ
1895 3604 1896 3657 ί

222 3690 319 3759 πλῆθος
332 3686 475 3763 ξύμμικτον
492 3686 578 3761 ὄντες,
590 3690 620 3746 ἐκ
633 3690 729 3755 παντὸς
741 3688 827 3756 έθνους
842 3689 887 3749 καὶ
902 3691 995 3767 γένους
1050 3684 1247 3759 κατεσκάπτετο
1271 3684 1314 3744 ἰπὶ
1335 3684 1442 3759 ζητήσει
1460 3689 1573 3765 χρυσοῦ,
1599 3684 1670 3743 ἀλλα
1698 3707 1729 3743 τε
1751 3686 1834 3743 παλλά

223 3774 269 3834 καὶ
290 3774 372 3855 τύχης
398 3774 603 3854 ξυνειλεγμένοι,
622 3775 713 3854 ῶσπερ
737 3779 813 3855 θῆρες
842 3776 927 3857 ἄγριοι
949 3778 995 3836 καὶ
1049 3778 1157 3832 τοιαῦτα
1173 3774 1311 3849 ἐτολμᾶτο.
1895 3764 1896 3777 ¹

223 3861 349 3942 ἀνήμεροι
376 3864 539 3935 ἐσπηδῶντας
568 3865 594 3931 ἐς
614 3862 660 3929 τάς
684 3862 767 3931 οἰκίας
797 3862 841 3923 καὶ
874 3862 995 3942 σύροντες
1090 3860 1196 3923 ΙιΧὶὶΙ.
1212 3863 1247 3923 Οὶ
1262 3861 1287 3922 δέ
1301 3862 1343 3921 έπὶ
1357 3862 1501 3939 τόύέτέρου
1514 3860 1616 3941 τείχους
1629 3863 1831 3937 τεταγμένοισι

222 3952 302 4023 ὠμῶς
309 3994 320 4026 ,
335 3948 467 4022 ἕλκοντες,
492 3949 707 4028 σπαρόσσοντες,
732 3951 897 4030 βιαζόμενοι,
920 3951 994 4011 ἀποί-
1048 3949 1094 4009 καὶ
1108 3951 1252 4029 μαχόμενοι
1266 3949 1334 4008 κατά
1348 3954 1396 4027 γῆν
1413 3973 1441 4009 τε
1461 3950 1506 4008 καὶ
1526 3950 1665 4008 θάλασσαν
1692 3953 1832 4031 δυστυχεῖς

221 4058 309 4114 γοντες
330 4038 463 4116 αἰσχρῶς,
482 4039 589 4097 ἐπὶτῶν
610 4038 717 4117 τριόδων
736 4037 881 4118 ύόρίζοντες
900 4038 946 4098 καὶ
967 4038 994 4097 τί
1048 4036 1180 4114 Ῥωμαῖοι
1192 4038 1338 4112 νομίζοντες
1352 4042 1405 4103 σῶν
1423 4026 1490 4095 εἶναι
1507 4036 1556 4109 τὴὶ
1580 4038 1657 4097 πόλιν
1673 4040 1723 4096 καὶ
1739 4045 1831 4099 κακῶν

224 4123 306 4183 δεινόν
319 4124 378 4201 ούχὶ
389 4128 534 4191 ποιοῦντες·
549 4124 614 4205 φασί
631 4125 662 4202 γέ
677 4147 718 4183 τοι
735 4123 834 4191 πολλδις
847 4127 933 4184 αὐτῶν
948 4124 994 4184 καὶ
1050 4128 1139 4196 ἀπαθῆ
1153 4124 1199 4183 καὶ
1212 4125 1308 4191 παῖδας
1321 4126 1366 4181 καὶ
1381 4125 1505 4201 γυναῖκας
1516 4123 1664 4203 ἐλευθέρους
1678 4126 1687 4201 ζ
1699 4126 1764 4183 οὐδὲ
1778 4128 1828 4203 γάρ

192 4281 196 4289 Ι
222 4208 286 4288 πρός
299 4208 381 4287 μόνην
397 4209 465 4282 ἀήθη
481 4209 529 4281 τὴν
541 4212 601 4271 θέαν
612 4234 640 4271 τε
652 4213 698 4271 καὶ
710 4212 792 4284 ἀκοὴν
801 4212 899 4272 τούτων
914 4235 996 4272 κατα·
1049 4213 1144 4293 ᾔδεσόν
1161 4236 1202 4271 πω
1216 4212 1249 4270 τδε
1262 4210 1552 4290 γενόμενα),·εύρόιστως
1567 4234 1595 4269 τε
1609 4214 1777 4289 ἠγωνίζοντο
1789 4218 1831 4271 καὶ

222 4295 366 4375 πλαγείσας
381 4297 456 4376 έγγύς
469 4299 551 4356 ἐλθεῖν
561 4300 663 4379 ἀφεῖναι
678 4301 723 4358 καὶ
734 4300 782 4371 τὴν
790 4299 888 4382 ψυχήν·
906 4302 939 4383 (ε)
956 4300 993 4359 ἔτι
1050 4299 1115 4376 μετά
1129 4298 1218 4379 ῥώμης
1231 4299 1359 4373 ἠμύνοντο
1378 4298 1437 4364 τοὶς
1449 4299 1567 4365 ἐπιόντας
1580 4300 1626 4357 καὶ
1648 4303 1831 4366 ἀπεωθοῦντο,

248 4557 272 4602 2.
283 4550 522 4616 προστυγχανόντων]
535 4552 570 4601 τῖε
581 4566 614 4602 m.
633 4554 808 4617 1ςέγτυγχ.ειι.
820 4561 841 4606 1-
860 4557 870 4619 ΙΙ
883 4555 942 4619 -§
957 4564 979 4607 5.
992 4556 1146 4621 ξυνωμοσίας]
1158 4555 1296 4619 αυυοματίας
1305 4552 1392 4613 codex,
1402 4553 1512 4616 utsupra
1520 4565 1542 4601 c.
1555 4556 1596 4602 5².
1608 4549 1654 4615 Ι-
1667 4553 1683 4615 §
1697 4552 1768 4610 5τάς
1777 4556 1830 4605 οὲ..

221 4621 370 4684 κακόνοια]
384 4624 512 4671 structura
522 4623 681 4683 grammatica
692 4624 716 4673 in
729 4625 840 4676 oratione
852 4626 935 4676 νῖτῖιὶα
940 4626 1079 4691 negligitur.
1095 4627 1105 4691 ΙΙ
1117 4654 1149 4663 -
1162 4626 1244 4687 ἄσημα
1258 4623 1422 4688 φθεγγόμενοι]
1434 4624 1494 4672 flaec
1505 4622 1631 4672 adduntur
1642 4623 1667 4673 in
1680 4626 1805 4688 Μαΐου·
1819 4642 1829 4687 ιι

221 4716 251 4726 -
263 4688 351 4754 δεινὸν]
362 4692 435 4741 κακόν
449 4703 542 4753 margo.
559 4691 636 4755 Η
651 4699 674 4741 θ.
687 4695 803 4758 ὀλολυγῇ]
818 4696 855 4745 τῖε
866 4710 900 4745 m.
912 4702 936 4759 2,
950 4696 1075 4759 ἀλαλαγμῷ
1084 4710 1118 4747 m.
1137 4702 1157 4747 1.

253 4761 330 4811 an.
346 4760 361 4825 §
380 4764 402 4810 1.
416 4760 533 4823 Ἇμφόδων
554 4762 697 4826 έρριπτεῖτο]
712 4763 748 4813 εἰει
758 4778 792 4813 m.
807 4771 830 4825 2,
841 4766 864 4815 ἀ,
877 4767 995 4830 ἐρρίπτετο
1009 4780 1043 4816 m.
1057 4771 1079 4816 1.
1097 4766 1108 4829 ΙΙ
1121 4792 1152 4803 -
1163 4767 1178 4832 §
1190 4774 1213 4817 2.
1228 4764 1400 4831 χωνευόμενοι]
1415 4782 1466 4829 χον.
1477 4764 1532 4815 eod.
1548 4764 1574 4814 h.
1589 4764 1606 4815 l.
1617 4768 1645 4815 αὶ
1654 4778 1716 4816 mox
1727 4766 1828 4817 iterum.

224 4828 234 4881 δ
257 4855 288 4866 -
303 4830 468 4895 ποντροτάτοες
480 4830 556 4895 ἀνδρ.]
569 4832 693 4889 Ἰουδαίοις
705 4846 770 4896 lngo.
787 4833 798 4895 ΙΙ
812 4860 842 4869 -
855 4834 933 4896 βίδλοι
944 4835 1011 4899 σία]
1026 4836 1066 4885 Cf.
1081 4838 1164 4886 Dueas
1173 4850 1200 4899 p.
1211 4842 1266 4898 312,
1280 4840 1307 4887 ¹4
1323 4855 1329 4885 τ
1344 4837 1387 4891 τάς
1398 4837 1423 4885 δί
1439 4838 1532 4899 βῖάλους
1547 4834 1643 4893 ἀντάσας
1653 4836 1715 4899 ὑπὲρ
1731 4838 1830 4900 ἀριθμόν

221 4900 406 4962 ύπιρδαινούσας
420 4909 473 4957 ταῖς
483 4902 581 4963 ἀμάξαις
592 4903 775 4965 φορτηγήσαντις
787 4904 927 4967 ἁπανταχοῦ
941 4904 965 4953 ὶν
974 4910 1003 4967 τῇ
1022 4905 1124 4969 ἀνατολῇ
1142 4908 1182 4955 καὶ
1194 4908 1259 4956 δύσει
1275 4906 1419 4970 διέσπειραν·
1442 4906 1472 4954 δι’
1494 4906 1543 4959 ἐνὸς
1557 4904 1707 4966 νομίσματος
1718 4906 1779 4955 δέκα
1797 4910 1830 4970 βί-

222 4968 273 5018 δλοι
285 4969 471 5035 ἐπιπράσκοντο,
484 4970 680 5036 Ἀριστοτελικαὶ,
697 4973 857 5034 Πλατωνικαὶ,
870 4974 1004 5033 θεολογικαὶ
1018 4977 1058 5023 καὶ
1074 4974 1130 5025 ἄλλο
1141 4981 1189 5025 πᾶν
1207 4975 1267 5033 εὶθος
1284 4974 1377 5038 βῶλον
1391 4974 1515 5043 εὐαγγέλια
1528 4973 1589 5035 μετὰ
1602 4974 1697 5037 κόσμου
1714 4978 1829 5026 παντοίαν

222 5038 281 5102 ὑπὲρ
298 5041 393 5104 μέτρον,
407 5038 557 5097 ἀύασπῶντες
571 5042 611 5090 τόν
623 5042 709 5104 χρυσόν
723 5044 763 5090 καὶ
773 5043 934 5106 τὸνάρνυρον,
946 5042 998 5093 ἀλλ’
1007 5044 1128 5107 ἐπώλουν,
1144 5044 1195 5095 ἀλλ’
1211 5044 1325 5109 ἔρριπτον.

252 5108 338 5158 Lxlll.
360 5109 399 5160 cr.
411 5112 527 5175 ὓυοεορ.
539 5115 593 5174 29⁴,
606 5110 793 5175 ΟθεΙεοοοινάγΙ.
808 5126 833 5176 p.
846 5114 901 5163 397.
