3809 5859
406 344 658 409 MECHEMETIS
679 344 808 407 ANNUS
828 346 890 407 xn.
910 348 991 408 6970
1013 344 1199 423 (uel-1462
1221 345 1257 407 Ρ.
1274 342 1327 423 0.).
1608 344 1684 407 145.

58 509 73 535 τ
89 478 163 557 Ἐμί
174 482 220 552 τῆς
230 477 330 545 πόλεως
341 476 440 548 ταύτης
452 476 647 548 κοίτῶϊοῦτῆτ
658 476 801 555 οἰκητόρων
815 479 844 537 ἐν
897 477 981 555 inei<
995 480 1021 544 ἐς
1036 474 1130 557 τριήρη
1145 481 1299 556 περαιοῦται
1314 474 1360 537 καλ
1374 472 1451 542 αὖτδς
1465 476 1491 541 ἐς
1506 473 1553 545 τήν
1572 478 1666 547 νῆσον,

56 566 210 633 τοσαύταις
218 566 347 647 περιόδοις
357 568 423 625 ἐτῶν
437 562 574 634 ἐκδικητὴν
587 561 739 641 ἐταμιεύετο
749 566 764 621 δ
775 563 844 630 θεός·
896 565 942 624 καί
954 564 1134 644 ξυγγενόμενος
1148 563 1337 645 Μαχουμούτεε
1350 564 1505 621 πυνθάνεται
1525 562 1585 644 περὶ
1598 562 1667 623 πάν·

58 654 256 735 ἐχειρωσάμην
268 652 319 730 γδρ
332 651 391 719 τούς
405 658 501 711 τούτων
512 649 628 729 ἐχθροὺς,
642 649 689 709 καλ
699 649 746 716 τδις
754 649 843 717 παλαις
896 675 957 712 των·
974 652 1065 712 ἔπειτα
1081 652 1254 731 παριππεύων
1267 650 1425 711 κατεσκόπει
1439 649 1486 721 τήν
1498 651 1584 723 πολιν,
1594 651 1627 711 τά
1639 675 1667 710 τε

60 746 160 803 αὐτῶν
183 742 334 823 ἐπόρθησα,
351 740 397 799 καί
418 742 520 801 Μυσῶν
531 738 604 797 λείαν
618 736 653 795 τὰ
673 736 771 795 τούτων
786 761 842 797 πε-
897 740 1017 819 ἐπίμαχα
1029 739 1075 798 καὶ
1085 740 1216 824 ιἰπόμαχα
1227 730 1324 811 ταύτής
1336 736 1405 798 κατδι
1414 741 1463 816 γῆν
1475 761 1504 798 τε
1517 738 1668 799 καλθιίλασ-

59 831 199 907 ποίημαε.
239 828 372 900 ’Έλληνες
389 825 440 906 γδρ
463 818 531 898 ήσαν
549 826 596 885 καλ
619 825 778 884 Μακεδόνων
797 824 844 884 καί
898 850 964 904 σαν,
976 829 1022 887 καί
1033 826 1134 886 κελεύει
1145 825 1192 899 τλν
1205 825 1329 907 στρατιδιν
1344 824 1513 886 ἐκτάττεσθαι
1524 835 1613 886 πᾶσαν
1623 826 1668 885 καί

59 916 205 978 θετταλσί
219 914 265 974 καί
279 912 485 984 Πελοποννήσιοι
497 914 522 971 σί
535 908 637 984 ταύτην
650 910 737 969 πάλαι
749 910 849 989 πορθή·

61 1027 179 1078 σαντες,
191 992 228 1063 ῶν
245 988 403 1078 οίλίπόγονοι
412 996 552 1064 τοσαύταις
561 1001 587 1065 ἐς
596 997 704 1077 ὕστερον
714 997 844 1078 περιόδοις

60 1093 264 1153 δνιαυτῶν“.νῦν
279 1086 338 1165 ἐμοὶ
357 1087 406 1158 τήν
426 1084 500 1157 δίκην
522 1084 667 1157 ἀπέτισαν,
686 1084 729 1141 διά
750 1107 777 1143 τε
798 1083 845 1154 τήν

59 1179 132 1241 τότε
155 1180 182 1244 ἐς
203 1175 262 1243 τοίνς
276 1173 407 1241 Ἀσιανοίις
428 1178 500 1249 ἡμᾶς
522 1172 569 1231 καλ
590 1169 715 1238 πολλάκις
737 1170 844 1251 ὕστερον

61 1266 147 1347 ῧόριν
162 1265 258 1323 αύτῶν.
275 1289 288 1313 ν

116 1355 188 1419 ΧΙΙ.
204 1348 352 1429 Ὀρμηθείς
365 1338 411 1407 σύν
430 1349 527 1405 ἐκεῖθεν
542 1346 651 1425 ἄφίκετο
669 1344 713 1405 ἐπὶ
727 1344 843 1417 Λεκτόν,

62 1445 193 1504 κάκεῖθεν
220 1436 284 1517 ἄρας
304 1432 540 1517 στρατοπεδεύεται
567 1432 610 1491 ἐπὶ
632 1438 680 1505 τῆς
706 1434 846 1513 ἀντιπέραν

63 1529 184 1615 ἠπείρου
195 1528 243 1597 τ’ής
254 1523 371 1597 Λίσόου,
384 1519 544 1601 καταντικρύ
558 1520 721 1594 Μιτυλήνης.
735 1524 847 1600 Μαχου-

65 1618 175 1694 μούτης
194 1612 223 1672 δλ
246 1611 367 1690 ἀναχθείς
390 1615 421 1671 ἐκ
456 1608 674 1675 Καλλιουπόλεως
698 1609 790 1668 παντίΙ
807 1610 845 1687 τῷ

65 1706 175 1790 στόλῳ,
189 1700 266 1760 ναυσί
281 1698 439 1772 διακοσίαις,
451 1698 566 1778 τριταῖος
581 1696 700 1776 καταίρει
716 1698 742 1763 ἐς
755 1699 846 1758 Μιτυ-

64 1793 157 1867 λήνην
176 1788 223 1849 καί
244 1785 411 1852 όποόιόαίσας
432 1784 481 1856 τήν
503 1784 647 1864 στρατιὰν,
667 1783 845 1864 στρατόπεδον

64 1882 174 1951 τίθησιν
189 1878 220 1936 ού
240 1875 331 1955 πόρρω
350 1877 398 1945 τῆς
416 1873 529 1940 πολεως.
573 1873 606 1949 (ε)
626 1874 803 1942 Μιτυληναῖοι
819 1872 848 1931 δὲ

68 1969 135 2027 τότε
156 1969 260 2045 πρῶτον
294 1958 459 2041 ἐπεκδρομὴν
485 1960 659 2037 ποιησάμενοι
687 1959 733 2018 καί
766 1960 847 2035 μηδὲν

68 2056 218 2136 δράσαντες
230 2051 311 2110 πάλιν
328 2048 504 2119 ξυνελαθέντες
524 2046 575 2106 ini
595 2049 648 2107 τῶν
670 2049 783 2105 ὁπλιτῶν
802 2048 848 2129 βίορ

70 2148 102 2211 ἐς
117 2142 166 2219 τὴν
179 2141 272 2210 πόλιν,
287 2138 436 2202 κλείσαντες
449 2134 496 2203 τδις
514 2134 598 2201 πύλας
613 2133 715 2211 ἔμενον.
728 2138 846 2215 Μαχαν-

69 2232 177 2310 γκούτης
203 2226 232 2287 δέ
249 2226 340 2305 λόγους
361 2222 502 2304 προσρέρει
519 2226 622 2301 πρῶτον
640 2223 786 2288 αὐτοῖςκαὶ
809 2227 847 2303 τῶ

71 2323 149 2398 σφῶν
163 2314 291 2394 ἡγεμόνι,
310 2314 333 2371 εί
351 2314 484 2392 βούλοιντο
497 2310 657 2390 παραδόντες
677 2309 784 2378 ίαυτσὺς
800 2314 845 2371 καὶ

70 2406 126 2477 τὴν
147 2405 225 2463 πόλιν
245 2400 378 2479 ξυμόῆναι
397 2402 436 2480 τῷ
452 2400 567 2483 βασιλεῖ·
588 2402 623 2464 ῶς
637 2402 661 2455 δ’
673 2400 721 2458 σύκ
740 2398 846 2477 ἐπειθε,

71 2494 170 2569 πρῶτα
193 2487 240 2567 μίν
264 2488 348 2567 ἔκειρε
369 2484 404 2545 τδ
424 2486 474 2555 ἔξω
499 2492 545 2557 τῆς
566 2484 655 2565 χώρας
677 2485 723 2545 καί
746 2486 846 2564 ἐδῄωσε

74 2580 185 2650 πάντα,
199 2575 292 2634 ἔπειτα
310 2575 523 2656 περισταυρώσας
537 2572 585 2645 τήν
606 2573 681 2632 πόλιν
695 2574 741 2633 καί
758 2573 848 2654 κύκλῳ

73 2662 228 2748 περιλαύίνν
244 2669 281 2745 τῷ
296 2666 401 2742 στρατῶ
415 2662 461 2723 καλ
481 2660 602 2741 μηχανὰς
616 2661 759 2732 ἐπιστήσας
782 2663 846 2720 ἐπο-
864 2730 869 2743 ¹

74 2754 192 2833 λιόρκει,
208 2751 255 2811 καί
268 2757 313 2811 τοῦ
328 2752 375 2826 μὲν
389 2748 490 2828 τείχους
504 2750 530 2805 ἐν
540 2746 568 2815 δξ
581 2747 599 2818 ἢ
614 2748 682 2805 έπτδι
694 2751 752 2814 ταῖς
775 2746 847 2815 ὅλαις

73 2842 189 2921 ἡμέραις
209 2839 345 2899 κατέσεισε
366 2838 412 2896 καί
437 2835 593 2916 κατέρριψεν
614 2838 661 2894 οὐκ
681 2836 767 2913 ὀλίγον
790 2840 848 2904 ταῖς

75 2929 224 3008 μηχαναῖς.
268 2929 301 3006 (τ)
317 2928 352 2984 Οί
364 2926 392 2985 δέ
407 2928 434 2984 ἐν
446 2928 479 2999 τῇ
493 2923 568 2982 πολεε
581 2925 616 2989 ῶς
630 2913 697 2981 εἶδον
715 2922 746 2982 τὸ
763 2926 849 3001 τεῖχος

70 3013 299 3097 κατερριμμένον,
309 3012 416 3091 κεραίας
426 3010 543 3090 μεγάλας
554 3008 731 3087 ἐπαγαγόντες
740 3010 785 3069 καί
799 3034 848 3071 πε·

76 3103 304 3185 ρισταυρόισαντες
313 3099 376 3158 αθτδ
385 3097 479 3157 δσωθέν
488 3120 517 3156 τε
528 3095 574 3155 καὶ
584 3094 684 3166 ἐξωθεν,
692 3094 736 3153 καί
745 3099 795 3172 γῆν
803 3097 860 3155 καὶ’

69 3192 144 3265 ύλην
159 3192 241 3262 άλλην
253 3188 324 3248 ένδον
337 3184 541 3267 ἐπιφορήσαντες
552 3184 683 3261 ἐμάχοντο
698 3181 741 3241 ἐπ’
755 3184 848 3245 αὐτοῦ.

76 3283 116 3359 (ε)
158 3277 286 3345 Βασιλεύς
312 3276 354 3349 δέ,
374 3274 457 3354 πέραν
478 3272 532 3332 ἀπὸ
550 3276 595 3330 τοῦ
612 3270 790 3349 στρατοπέδου
814 3270 848 3329 τδι

74 3367 201 3447 δρώμενα
215 3368 338 3439 σκοπῶν,
353 3362 439 3422 οὐκέτι
452 3362 557 3439 μέλλειν
572 3359 638 3440 ᾤετο
652 3360 722 3437 δεῖν,
737 3361 796 3417 ἄλλ’
811 3364 847 3427 ὡς

78 3458 192 3535 τάχιστα
215 3450 435 3535 παρασκευφστέα
457 3442 486 3511 σί
505 3442 572 3510 είναι
586 3449 666 3508 παντί
685 3451 723 3529 τῷ
743 3452 848 3529 στρατῷ

898 913 945 981 τδις
958 914 1071 996 τριήρεις
1080 915 1241 990 ὁπλίζεσθαι,
1252 920 1287 981 ὡς
1299 914 1351 976 ἀπὸ
1366 913 1499 986 θαλάσσης
1506 916 1670 993 προσόαλού-

900 1025 948 1070 σας
963 1006 992 1062 ἐκ
1006 1008 1052 1061 τοῦ
1064 1006 1178 1081 λιμένος.
1223 1003 1253 1082 (ο)
1269 1004 1317 1065 Ἐν
1331 1002 1414 1085 τούτῳ
1429 1002 1456 1061 δὲ
1468 1006 1492 1061 οἱ
1505 1006 1530 1063 ἐν
1547 1008 1580 1083 τῇ
1595 1004 1670 1065 πόλει

899 1089 966 1147 καλό
982 1088 1082 1149 τούτων
1093 1091 1198 1169 ἡγεμὼν
1203 1095 1255 1169 ,ῶς
1264 1083 1330 1149 εἶδον
1343 1090 1387 1150 τόν
1401 1113 1429 1150 τε
1440 1090 1552 1169 βασιλέα
1559 1114 1672 1171 περαιω·

902 1177 977 1241 δόντα
991 1176 1036 1236 καί
1051 1177 1100 1251 τλν
1115 1179 1241 1259 στρατεδιν
1254 1179 1522 1260 παρασκευαζομένην
1538 1179 1607 1238 κατδι
1619 1185 1668 1259 γῆν

897 1288 927 1325 τε
944 1265 990 1325 καί
1013 1264 1147 1325 θάλασσαν
1172 1269 1259 1333 αὐτοῖς
1282 1266 1457 1346 προσόαλεῖν,
1479 1265 1610 1334 δείσαντες
1633 1268 1670 1343 μή

899 1353 973 1425 εύθύς
985 1352 1148 1433 ἀνάρπαστον
1165 1353 1293 1433 γίνωνται
1314 1352 1359 1433 βίορ
1382 1361 1436 1421 τοῖς
1456 1351 1545 1421 δπλοις
1563 1355 1669 1424 ἁλόντες

902 1442 949 1522 (τό
964 1438 993 1501 τε
1006 1441 1057 1522 γδερ
1068 1449 1154 1520 τεῖχος
1168 1442 1256 1522 έιύρων
1279 1441 1485 1521 κατερρεμμένον
1499 1449 1557 1509 ταῖς
1579 1468 1670 1521 μηχα·

899 1534 970 1608 ναῖς,
984 1536 1028 1589 τοῦ
1048 1553 1078 1589 τε
1099 1536 1213 1608 στρατοῦ
1230 1529 1261 1591 τὸ
1275 1531 1371 1602 πλῆθος
1392 1528 1498 1609 ἄπειρόν
1517 1554 1546 1589 τε
1559 1530 1604 1590 καί
1619 1537 1672 1612 ῥω-

900 1622 999 1694 μαλέον
1019 1618 1064 1676 καὶ
1080 1618 1263 1731 κατάφρακτον
1278 1616 1348 1675 άπαν
1366 1618 1414 1689 τήν
1431 1641 1460 1677 τε
1480 1622 1526 1677 τοῦ
1542 1620 1670 1696 βασιλέως

899 1706 984 1786 ὁρμήν
999 1706 1130 1765 ἀνένδοτον
1146 1729 1238 1783 ουσαν,
1250 1708 1286 1772 ῶς
1296 1705 1349 1763 ούδ
1365 1704 1413 1779 δν,
1426 1705 1450 1764 εἴ
1462 1730 1488 1764 τι
1503 1706 1549 1765 καί
1560 1707 1672 1787 γένοιτο,

901 1799 949 1865 τῆς
968 1794 1048 1865 νήσου
1073 1796 1239 1867 ἀποστῆναι,
1267 1795 1289 1849 εί
1313 1792 1350 1870 μὴ
1374 1792 1472 1863 ταύτην
1500 1795 1605 1872 αίρήσει
1630 1792 1694 1855 τε·Ι

901 1881 1004 1959 λείοις),
1021 1880 1156 1957 πέμπουσι
1170 1880 1284 1958 κήρυκα,
1296 1878 1435 1947 ἐνδιδόντες
1449 1881 1557 1949 ἑαυτούς
1570 1884 1615 1942 καὶ
1625 1884 1672 1957 τήν

899 1969 976 2029 πόλιν
1001 1972 1040 2047 τῷ
1065 1970 1185 2045 βασιλεῖ,
1216 1968 1262 2027 καὶ
1292 1966 1347 2043 άμα
1379 1967 1494 2045 δεόμενοι
1522 1968 1674 2047 ξυγγνώμης

901 2062 1005 2135 τυχεῖν,
1034 2054 1074 2113 δτι
1102 2052 1139 2130 μὴ
1163 2051 1236 2119 εὐθύς
1259 2051 1468 2134 προσεχώρησαν
1503 2053 1671 2132 καλούμενοι.
1699 2056 1704 2067 ’

906 2146 937 2218 (τί
981 2142 1034 2203 Καὶ
1046 2145 1060 2200 ό
1074 2139 1195 2220 βασιλεὺς
1207 2141 1312 2219 δέχεται
1329 2138 1434 2208 τούτους
1453 2140 1499 2199 καί
1515 2141 1605 2201 δίδωσι
1625 2145 1672 2201 αὖ·

900 2230 953 2297 τοῖς
973 2230 1007 2288 τδι
1027 2229 1122 2288 πιστά·
1139 2232 1172 2303 σί,
1183 2228 1212 2287 δὲ
1232 2228 1409 2301 Μιτυληναῖοι
1421 2226 1504 2295 ἐξίασι
1515 2232 1562 2300 τῆς
1575 2232 1674 2297 πόλεως

901 2316 968 2394 μετὰ
982 2322 1027 2375 τοῦ
1036 2321 1108 2397 σφῶν
1118 2317 1243 2393 ἡγεμόνος
1251 2314 1297 2374 καί
1304 2314 1530 2394 προσκυνήσαντες
1542 2316 1586 2375 τδν
1598 2322 1674 2395 βασι·

900 2404 948 2465 λέα
965 2402 1142 2483 παραδιδόασι
1152 2401 1250 2471 ταύτην
1262 2403 1342 2482 αὐτῷ.
1361 2399 1395 2461 Ὁ
1409 2398 1436 2460 δέ
1447 2401 1552 2483 δέχεται
1567 2403 1672 2471 τούτους

903 2490 1009 2571 ἡμέρως
1024 2490 1071 2549 καί
1094 2490 1215 2569 δωρεῖται
1229 2488 1386 2570 φιλοτίμως·
1402 2477 1492 2547 ίπειτα
1516 2490 1628 2550 ἐσελθὼν
1647 2494 1672 2558 ές

902 2579 950 2649 τλν
968 2579 1045 2637 πολιν
1060 2575 1184 2639 ἐθεάσατο
1195 2584 1283 2635 πᾶσαν
1304 2576 1408 2648 καλῶς,
1433 2576 1480 2634 καλ
1500 2576 1583 2645 ἔδοξεν
1599 2578 1671 2655 αὐτῷ

901 2666 998 2746 ἐρίστη
1013 2690 1042 2725 τε
1054 2664 1110 2742 ἅμα
1123 2664 1168 2723 καὶ
1191 2663 1330 2735 καλλίστη.
1348 2659 1463 2724 Ἠκουσι
1479 2664 1505 2723 δὲ
1518 2664 1563 2723 καί
1575 2667 1600 2723 οί
1617 2666 1671 2724 όπδ

902 2759 954 2814 τῶν
975 2752 1062 2812 ἄλλων
1093 2751 1220 2833 φρουρίων
1244 2750 1290 2811 καί
1317 2753 1504 2829 πολισμάτων,
1534 2752 1672 2819 ἐνδιδόντες

904 2839 1011 2907 έαυτοίις
1024 2839 1071 2899 καί
1084 2840 1117 2899 τόι
1131 2839 1253 2919 φρούρια.
1280 2837 1312 2918 (α)
1356 2838 1482 2905 Βασιλεύς
1505 2840 1531 2897 δὲ
1546 2838 1673 2919 τέσσαρας

902 2928 965 2994 δλας
978 2928 1078 3006 ἡμέρας
1099 2930 1125 2986 ἐν
1148 2932 1180 3007 τῇ
1205 2925 1278 3007 νήσῳ
1293 2924 1425 3004 διαγαγὼν
1440 2926 1485 2984 καὶ
1510 2927 1670 3004 θεασάμενος

904 3015 986 3085 αύτλν
1005 3016 1051 3073 καὶ
1069 3012 1105 3072 τόν
1124 3016 1149 3071 έν
1165 3015 1231 3093 αὐτῇ
1246 3014 1351 3085 πάντα,
1375 3016 1420 3072 καὶ
1442 3012 1580 3088 θαυμάσας
1594 3017 1625 3073 τό
1645 3038 1674 3073 τε

904 3100 1012 3179 μέγεθος
1032 3098 1078 3159 καί
1098 3099 1193 3167 κάλλος
1221 3102 1301 3170 αὐτῆς
1322 3100 1367 3158 καὶ
1388 3100 1436 3169 τήν
1458 3100 1539 3172 ἄλλην
1561 3105 1607 3172 τῆς
1626 3106 1675 3180 γῆς

903 3190 997 3270 ἀρετὴν
1020 3188 1065 3247 καλ
1088 3188 1269 3262 κατασκευὴν,
1285 3181 1356 3253 αύθες
1369 3187 1452 3265 ἐμόδς
1473 3191 1498 3256 ές
1517 3189 1610 3269 τριήρη
1625 3213 1674 3247 πε-

904 3280 1022 3355 ραιοῦται
1037 3278 1061 3343 ἐς
1070 3273 1101 3334 τδ
1112 3275 1297 3354 στρατόπεδον,
1311 3273 1465 3334 καταλιπδεν
1475 3276 1673 3355 Μαχουμούτια

901 3362 1035 3422 διαθέσθαι
1049 3356 1082 3422 τό
1097 3362 1168 3421 κατδι
1182 3362 1229 3435 τήν
1239 3362 1314 3422 πόλιν
1326 3364 1372 3423 καί
1382 3362 1430 3436 τήν
1445 3366 1523 3434 νῆσον
1530 3408 1539 3435 ,
1551 3367 1587 3431 ὡς
1596 3384 1675 3444 προσ·

903 3451 1012 3529 ετάχθη.
1053 3453 1084 3528 (ολ
1098 3449 1132 3511 Ὁ
1153 3450 1180 3509 δὲ
1208 3450 1306 3519 πάντας
1319 3450 1377 3517 τούς
1395 3453 1421 3510 ἐν
1442 3454 1475 3530 τῇ
1499 3453 1575 3510 πολει
1596 3445 1674 3519 ξυνα-

75 3544 126 3602 mi
140 3544 214 3621 πάσῃ
229 3542 335 3617 δυνάμει
349 3539 508 3620 προαόαλείν
522 3543 555 3618 τῇ
570 3536 661 3611 πόλει,
676 3541 712 3604 ὡς
728 3535 849 3596 αύτοδοελ
902 3536 1011 3615 γαγὼν,
1033 3537 1127 3618 ἄνδρας
1146 3538 1175 3596 τί
1198 3561 1266 3619 φημι
1280 3540 1325 3597 καλ
1349 3546 1474 3615 γυναῖκας
1495 3537 1541 3597 καλ
1559 3540 1671 3609 παῖδας,

75 3631 178 3701 ταύτην
197 3628 328 3711 αἱρήσειν·
346 3627 391 3685 καί
409 3625 502 3684 αὐτίκα
521 3624 621 3684 κελεύει
636 3624 798 3691 διαόιόάζειν
820 3627 845 3689 ἐς
906 3626 998 3683 διεῖλεν
1017 3628 1042 3691 ἐς
1067 3625 1159 3705 μοίρας
1176 3634 1260 3705 τρεῖς,
1276 3624 1321 3683 καὶ
1340 3624 1387 3695 τήν
1403 3624 1451 3702 μὲν
1471 3623 1579 3703 πρώτην
1602 3624 1674 3684 εἴασε

73 3718 127 3790 τήν
145 3721 223 3789 νῆσον
244 3717 292 3788 τὴν
309 3713 436 3793 στρατιδιν
458 3713 503 3771 καί
521 3712 551 3769 τό
577 3710 710 3769 ὁπλιτικὸν
725 3709 794 3767 όταν
809 3709 847 3766 ότι
907 3711 993 3788 μένειν
1010 3711 1053 3770 ἐπὶ
1067 3717 1114 3783 τῆς
1125 3712 1227 3779 πόλεως
1240 3714 1285 3772 καί
1304 3720 1433 3771 κατοικεῖν
1449 3712 1541 3784 αὐτὴν,
1565 3712 1674 3790 ἔχοντας

75 3806 201 3885 τάχιστα.
228 3805 282 3863 Καί
302 3806 326 3860 οἱ
348 3800 395 3878 μέν
425 3799 565 3861 διέόαινον.
609 3798 648 3879 (ε)
675 3797 802 3863 Βασιλεὺς
824 3798 846 3854 δΙ
905 3797 951 3857 καί
966 3798 1121 3876 νεμομένους
1136 3800 1169 3857 τδι
1189 3803 1304 3871 ἑαυτῶν,
1318 3801 1362 3857 καί
1383 3800 1426 3857 τὀν
1449 3799 1593 3876 εἰθισμένον
1614 3800 1674 3869 ε’τη-

290 3938 294 3950 ,
527 3936 531 3941 .

109 4042 163 4092 xu.
179 4041 195 4105 §
215 4046 236 4091 ¹.
248 4042 301 4090 Ἐπὶ
313 4045 353 4097 τῆς
364 4036 500 4101 ἀντιπέραν]
512 4036 544 4085 ad
557 4035 655 4098 λίσσετο
664 4071 671 4094 ,
681 4035 711 4082 ut
723 4036 806 4083 Ducas
822 4037 847 4085 σί
860 4034 980 4084 Seadedd.
995 4034 1005 4098 ΙΙ
1017 4062 1049 4071 -
1058 4036 1201 4100 διακοσίαις]
1219 4037 1297 4085 classe
1309 4036 1443 4086 triremium
1460 4042 1498 4097 25,
1513 4035 1618 4085 aliarum
1633 4050 1675 4085 na-

73 4116 145 4164 vium
160 4112 211 4162 iere
224 4114 337 4171 centum,
359 4122 410 4160 sec.
427 4108 511 4159 Chalc.
525 4120 547 4157 α.
565 4110 620 4165 523,
633 4107 656 4154 7.
678 4106 755 4152 Ducae
768 4117 884 4155 numeros
903 4104 960 4154 vide
977 4106 1001 4155 in
1021 4108 1070 4155 not.
1087 4105 1119 4155 ad
1138 4120 1190 4170 οερ.
1210 4112 1246 4156 11.
1266 4105 1277 4170 11
1293 4108 1377 4165 -εην
1393 4104 1520 4169 στρατιὰν]
1539 4120 1573 4155 m.
1589 4111 1612 4163 2,
1628 4108 1669 4154 τὸν

72 4183 175 4246 στρατὸν
198 4193 232 4230 m.
253 4186 274 4230 1.
293 4180 303 4243 ΙΙ
319 4179 379 4241 -§
401 4185 424 4227 2.
442 4179 494 4235 ἒξῆ
514 4176 574 4225 ἑπτὰ
597 4170 760 4236 ωο.]λ1ίιεε
781 4187 834 4225 εεειι
853 4178 938 4224 namt
957 4178 1047 4225 Ducis.
1066 4177 1120 4227 Sec.
1143 4176 1209 4228 hunc
1227 4177 1392 4228 Mechemetes
1409 4176 1435 4225 in
1452 4174 1558 4225 insulam
1574 4177 1673 4240 trajecit

74 4257 135 4303 anie
148 4254 253 4315 σωρίτην
261 4250 419 4301 obsidionem.
436 4248 545 4312 Περάσας
560 4244 616 4305 οὖν,
630 4244 723 4305 inquit,
740 4246 872 4308 δτόραννος
884 4246 931 4293 ἀπὸ
945 4251 986 4293 τοῦ
1007 4246 1172 4309 Ἀγιασματίου
1187 4248 1226 4296 καὶ
1243 4247 1344 4303 ζητήσας
1357 4246 1399 4305 τήν
1414 4244 1481 4295 πόλιν
1493 4245 1537 4295 σὺν
1552 4250 1581 4308 τῇ
1597 4244 1673 4307 νήσῳ,

80 4324 222 4386 ἀπεκρίνατο
237 4324 252 4369 δ
265 4320 519 4376 ΝικόλαοςΙΟὺκίστε
542 4317 639 4365 δυνατόν
657 4315 800 4376 παραδοῦναι
818 4316 859 4372 τὴν
879 4314 945 4363 πόλιν
961 4314 1000 4363 καὶ
1018 4316 1059 4373 τήν
1083 4322 1169 4375 νῆσον,
1189 4318 1209 4363 εῐ
1227 4316 1260 4376 μὴ
1274 4320 1366 4378 πρῶτον
1383 4313 1449 4363 αὐτοὶ
1467 4316 1589 4376 πολεμικῷ
1608 4315 1673 4377 νόμῳ

28 4385 30 4388 ’
77 4394 256 4449 κτανθὴσσνεαι.
271 4411 283 4434 ιε
298 4390 359 4439 Τότε
372 4391 440 4437 πόλιν
452 4390 493 4445 τὴν
504 4387 602 4451 περαίαν
615 4384 697 4439 διαόὰς
710 4386 723 4431 ό
743 4384 852 4446 τύραννος
863 4388 940 4441 ἀφῆκε
950 4386 990 4433 τὸν
1004 4386 1077 4433 αὐτοῦ
1093 4386 1183 4449 βεζύριν
1197 4386 1317 4447 Μαχμοὺτ
1330 4389 1372 4432 τοῦ
1385 4386 1514 4445 πολιορκεῖν
1529 4386 1670 4442 Μιτυλήνην.

80 4465 127 4512 Καὶ
142 4464 170 4519 δὴ
186 4463 226 4516 τὰς
239 4461 390 4523 πετραόόλους
406 4460 490 4514 σκευᾶς
506 4456 600 4515 ἀντικρύ
612 4455 766 4515 παραστήσας
786 4457 825 4504 καὶ
842 4455 988 4516 πετροόολῶν
1000 4458 1027 4505 τὸ
1044 4457 1068 4504 ἓν
1086 4459 1153 4519 μέρος
1165 4457 1206 4513 τὴς
1223 4455 1313 4510 πόλεως
1329 4456 1356 4504 τό
1375 4452 1500 4515 λεγόμενον
1518 4455 1674 4503 Μελανούδιαν

80 4537 142 4583 κατὰ
161 4538 203 4593 γῆς
221 4533 329 4595 ἔρριψεν,
341 4530 428 4594 ὁμοίοις
449 4531 489 4578 καί
509 4529 533 4585 ἐξ
552 4529 628 4576 ἀλλων
647 4530 722 4587 μερῶν
741 4526 794 4581 τοὺς
811 4531 967 4589 προμαχῶνας
989 4526 1029 4574 καὶ
1051 4527 1151 4589 πύργους
1170 4524 1285 4589 (Reliqua
1298 4524 1322 4573 in
1343 4523 1429 4587 graeeis
1447 4521 1559 4585 desunt).
1574 4525 1609 4574 Et
1624 4521 1673 4574 ha·

81 4603 165 4654 τεεεόο
179 4604 212 4654 τὰ
229 4602 331 4653 bullato
342 4614 394 4665 per
409 4604 482 4651 terra
500 4601 520 4649 ii
537 4598 614 4648 merli
630 4595 697 4645 delle
717 4607 792 4645 ειιεινε
814 4599 838 4646 et
853 4596 918 4646 delio
933 4601 1017 4655 torre,
1031 4596 1086 4645 αιολ
1110 4596 1173 4650 lora
1197 4592 1314 4645 Luciino
1333 4592 1458 4644 cataluso
1475 4596 1501 4643 et
1514 4606 1563 4642 con
1577 4607 1631 4643 esso
1645 4598 1672 4644 ιἰι

79 4677 235 4739 εονιραριιία
246 4674 271 4723 el
287 4674 383 4727 vicario
400 4671 473 4721 delia
485 4673 570 4729 terra,
588 4668 607 4718 u
621 4664 695 4730 quau
714 4668 931 4717 ίασοινεὶειτανοιεο
952 4666 990 4716 ad
1014 4668 1133 4715 iramare
1149 4662 1178 4711 la
1193 4661 1335 4711 traditione
1354 4658 1425 4711 della
1446 4661 1511 4711 cili&
1525 4674 1575 4709 con
1594 4664 1672 4711 Μαο-

80 4747 134 4795 met
149 4746 244 4803 Βατία,
259 4742 431 4792 αεοειναιαίοίι·
452 4743 512 4792 tum
524 4740 544 4789 le·
552 4736 621 4787 lochi
633 4734 683 4798 ρνα
695 4734 793 4798 debeu,
809 4735 828 4786 li
841 4738 916 4802 quali
927 4734 1038 4786 θανόντε
1049 4732 1086 4783 ad
1098 4732 1288 4792 δαιτόανόανε,
1304 4732 1463 4783 τοικοαηενε
1478 4734 1504 4781 τί
1514 4730 1628 4781 scalam.
1639 4737 1673 4783 Et

78 4815 146 4866 όαία
157 4816 304 4876 οορειιῖίοιεα
322 4812 386 4862 dem
398 4812 578 4863 mancamenii
591 4806 664 4858 della
680 4808 769 4867 terra,
782 4808 926 4858 iomarono
946 4806 1038 4856 demto
1055 4805 1084 4852 m
1100 4802 1127 4852 ia
1139 4802 1220 4861 citii,
1234 4804 1258 4851 τί
1277 4803 1468 4851 αοεειέαααεαιιο
1488 4810 1539 4849 con
1556 4811 1670 4861 persua·

81 4888 153 4937 είοιεε
165 4885 232 4948 salse
242 4884 372 4935 inclinare
384 4884 409 4932 el
421 4884 524 4945 είριεοιέ
537 4881 574 4931 αδ
585 4873 741 4936 vaecordia,
754 4876 883 4929 salvando
901 4877 926 4927 le
938 4879 1004 4926 νοτία
1017 4876 1042 4925 ει
1054 4872 1181 4924 ἱἸεαυενε.
1203 4874 1235 4923 Ei
1248 4874 1302 4921 cosi
1315 4869 1493 4925 concludendo
1504 4870 1673 4923 mandarono

80 4968 130 5019 ρετ
139 4956 164 5005 d
176 4957 261 5017 είρειον
273 4954 322 5004 alli
337 4955 436 5003 Asmati
450 4953 483 5016 (i.
493 4966 516 5002 ο.
530 4943 691 5015 ’λγιίισματιλ
707 4943 732 4993 ei
743 4948 809 5011 qual
819 4960 909 4998 venne.
924 4948 954 4996 Ei
965 4949 1053 5009 σίραιον
1062 4944 1179 4993 Νίαοίοιο
1191 4943 1245 4993 ιιεολ
1269 4941 1333 5005 sora
1349 4954 1397 4991 τοει
1409 4942 1469 4990 iuni
1487 4939 1507 4989 ii
1516 4942 1671 5004 principaii,

83 5039 132 5075 σοει
147 5026 172 5075 le
182 5024 276 5076 ελόαοο
291 5028 318 5075 in
332 5038 421 5075 ιιιοιιο.
434 5022 549 5074 Similiter
561 5032 642 5071 rerum
658 5014 746 5069 seriem
760 5019 861 5069 exhibet
878 5016 1100 5079 Chalcocondylas.
1118 5013 1162 5076 qui
1176 5026 1273 5062 murum
1284 5010 1352 5059 urbis
1366 5023 1410 5073 per
1423 5013 1452 5058 27
1465 5007 1519 5059 dies
1540 5011 1671 5063 tormeuiii

81 5099 226 5159 quassatum
236 5109 290 5147 esse
299 5096 381 5146 τοίοτῑ.
400 5096 406 5158 1
417 5094 469 5158 -§
479 5098 503 5143 6.
514 5088 643 5158 ῥωμαλέον]
653 5094 786 5153 ρωμαλαῖον
793 5087 848 5139 ωδ.
859 5082 872 5149 ΙΙ
880 5112 913 5123 -
923 5088 938 5150 §
947 5090 970 5137 7.
985 5081 1151 5145 Μιτυληναῖοι]
1166 5080 1223 5133 add,
1230 5092 1293 5143 ingo,
1304 5078 1315 5141 ll
1322 5103 1355 5115 -
1366 5076 1381 5142 §
1394 5082 1417 5128 9.
1431 5078 1550 5163 θπήγαγεν
1558 5112 1585 5134 ...
1594 5082 1672 5138 κατήι-

84 5165 324 5231 νεσεν1όιταγαγεῖν..
335 5165 476 5215 Κατοινίααι
487 5162 573 5215 codex.
586 5163 707 5213 Fortassis
717 5163 799 5213 tamen
809 5156 901 5211 excidii
913 5158 1019 5208 ίκὲλευαε
1033 5153 1073 5207 vel
1086 5153 1135 5204 taio
1148 5150 1216 5215 quid.
1228 5150 1238 5215 ΙΙ
1246 5176 1278 5187 -
1286 5148 1500 5213 όιπανδραποδισας]
1510 5162 1575 5215 mgo,
1587 5150 1672 5215 αἰχμα·

201 5260 342 5297 minimi
360 5254 456 5292 miron.
472 5250 552 5291 GRAEC.
569 5260 600 5274 ··
617 5246 670 5298 501..
686 5244 713 5283 Υ.
1498 5247 1525 5292 ,ο
