3809 5859
380 328 430 389 DE
452 326 649 389 tentemus
671 310 917 387 SCOlllALENSI
937 326 985 385 ET
1005 307 1468 386 CONSTANTINOPOLITANO.
1690 340 1728 383 xv

163 462 339 521 chartaceus
353 472 414 531 est,
429 480 493 521 saec.
506 458 582 532 xvt,
597 460 703 535 longus
715 462 887 525 centimetra
901 480 950 531 aa,
963 459 1039 518 latus
1052 458 1222 517 centimetra
1237 459 1289 531 153
1308 458 1389 517 soliis
1404 470 1517 517 constat
1530 456 1605 530 3063
1622 455 1656 532 in
1667 456 1729 515 sin·

125 560 203 637 gulis
221 557 339 636 paginis
353 576 456 616 versus
476 558 525 623 34.
542 556 693 634 Scriptura
707 555 777 615 satis
792 557 896 615 nitida.
918 555 1038 631 Singuli.
1050 556 1189 614 loliorum
1207 556 1356 632 fasciculi,
1371 556 1441 633 qui,
1457 555 1551 613 soluta
1566 552 1729 628 voluminis

124 656 313 733 compagine,
329 655 412 712 nullo
420 652 482 731 jam
497 653 617 711 vinculo
632 664 815 724 coercentur,
830 671 890 709 non
903 649 1017 727 ubique
1039 663 1109 708 sunt
1125 650 1334 727 quaterniones
1354 649 1496 725 legitimi,
1517 647 1568 706 sed
1592 647 1729 707 loliorum

122 770 246 810 numero
260 750 387 809 variant.
407 747 574 808 Fasciculus
586 748 701 828 primus
717 748 788 807 folia
801 747 889 806 habet
903 766 975 823 sex,
991 746 1122 805 decimus
1145 746 1262 819 decem,
1283 745 1414 803 decimus
1438 746 1580 822 septimus
1602 756 1728 823 septem,

122 848 280 905 vicesimus
303 866 362 906 sex.
385 846 418 906 ln
440 846 579 905 vicesimo
599 845 696 923 primo
720 844 783 903 sive
808 842 913 900 ultimo
938 841 1054 919 priores
1070 841 1185 920 paginae
1204 853 1344 919 quattuor
1358 841 1534 919 scripturam
1554 840 1729 911 ostendunt,

125 941 248 1019 reliquae
262 960 362 999 vacuae
380 953 458 999 sunt.
472 939 507 999 ln
521 940 636 1000 decimo
654 942 693 1018 (p.
712 940 856 1016 1²9·¹48l
873 937 970 996 media
984 937 1056 997 folia
1071 950 1209 1016 quattuor
1219 941 1258 1017 (p.
1278 937 1420 1016 135-142)
1431 939 1540 1016 scripta
1554 950 1623 995 sunt
1636 937 1731 996 literis

125 1038 218 1095 multo
232 1034 394 1111 majoribus
411 1057 498 1115 quam
512 1050 618 1099 cetera.
634 1038 760 1099 Videtur
770 1036 814 1096 ibi
828 1035 941 1114 aliquid
957 1037 1099 1095 omissum
1122 1036 1228 1107 inisse,
1245 1033 1329 1113 cujus
1349 1033 1508 1113 supplendi
1523 1052 1610 1092 causa
1625 1032 1732 1091 mediis

127 1135 330 1211 quaternionis
346 1134 426 1193 loliis
441 1134 555 1193 duobus
567 1134 723 1194 substituta
737 1146 805 1194 sunt
819 1132 891 1192 lolia
905 1145 1059 1209 quattuor;
1078 1154 1168 1212 quum
1181 1152 1254 1194 vero
1269 1135 1445 1193 omissorum
1469 1136 1555 1211 copia
1574 1152 1634 1189 non
1655 1143 1732 1191 tanta

125 1243 216 1304 esset,
228 1246 261 1290 ιιι
274 1230 336 1289 lsaec
354 1243 436 1289 sueto
454 1230 603 1289 scribendi
625 1250 732 1307 genere
743 1231 861 1309 impleri
882 1242 1019 1310 possent,
1032 1230 1239 1306 grandioribus
1255 1230 1349 1289 literis
1365 1229 1463 1289 scriba
1474 1248 1545 1289 usus
1559 1242 1618 1303 est,
1631 1248 1732 1305 quam·

126 1346 213 1405 quam
229 1326 276 1385 vel
291 1328 334 1385 sic
353 1325 460 1387 accidit
471 1339 504 1384 ut
517 1326 627 1385 ultimae
640 1328 754 1406 paginae
768 1326 847 1406 (¹4²)
863 1346 931 1405 pars
946 1328 1087 1386 manserit
1099 1346 1200 1388 vacua.
1217 1328 1250 1388 In
1265 1328 1362 1405 primo
1375 1346 1428 1386 sex
1445 1326 1583 1385 foliorum
1596 1326 1734 1385 fasciculo

124 1425 240 1500 paginae
258 1432 307 1490 1-t.
324 1435 354 1481 et
369 1443 458 1480 ro-ra
474 1423 619 1501 scriptura
640 1436 761 1497 vacant3
774 1425 806 1482 in
819 1424 936 1502 paginis
949 1425 1001 1499 5·9
1016 1424 1126 1499 legitur
1138 1423 1282 1502 epistola,
1298 1442 1357 1501 qua
1376 1422 1548 1482 Critobulus
1562 1422 1733 1482 blechemeti

126 1521 242 1579 sultano
261 1539 337 1598 opus
355 1539 440 1579 suum
463 1519 623 1579 dedicavit.
647 1517 682 1577 lu
699 1521 831 1596 margine
853 1520 986 1598 quinque
1013 1520 1186 1578 centimetra
1209 1515 1267 1576 lata
1293 1518 1386 1577 colore
1409 1518 1502 1577 rubro
1526 1518 1735 1578 adscribuntur

128 1618 314 1693 singulorum
331 1618 458 1695 capitum
476 1628 665 1692 argumenta,
680 1636 745 1693 quae
757 1630 878 1675 enotare
893 1637 952 1685 non
967 1629 1031 1675 erat
1042 1636 1140 1695 operae
1151 1616 1280 1695 pretium
1292 1637 1301 1688 ;
1318 1616 1416 1691 magni
1428 1635 1501 1675 vero
1514 1618 1655 1675 momenti
1667 1630 1736 1676 sunt

127 1731 193 1790 quae
216 1711 327 1771 ibidem
348 1724 509 1770 atramento
533 1712 641 1791 scripta
666 1711 815 1787 leguntur.
833 1714 901 1772 Haec
919 1715 999 1771 enim
1024 1732 1061 1771 ex
1081 1713 1141 1771 alio
1161 1712 1263 1771 codice
1288 1712 1405 1790 aliaque
1429 1713 1526 1791 operis
1548 1712 1734 1786 recensione,

127 1828 213 1887 quam
223 1810 255 1867 in
266 1808 432 1867 exhibendo
448 1808 606 1868 verborum
625 1828 786 1885 graecorum
809 1822 947 1867 contextu
962 1810 1055 1867 secuti
1071 1808 1408 1881 sumus,ad‹lidamenta
1422 1829 1474 1869 seu
1486 1810 1688 1888 supplementa
1697 1810 1733 1888 (')

127 1919 155 1963 et
168 1906 243 1964 locis
258 1905 492 1984 quamplurimis
505 1905 604 1963 varias
617 1904 756 1963 lectiones
766 1905 966 1983 suppeditant.
980 1903 1118 1962 Nostrum
1134 1905 1263 1964 codicem
1279 1907 1488 1984 transcriptum
1498 1894 1567 1965 ‘esse
1580 1924 1618 1964 ex
1630 1905 1734 1965 codice

26 2000 32 2009 '
127 2002 241 2061 lacunis
256 2002 378 2073 mutilo,
395 2003 525 2081 primum
537 2002 687 2077 colligitur
700 2020 737 2060 ex
751 2001 806 2062 lib.
826 2022 854 2073 1,
871 2024 897 2062 c.
915 2002 945 2072 5,
960 2022 976 2073 7
991 2021 1023 2079 p.
1039 2002 1089 2079 58,
1103 2001 1156 2060 ubi
1171 2015 1238 2081 post
1251 2001 1344 2059 verba
1357 2000 1528 2081 διατιθεμένῳ
1543 2000 1570 2060 δὲ
1581 2006 1628 2060 τοῦ
1642 2003 1736 2061 oratio

128 2098 323 2177 abrumpitur.
338 2099 550 2157 Desiderantur
564 2116 666 2156 versus
680 2110 817 2176 quattuor
828 2100 875 2157 vel
886 2098 1030 2175 quinque.
1047 2096 1153 2156 Scriba
1163 2102 1295 2157 lacunam
1307 2099 1554 2172 animadvertens,
1566 2099 1617 2157 sed
1630 2111 1737 2176 quanta

127 2196 260 2253 deessent
284 2195 417 2267 nescius,
434 2196 524 2255 unius
538 2196 599 2253 sere
615 2214 716 2255 versus
731 2196 857 2274 spatium
877 2214 1004 2253 vacuum
1022 2194 1161 2272 reliquit;
1174 2195 1230 2253 hoc
1250 2195 1355 2254 deinde
1372 2196 1430 2253 alia
1447 2214 1550 2253 manus
1566 2196 1696 2273 explevit
1709 2207 1738 2255 et

127 2290 259 2367 reliqua,
276 2310 342 2367 quae
355 2292 501 2350 contineri
521 2310 556 2349 eo
571 2312 631 2359 non
648 2304 804 2370 poterant,
820 2290 856 2349 ad
871 2292 1035 2366 marginem
1049 2292 1177 2369 scripsit.
1198 2291 1265 2349 ntia
1278 2292 1384 2350 lacuna
1401 2290 1477 2350 liber
1490 2292 1638 2350 secundus
1655 2291 1737 2350 labo·

129 2400 184 2446 rat.
209 2388 322 2445 Etenim
345 2408 435 2465 quum
461 2408 515 2466 per
540 2398 634 2447 totum
657 2387 804 2465 reliquum
821 2407 896 2466 opus
920 2386 989 2445 finis
1004 2386 1190 2463 singulorum
1202 2374 1518 2466 annorum'expressis
1531 2387 1632 2448 verbis
1652 2410 1736 2449 more

128 2482 321 2560 'Thucydideo
340 2498 593 2559 commemoretur,
609 2486 639 2543 in
656 2484 759 2543 codice
778 2497 880 2543 nostro
899 2484 1083 2543 desideratur
1103 2484 1216 2542 mentio
1240 2488 1309 2543 anni
1330 2486 1422 2560 6962,
1441 2484 1513 2543 adeo
1534 2496 1567 2544 ut
1586 2484 1667 2543 libro
1690 2506 1735 2545 se-

129 2578 225 2638 cundo
238 2622 247 2651 ,
259 2599 319 2657 quo
339 2598 385 2637 res
407 2593 545 2657 quattuor
557 2600 700 2641 annorum
723 2564 892 2656 narrantui,
906 2594 965 2639 tres
978 2594 1090 2640 tantum
1113 2580 1184 2638 anni
1200 2578 1411 2658 comprehendi
1426 2580 1582 2637 videantur
1601 2580 1647 2658 (V.
1667 2592 1731 2639 not.

129 2675 166 2732 ad
185 2696 215 2747 a,
230 2696 254 2736 c.
273 2696 284 2732 1
304 2696 336 2754 p.
356 2677 435 2753 105).
451 2676 487 2735 Et
500 2676 562 2735 haec
577 2678 697 2756 quidem
716 2679 822 2738 lacuna
836 2698 926 2756 quum
943 2679 1025 2736 nulla
1043 2676 1185 2752 marginis
1207 2689 1277 2734 nota
1299 2677 1458 2748 indicetur,
1473 2678 1560 2735 etiam
1588 2677 1620 2734 in
1642 2677 1736 2735 altera

131 2771 229 2848 operis
243 2773 412 2837 recensione
430 2774 578 2834 exstitisse
593 2774 686 2834 debet.
700 2775 764 2834 dam
791 2776 920 2855 repperit
934 2794 997 2834 eam
1011 2787 1114 2833 auctor
1130 2774 1293 2849 argumenti
1309 2773 1386 2833 libro
1407 2774 1536 2833 secundo
1556 2774 1688 2852 praefixi,
1705 2786 1738 2831 ut

133 2885 171 2925 ex
191 2866 291 2927 verbis
309 2866 403 2949 χρόνου
421 2870 518 2941 πλῆθος
537 2868 582 2941 [τη
597 2870 657 2948 τρία
674 2872 833 2946 colligitur.
857 2870 964 2930 Eadem
984 2890 1071 2930 causa
1086 2870 1142 2928 fuit
1158 2890 1211 2928 cur
1225 2870 1257 2929 in
1272 2890 1338 2949 sqq.
1355 2871 1435 2946 regis
1454 2890 1547 2929 annus
1565 2870 1687 2948 quintus
1704 2870 1735 2929 in

133 2976 284 3040 quartum,
300 2978 399 3025 sextus
412 2966 442 3023 in
459 2968 593 3045 quintum
607 2980 636 3026 et
649 2969 693 3027 sic
707 2989 798 3048 porro
810 2968 956 3041 abierint,
970 2970 1022 3046 qui
1040 2986 1156 3026 errores
1169 2967 1276 3025 deinde
1290 2966 1339 3025 vel
1356 2968 1391 3025 ad
1404 2968 1566 3044 marginem
1577 2969 1625 3027 vel
1644 2970 1675 3027 in
1691 2989 1737 3027 ra·

134 3078 211 3119 suras
225 3062 350 3119 correcti
366 3075 443 3122 sunt.

173 3155 260 3225 Quod
275 3158 428 3235 epistolam
444 3158 594 3217 critobuli
608 3160 724 3233 attinet,
742 3161 822 3220 aliud
837 3162 901 3239 ejus
916 3161 1067 3239 exemplar
1078 3159 1116 3219 ab
1137 3180 1172 3217 eo
1192 3159 1271 3238 quod
1294 3160 1387 3220 codex
1406 3174 1506 3220 noster
1528 3162 1617 3221 habet
1641 3152 1738 3222 diver-

135 3272 200 3313 sum
225 3254 468 3314 Tischendorlius
488 3257 582 3315 edidit
598 3258 630 3315 in
646 3261 760 3315 Notitia'
767 3262 896 3316 editionis
908 3261 1012 3315 codicis
1023 3260 1181 3314 Biblr'aram
1194 3260 1324 3316 Sinniticr'
1335 3260 1420 3339 (Lips.
1442 3262 1526 3337 1860)
1544 3282 1573 3340 p.
1599 3264 1666 3334 123,
1684 3261 1734 3320 ubi

134 3348 195 3408 haec
216 3368 223 3411 :

177 3474 190 3499 ι
210 3448 344 3526 Denique
366 3450 465 3509 missis
485 3451 515 3509 in
533 3471 663 3530 praesens
677 3451 758 3525 aliis,
771 3452 807 3509 de
822 3452 966 3510 historico
980 3449 1111 3509 breviter
1122 3450 1254 3510 dicamus
1263 3495 1272 3523 ‚
1288 3452 1372 3532 cujus
1387 3454 1466 3531 quod
1488 3454 1577 3511 sciam
1593 3473 1647 3511 nec
1661 3473 1736 3531 opus

135 3564 189 3603 nec
203 3564 308 3603 nomen
324 3546 462 3605 innotuit.
478 3548 545 3618 Quo
558 3549 637 3606 enim
652 3561 785 3626 tempore
805 3546 993 3605 Muhamedes
1014 3546 1044 3605 ll
1059 3549 1161 3605 orbem
1185 3559 1327 3606 terrarum
1346 3550 1441 3625 gloria
1466 3550 1594 3608 nominis
1616 3551 1663 3608 sui
1681 3552 1736 3605 im·

135 3641 250 3718 plebat,
265 3642 341 3699 inter
362 3642 519 3701 monachos
537 3663 649 3718 graecos
669 3645 777 3701 nioutis
799 3642 868 3699 nihi
887 3643 1025 3701 inventus
1043 3656 1087 3702 est
1106 3645 1157 3722 qui
1176 3644 1331 3703 historiam
1357 3666 1455 3704 rerum
1474 3644 1512 3703 ab
1535 3666 1570 3703 eo
1589 3657 1734 3721 gestarum

136 3736 344 3795 conscriberet.
369 3737 570 3817 Conscrrptam
588 3738 755 3799 Muhamedi
780 3740 965 3811 misit,libri
988 3759 1139 3799 censuram
1162 3754 1343 3820 exspectans.
1365 3741 1419 3800 Cui
1444 3742 1655 3819 exspectationi
1679 3742 1736 3801 etsi

135 3832 205 3890 latet
222 3833 370 3909 quomodo
387 3835 567 3893 satisfactum
582 3838 635 3906 sit,
652 3849 748 3894 tamen
768 3836 831 3914 ipse
846 3835 923 3895 liber
939 3856 999 3894 non
1021 3837 1118 3915 periit.
1134 3840 1308 3916 Nuperrime
1327 3838 1405 3895 enim
1421 3838 1453 3896 in
1468 3840 1532 3916 ipsa
1550 3857 1585 3895 ea
1599 3838 1690 3912 urbe,
1703 3840 1735 3897 iu

135 3948 193 4006 qua
207 3928 390 3987 llluhamedes
405 3929 502 3989 sedem
519 3934 687 4008 constituit,
711 3934 834 4007 contigit
848 3945 879 3991 ut
893 3933 925 3990 in
947 3917 1051 3991 manus
1067 3952 1145 3991 meas
1166 3934 1308 3993 incideret
1326 3934 1419 3991 codex
1430 3933 1462 3992 in
1483 3954 1543 4010 quo
1556 3934 1737 3992 bluhamedis

136 4044 182 4082 res
195 4039 281 4099 gestae
295 4045 312 4083 a
324 4024 480 4085 Critobulo
500 4028 643 4087 monacho
666 4030 837 4105 conscriptae
858 4028 1004 4103 leguntur.
1028 4029 1184 4088 Historiam
1205 4031 1275 4089 satis
1295 4029 1417 4089 verbose
1436 4032 1573 4108 scriptam
1598 4030 1736 4109 praecedit

136 4123 277 4198 epistula,
290 4122 367 4179 unde
385 4124 536 4201 scriptoris
550 4126 658 4202 pariter
671 4140 757 4202 atque
771 4124 842 4182 libri
856 4128 931 4182 ratio
946 4130 1142 4201 cognoscitur.
1158 4128 1250 4198 Quam
1265 4148 1353 4205 quum
1373 4129 1473 4185 favore
1493 4128 1651 4191 Alexandri
1674 4128 1731 4186 Lo·

134 4214 238 4274 banow
262 4219 425 4302 principis,
439 4221 499 4277 viri
521 4221 779 4297 intelligentissimi
796 4222 1006 4300 literarumque
1025 4225 1233 4297 amantissimi,
1249 4238 1350 4284 nactus
1367 4225 1440 4297 sim,
1459 4224 1534 4283 viris
1557 4224 1653 4284 doctis
1670 4223 1736 4302 ejus

135 4311 248 4387 legendi
265 4316 377 4391 copiam
395 4315 509 4377 faciam.
526 4342 538 4369 c

174 4404 208 4466 ln
222 4408 269 4468 his
281 4411 357 4468 istud
373 4412 409 4470 de
424 4411 577 4471 Critobulo
594 4416 735 4473 monacho
751 4416 846 4473 dthco
867 4432 1063 4476 commentum
1083 4418 1228 4497 ejusmodi
1245 4432 1288 4478 est
1307 4433 1339 4478 ut
1352 4420 1592 4479 'l’ischendorlius
1609 4433 1733 4479 autnon

136 4504 242 4562 vidisse
260 4506 396 4565 codicem
412 4522 478 4580 aut,
496 4510 520 4568 si
537 4510 660 4583 viderit,
674 4531 711 4570 ne
731 4512 825 4591 prima
846 4513 963 4589 quidem
983 4513 1048 4591 ejus
1066 4514 1155 4573 verba
1178 4515 1282 4589 legisse
1304 4515 1449 4576 videatur.
1471 4516 1601 4594 Epistola
1623 4527 1735 4588 autem,

136 4619 222 4676 quam
237 4603 283 4660 vel
300 4603 383 4680 cujus
401 4604 551 4686 ἀπόγραφον
566 4605 603 4666 Τ.
621 4608 718 4667 lavore
734 4610 893 4669 Alexandri
908 4609 1069 4684 Lobanow,
1082 4612 1133 4689 qui
1152 4626 1221 4670 tunc
1237 4613 1423 4690 imperatoris
1445 4612 1603 4673 liossorum
1625 4610 1735 4685 legatus

136 4694 390 4777 Constantinopoli
411 4700 592 4780 versabatur,
610 4704 736 4782 accepit,
750 4726 818 4763 nuni
833 4707 904 4763 olim
928 4708 959 4765 in
980 4707 1080 4766 codice
1100 4721 1219 4780 nostro,
1240 4710 1322 4782 cujus
1344 4710 1545 4788 compaginem
1564 4706 1733 4766 dissolutam

137 4810 200 4850 esse
213 4796 329 4867 monui,
339 4797 424 4872 juxta
439 4798 557 4856 alteram
576 4800 655 4858 illam
671 4801 832 4872 exstiterit,
846 4821 882 4859 an
900 4821 936 4860 en
957 4802 1016 4861 alio
1036 4805 1162 4881 quodam
1179 4804 1326 4864 Critobuli
1342 4807 1442 4864 codice
1459 4805 1608 4882 depromta
1631 4801 1685 4871 sit,
1702 4800 1734 4858 in

139 4889 236 4947 medio
254 4892 327 4949 mihi
342 4894 565 4970 relinquendum
580 4909 633 4955 est.
651 4896 797 4956 Nonnulla
811 4918 875 4975 quae
887 4900 917 4957 in
931 4913 1032 4959 nostro
1046 4902 1147 4961 codice
1159 4902 1195 4962 ad
1210 4903 1368 4979 marginem
1385 4912 1521 4960 notantur
1535 4896 1577 4977 (ut
1588 4899 1606 4974 S
1617 4905 1632 4967 4
1643 4895 1735 4955 verbs

139 5046 1732 5079 Ἥ-

170 5143 203 5206 (ι)
217 5145 273 5195 vta.
285 5160 309 5196 v.
324 5160 345 5197 c.
357 5152 408 5199 not.
419 5148 450 5198 ad
464 5154 487 5213 2,
503 5154 538 5211 m,
551 5157 573 5200 a.
590 5155 612 5212 s,
629 5154 651 5202 s.
665 5156 690 5215 t,
704 5156 727 5217 t,
744 5158 764 5202 t.
780 5156 803 5213 t,
819 5160 842 5215 s,
857 5157 879 5203 ι.
894 5159 918 5217 ι,
935 5162 972 5216 ιο,
988 5160 1009 5207 7.
1022 5164 1045 5218 s,
1056 5165 1080 5219 o,
1097 5164 1117 5208 ι.
