3809 5859
507 321 558 382 DE
580 314 785 379 ROSSORUM
805 312 1034 376 INCURSIONE
1055 311 1215 375 HOMILIA
1235 313 1273 376 11.
1635 311 1693 371 169

84 479 180 536 μενος,
192 455 221 515 ού
236 457 335 513 πενθῶν
350 452 395 512 καί
409 450 604 532 σκυθρωπάζων
622 450 655 508 δι’
668 447 729 508 ὅλου
742 451 788 506 τοῦ
802 444 859 524 βίου
916 444 1055 524 μαρτύρων
1070 446 1164 515 κλῆσιν
1182 439 1407 522 προσποιούμενος
1428 440 1464 506 τίς
1485 436 1530 496 τὸν
1550 437 1621 496 κατά
1644 443 1692 499 τοῦ

82 543 134 604 καί
152 544 216 624 πρὸς
236 543 336 618 δυσμὰς
354 540 435 610 αθτάς
454 540 611 622 ἀφικόμενος
626 535 778 617 πορεύεται,
791 531 863 600 ὅπως
886 491 891 582 ί
916 530 1116 612 πονηρεύματος
1129 529 1273 613 θρίαμθον,
1287 527 1416 599 ἀλλάτὴν
1433 525 1514 607 ὀργὴν
1526 524 1616 606 κυρίου
1632 525 1692 585 κατ’
1757 537 1766 548 ’

85 632 197 692 ἅπαντα
211 630 269 690 τότε
285 629 442 709 συνεκέχυτο
456 627 501 688 καί
514 630 570 695 πῶς
583 633 600 700 ἡ
615 625 688 692 πόλις
703 627 797 702 μικροῦ
812 620 862 680 δέω
916 619 1065 701 ὀφθαλμοὺς
1080 618 1214 693 τιθέμενος
1226 618 1337 684 ίκαστος
1347 616 1378 676 τδ
1391 617 1456 675 ίδιον
1470 615 1592 692 πταῖσμα
1606 615 1694 690 ἐπεγί·

83 722 169 801 φάναι
184 719 340 798 δοριάλωτος
356 716 507 797 ἀγιγένητος
518 717 565 793 (ιο)
579 715 605 773 ἐν
615 704 637 794 ᾧ
647 712 697 792 γάρ
712 711 800 792 ῥᾴδιον
815 709 862 787 μὲν
917 731 1017 766 νωακεν
1025 752 1034 784 ,
1047 707 1092 767 καί
1104 705 1170 787 ὑπὲρ
1183 696 1219 764 ῶν
1234 708 1280 776 τῆς
1293 706 1398 776 ἐντολῆς
1415 702 1488 770 έκτδς
1503 703 1619 781 ἀφρόνως
1632 705 1692 762 ἐπο·

81 809 117 869 τό
132 811 247 883 ἁλῶναι,
262 808 360 886 άπορον
377 805 404 865 δέ
419 812 472 872 τοῖς
487 807 615 864 ἐνοικοῦσι
628 802 658 862 τδ
670 798 861 878 ὑπερασπίσαι,
917 794 1072 870 λιτεύσατο,
1087 793 1158 860 ἐντδς
1171 792 1291 872 γενέσθαι
1305 797 1352 862 τῆς
1369 794 1479 863 ἀπειλῆς
1498 790 1626 867 ἐλογίζετο
1647 791 1693 849 καί

83 902 113 958 ἐν
125 897 230 977 ἐξουσία
244 895 363 968 δηλονότι
376 898 428 954 τῶν
445 895 594 952 ἀντιπάλων
609 891 639 952 εδ
658 890 749 948 παθεῖν
763 886 864 958 ταύτην
917 885 1017 960 κητῶν
1038 881 1187 943 λυπούντων
1209 880 1287 960 πείρφ
1307 885 1361 940 τῶν
1380 881 1480 951 ἡδονῶν
1502 877 1693 954 ἀποσπώμενος

82 984 102 1058 ἢ
119 985 159 1064 μὴ
173 991 265 1046 παθεῖν
281 983 380 1055 ἔκειτο,
394 973 458 1062 ἐνῷ
478 979 505 1041 δέ
521 985 538 1053 ἡ
554 985 601 1052 τῆς
622 979 723 1058 πόλεως
746 974 863 1052 σωτηρία
917 973 954 1037 τίς
969 969 1091 1050 σώφρονα
1107 970 1162 1050 βίον
1182 977 1371 1044 μετακοσμοῖτο
1392 968 1440 1028 καί
1458 966 1691 1046 μετερρυθμίζετο,

83 1083 142 1141 τοῖς
157 1078 209 1132 τῶν
223 1073 357 1147 πολεμίοιν
373 1071 471 1149 ἤρτητο
488 1069 644 1140 δακτύλοις,
661 1065 706 1127 καὶ
720 1069 752 1143 τῇ
764 1063 863 1123 τούτων
917 1058 963 1116 καί
983 1060 1215 1136 ἀνθομολογεῖσθαι
1234 1056 1317 1137 κυρίῳ
1330 1065 1385 1126 ταῖς
1399 1063 1568 1134 αταναγμαῖς,
1580 1057 1692 1131 ἅνθαμα·

83 1160 209 1241 εὐμενείᾳ
225 1164 243 1231 ἡ
257 1159 355 1230 ταύτης
379 1161 540 1238 διεμετρεῖτο
554 1157 660 1228 στάσις,
682 1152 755 1237 παρδι
778 1154 864 1233 βραχύ
917 1147 1052 1224 λαγτῖαθαῑ
1067 1154 1121 1213 ταῖς
1142 1145 1267 1225 ὅᾶαρναν,
1282 1153 1338 1214 ταῖς
1360 1153 1537 1228 τρααααχαῑς,
1552 1144 1609 1210 ταῖς
1631 1142 1692 1213 δαί·

69 1294 71 1298 -
84 1272 158 1330 φημι
175 1247 326 1330 διαφέρειν,
339 1249 439 1325 μᾶλλον
455 1245 483 1306 δέ
502 1244 568 1304 πολύ
589 1241 776 1325 χαλεπώτερον
798 1233 864 1302 εἶναι
918 1257 1000 1295 σεαιν.
1012 1236 1060 1315 (τι)
1073 1224 1138 1296 Οἶδε
1152 1234 1219 1314 γάρ,
1230 1224 1284 1294 οἶδε
1298 1233 1372 1303 κοινὴ
1387 1233 1509 1314 συμφορά
1520 1232 1689 1313 καλπρσσδο·

84 1337 119 1397 τό
135 1337 218 1414 μήπω
233 1344 322 1396 πεσεῖν
334 1333 382 1407 τὴν
396 1335 471 1396 πόλιν
490 1339 537 1394 τοῦ
549 1333 632 1393 πύλαι
647 1338 753 1392 πεσεῖν·
772 1331 802 1390 τό
817 1329 864 1408 μὲν
909 1320 1024 1398 μωμένα
1038 1324 1231 1399 ματαναίαταανς
1245 1321 1423 1401 ἐπιγνώμονας
1433 1326 1484 1382 τῶν
1497 1319 1691 1398 ἐλαττωμάτων

83 1425 139 1506 γὰρ
154 1426 218 1492 ἴσως
231 1427 269 1503 τῷ
282 1423 359 1502 τάχη
372 1428 419 1483 τοῦ
430 1423 528 1490 πάθους
543 1421 639 1494 ἄδηλον
651 1420 682 1480 ἂν
697 1427 809 1501 παρεῖχε
819 1422 864 1488 τῆς
918 1418 1002 1470 ποιεῖν
1015 1410 1062 1469 καλ
1076 1413 1175 1470 ίαυτῶν
1190 1410 1306 1488 γίνεσθαι
1319 1410 1365 1470 καλ
1380 1410 1495 1492 βελτίους
1510 1418 1566 1477 ταῖς
1583 1409 1693 1490 πράξεσι

85 1511 126 1589 μὴ
148 1513 299 1590 παραυτίκα
318 1510 440 1579 ἀλώσεως
458 1509 506 1582 τὴν
521 1511 626 1585 αίτταν,
639 1532 671 1568 το
685 1507 712 1568 δέ
725 1533 763 1586 τιρ
785 1530 865 1581 μηκει
918 1501 1122 1576 αταργαζααθααι
1165 1497 1235 1559 ’ἀλλ’
1260 1496 1303 1557 &a
1327 1505 1411 1558 ταῦτα
1431 1497 1495 1577 παρ’
1514 1501 1590 1576 ἡμῶν
1614 1521 1693 1557 κατε·

83 1608 132 1660 τοῦ
154 1599 249 1678 χρόνου
272 1599 319 1659 καί
332 1598 378 1669 τὴν
399 1602 450 1658 τῶν
467 1598 618 1658 ἀντιπάλων
634 1596 749 1676 ἀπαίρειν
764 1597 864 1677 φιλαν-
918 1584 1051 1657 θαλλαται
1064 1583 1109 1644 3³⁸
1122 1588 1175 1645 τῶν
1187 1585 1386 1664 ἡμαρτημένων
1399 1587 1502 1652 θαντθῖς
1512 1582 1556 1644 τἀν
1567 1583 1693 1665 λαγααμθν

84 1688 205 1769 θρωπίαν
219 1691 253 1755 ὡς
273 1686 428 1767 τῇέκείνων
451 1685 525 1747 ούπω
548 1684 797 1766 συγκατενεχθείσης
819 1686 862 1742 εύ-
917 1670 1694 1752 ίατῶμανδναῑνητνλνἆταμὲμλντανααλτθνίλαττανμίνην

85 1775 240 1856 απλαγχνίρ
266 1775 312 1834 καί
335 1778 373 1855 τῷ
396 1774 475 1835 πάθει
499 1773 630 1833 συνάπτον
654 1770 701 1843 τὴν
736 1769 790 1829 ἀπὸ
818 1775 866 1841 τῆς
917 1761 954 1826 ὣς
966 1762 1080 1819 νικῶσαν
1090 1758 1130 1840 ἐφ’
1142 1757 1249 1826 ἕαυτοθτ
1258 1761 1472 1840 ἐψηφοροροῦμιν
1486 1763 1511 1818 οἱ
1523 1759 1692 1836 δαινύμενοι,

86 1863 253 1940 συμπαθείας
267 1861 372 1932 ἀδοξίαν
387 1861 569 1941 ἀλγεινοτέραν
581 1869 695 1922 ποιεῖται
711 1858 759 1930 τὴν
775 1858 865 1917 συναί·
918 1847 962 1908 ὅτε
983 1847 1013 1906 τὸ
1037 1853 1104 1907 θαῖαν
1128 1851 1214 1914 λιταῖς
1236 1845 1282 1905 ααλ
1310 1846 1401 1922 ὕμναῖς
1424 1846 1631 1925 ίΕωιαλούμιθα,
1651 1848 1695 1910 &a

85 1955 181 2020 σθησιν
195 1957 243 2022 τῆς
263 1949 459 2028 αίχμαλωσίας.
503 1949 548 2029 (ιτ)
570 1940 637 2029 Ἆρα
662 1947 795 2025 μέμνησθε
819 1951 865 2006 τοῦ
919 1938 1077 2016 ανντρνμμαῖν
1090 1936 1201 2014 ααμὸίας
1213 1933 1261 2006 τνλν
1277 1934 1419 2012 ματαῖνίααν
1432 1932 1694 2016 αμαααμῖμαμανεῧτα

85 2037 182 2097 κλόνου
205 2037 250 2096 καί
273 2041 324 2097 τῶν
350 2037 470 2117 δακρύων
494 2037 539 2096 καί
560 2041 612 2097 τῶν
632 2037 785 2113 ἀλαλαγμῶν
800 2035 866 2100 εἶςά
891 2097 892 2115 γ
919 2034 1011 2104 χαῖρας
1030 2021 1095 2104 πρὸς
1106 2022 1163 2082 θέαν
1175 2024 1208 2082 δι’
1221 2023 1285 2093 ὅλης
1300 2019 1392 2089 νυατθς
1406 2021 1576 2090 ίίατλαῧντας
1589 2026 1635 2092 τῆς
1648 2025 1695 2082 αὖ·

85 2124 148 2187 τότε
164 2131 178 2198 η
193 2125 268 2193 πόλις
282 2135 355 2185 πᾶσα
370 2124 415 2184 σὺν
436 2123 584 2201 ἀπογνώσει
602 2123 740 2202 τελευταίᾳ
754 2121 865 2200 κατεφέ·
891 2151 892 2199 γ
919 2111 993 2171 τόθεν
1008 2111 1204 2192 φιλανθρωπίας
1224 2109 1369 2188 ίθτθμαθα,
1384 2109 1473 2179 τᾶαας
1487 2113 1564 2183 ἡμῶν
1586 2110 1632 2178 τίς
1653 2113 1697 2171 ἕλ·

88 2236 165 2290 ρετυ;
177 2210 252 2272 ’ίστε
267 2212 315 2284 τὴν
329 2213 411 2272 νύκτα
428 2211 530 2284 ἐκείνην
545 2212 593 2283 τὴν
610 2209 713 2290 ζοφώδη
727 2209 773 2269 καί
787 2209 864 2290 φοόε-
891 2210 893 2319 γ
919 2201 1001 2268 πέδας
1017 2198 1082 2280 πρὸς
1095 2198 1173 2260 αὗτθν
1188 2200 1399 2279 ἆναρτνίσανςςς,
1415 2198 1475 2259 τότα
1493 2205 1540 2271 *ἧς
1560 2209 1697 2280 συμφορᾶς

76 2299 152 2376 ραν,
164 2299 206 2358 ὅτε
221 2300 381 2376 ἀυμπάντων
399 2305 475 2376 ἡμῶν
490 2304 504 2359 δ
519 2305 564 2361 τοῦ
585 2299 644 2381 βίου
662 2299 757 2366 κύκλος
768 2302 805 2380 τῶ
820 2305 865 2360 τοῦ
891 2325 893 2357 ν
920 2286 1176 2367 ίλντμαῦμαθαντότα
1186 2291 1238 2346 τῶν
1248 2287 1507 2369 ααματανχηαᾶντων
1521 2291 1593 2363 ἡμᾶς
1604 2291 1695 2346 αααόν

86 2385 165 2458 ἡλίου
183 2385 272 2467 κύκλῳ
293 2387 501 2466 συγκατεδύετο,
515 2386 562 2447 χαλ
583 2386 614 2446 τὸ
628 2391 675 2458 τῆς
700 2388 767 2456 ζωῆς
788 2390 865 2462 ἡμῶν
920 2375 1080 2453 απαλλαγῆν
1094 2374 1364 2453 έλαμὸἆνομεν,τύτ1
1379 2375 1427 2446 τὴν
1443 2373 1555 2446 ἀπειλὴν
1567 2375 1696 2455 θραυομέ-

86 2473 182 2553 φέγγος
206 2476 242 2541 είς
263 2473 293 2532 τδ
318 2472 384 2553 βαθύ
407 2480 453 2537 τοῦ
471 2475 583 2535 θανάτου
602 2475 694 2542 σκότος
716 2472 863 2546 ἐῦυθίζετος
891 2516 893 2540 ,
920 2489 967 2538 νην
982 2463 1204 2541 έύλίπομεν,καλ
1218 2468 1236 2536 ἡ
1252 2462 1317 2543 ἀργὴ
1331 2462 1421 2543 κυρίου
1433 2463 1635 2542 ἀναρπαζομένη
1650 2465 1696 2544 ἀφ’

89 2560 138 2639 (τε)
153 2555 227 2620 Ὶστε
240 2559 289 2630 τήν
300 2561 371 2641 ώραν
384 2562 485 2636 ἐκείνην
496 2561 544 2633 τὴν
557 2559 687 2642 ἀφόρητον
699 2560 744 2620 καί
757 2559 864 2638 πικράν,
891 2541 893 2625 ί
919 2561 997 2637 ἡμῶν
1016 2556 1199 2638 κατεφαίνετο.
1243 2555 1291 2636 (τε)
1313 2553 1385 2620 Τοὺς
1409 2554 1462 2636 γάρ
1486 2555 1593 2635 ἐχθρούς
1617 2559 1696 2631 ἡμῶν

87 2647 133 2706 ὅτε
147 2649 291 2708 κατέπλεον
307 2653 369 2726 ὑμῖν
384 2653 411 2710 αἱ
428 2649 590 2730 βαρόαρικαλ
610 2652 670 2721 νῆες
690 2647 763 2725 ώμόν
782 2647 867 2707 τεκαὶ
921 2650 1123 2725 ὑποχωροῦντας
1138 2642 1272 2721 ἐθεώμεθα
1285 2643 1331 2702 καί
1348 2642 1396 2714 τὴν
1414 2641 1606 2720 ἀπειλουμένην
1620 2644 1696 2703 πόλιν

88 2735 180 2816 άγριον
199 2735 244 2795 καί
258 2737 361 2818 φονικὸν
376 2738 573 2816 ἀποπνέουσαι;
587 2737 630 2796 ὅτε
646 2742 663 2810 ἡ
677 2735 797 2796 θάλασσα
817 2759 866 2812 γα·
921 2735 957 2799 εἰς
972 2733 1096 2812 ἁρπαγὴν
1112 2729 1329 2810 ἐλευθερουμένην
1340 2734 1388 2802 τῆς
1401 2733 1535 2810 προνομῆς
1545 2729 1605 2788 τότε
1619 2729 1695 2798 ποτέ.

87 2825 206 2894 ληνιῶαα
220 2824 266 2884 καί
286 2825 462 2902 ἀτρεμίζουσα
477 2824 511 2885 τά
525 2828 596 2884 νῶτα
612 2825 761 2897 ἐξήπλωτο,
776 2825 866 2890 αὐτοῖς
892 2842 893 2911 γ
921 2824 1027 2885 ἐπειδὰν
1042 2823 1147 2895 ἀπάσης
1163 2819 1283 2901 βοηθείας
1296 2818 1528 2896 ἀπογυμνωθέντες
1547 2818 1592 2877 καί
1609 2820 1656 2889 τῆς
1669 2815 1696 2885 ἐξ

89 2910 139 2984 μέν
153 2911 196 2971 τὸν
211 2914 292 2972 πλοῦν
307 2911 370 2984 ἡδύν
386 2913 430 2974 καί
444 2913 606 2989 καταθύμιον
628 2911 867 2994 παρεχομένη,τά
891 2978 894 2993 ,
921 2910 1066 2992 ἀνθρώπων
1090 2908 1246 2988 συμμαχίας
1270 2905 1460 2987 ἐξηπορημίνοι
1484 2905 1528 2967 ἐπί
1545 2910 1602 2974 ταῖς
1622 2903 1696 2986 παρά

88 2997 116 3056 δέ
142 3003 186 3058 τοῦ
214 3001 331 3075 πολέμου
361 3000 468 3078 κύματα
493 3003 553 3060 καθ’
588 3003 663 3078 ἡμῶν
693 2999 866 3075 ἐπεκύμαινεν
891 2998 894 3044 ί
920 3000 969 3068 τῆς
983 2997 1082 3077 μητρός
1095 3002 1141 3056 τοῦ
1152 2995 1232 3076 λόγου
1243 2994 1289 3055 καλ
1302 3001 1359 3055 θεοῦ
1373 2997 1450 3071 ἡμῶν
1464 2994 1602 3073 ἐπέχοντες
1614 3015 1696 3074 προσ·

87 3085 276 3166 ἀγριαίνουσα;
291 3086 334 3147 ἀτε
358 3089 405 3160 τὴν
428 3087 503 3148 πολιν
526 3087 736 3166 παρεπορεύοντο
757 3088 865 3146 ἀνατεί-
920 3085 1021 3153 δοκίαις
1039 3084 1297 3165 ἐψυχαγωγούμεθα,
1309 3082 1390 3154 αύτὴν
1411 3084 1448 3149 τίς
1469 3082 1636 3161 παράκλησιν
1655 3104 1697 3140 κι·

87 3195 180 3241 νοντας
201 3175 235 3235 τὰ
257 3173 316 3255 ξίφη
340 3175 465 3258 φέρουσαι
487 3174 533 3235 καί
556 3175 720 3235 δεικνύουσαι
736 3173 796 3240 τούς
817 3177 864 3252 ἐμ·
919 3181 1023 3241 νοῦντες
1037 3180 1083 3234 τοῦ
1097 3178 1169 3246 υἱοῦ,
1185 3171 1267 3245 αθτὴν
1283 3175 1319 3239 εἰς
1332 3170 1473 3248 ἐξιλασμδν
1486 3173 1539 3229 τῶν
1553 3171 1698 3248 θλισθημά·

86 3261 217 3329 πλέοντας
228 3259 274 3320 καί
286 3261 394 3322 θάνατον
404 3260 495 3342 ώσπερ
503 3260 546 3321 τόν
558 3262 601 3321 διό
611 3261 698 3346 ξίφους
710 3263 867 3330 ἀπειλοῦσαι
919 3265 1091 3338 των,ταύτης
1101 3262 1149 3332 τὴν
1161 3261 1312 3341 παρρησίαν
1324 3263 1360 3327 εἰς
1369 3259 1502 3340 σωτηρίαν
1513 3259 1697 3338 ἐπιδούμενοι,

88 3347 160 3408 κατά
173 3356 221 3424 τῆς
241 3349 357 3424 πόλεωςς
371 3350 414 3411 ότε
429 3359 503 3409 πᾶσα
525 3351 572 3427 μέν
588 3350 662 3418 ἐλπίς
676 3349 826 3429 ἀνθρωπίνη
841 3349 867 3420 ἐξ
919 3351 1018 3422 ταύτης
1030 3350 1080 3422 τὴν
1096 3349 1198 3421 σκέπην
1218 3352 1254 3416 τίς
1275 3353 1362 3428 τεῖχος
1378 3355 1467 3428 τηρεῖν
1489 3348 1696 3425 ἀπολιόρκητον,

88 3437 234 3514 ἀνθρώπων
255 3438 348 3518 ἐρρύη,
360 3441 394 3516 τῇ
410 3439 437 3498 δέ
451 3439 515 3517 πρὸς
528 3437 557 3497 τδ
566 3443 632 3499 θεῖον
646 3439 712 3516 μόνη
727 3443 866 3519 καταφυγῇ
892 3420 894 3515 ί
921 3438 1002 3512 αὐτὴν
1017 3445 1131 3520 θραῦσαι
1143 3437 1174 3498 τδ
1188 3438 1282 3517 θράσος
1294 3440 1347 3496 τῶν
1365 3435 1508 3516 βαρόοίρων
1518 3435 1698 3496 καθικετεύον·

88 3529 104 3594 ἡ
121 3525 197 3592 πολις
214 3525 387 3598 ἐπεσάλευενς
401 3525 443 3586 ὅτε
458 3526 565 3602 σεισμός
587 3526 633 3585 καὶ
648 3525 740 3607 γνόφος
759 3534 866 3606 κατεῖχε
892 3583 894 3594 ,
920 3553 975 3601 τις,
991 3529 1071 3599 ταύτην
1083 3527 1255 3588 καταπάσαι
1267 3525 1296 3585 τδ
1308 3524 1451 3607 φρύαγμα,
1463 3523 1545 3596 αὐτ-λι
1557 3529 1603 3584 τοῦ
1615 3526 1699 3596 ἀπηλ·

87 3612 149 3678 τοὺς
171 3611 326 3690 λογισμούς,
350 3613 397 3672 καί
423 3613 456 3671 τδι
480 3603 537 3673 ῶτα
563 3614 628 3692 πρὸς
655 3615 727 3674 οὐδὲν
747 3615 866 3695 ἠνέῳκτο
892 3639 894 3688 ;
920 3617 1025 3684 πικόεσς
1038 3618 1103 3674 λαοῦ
1116 3613 1355 3695 προασπίσαι,τοῦ
1369 3613 1465 3673 οἰκείου
1478 3612 1601 3689 ποιμνίου
1615 3616 1696 3690 ὅπερ·

88 3701 177 3776 ἓτερον
192 3699 256 3771 ἢώς
272 3705 297 3761 οί
313 3701 442 3781 βάρθαροι
461 3703 556 3780 τειχῶν
575 3700 719 3772 είσήλασαν
734 3703 806 3769 ἐντδς
819 3702 865 3762 καί
892 3694 894 3707 ’
921 3710 1060 3784 μαχῆσαι,
1074 3696 1106 3776 ἧς
1125 3703 1170 3763 καί
1191 3701 1240 3773 τὴν
1256 3699 1399 3781 περιόολὴν
1420 3704 1457 3768 είς
1479 3699 1625 3770 ἀναστολὴν
1649 3700 1697 3773 μέν

88 3788 144 3851 τοῖς
156 3789 256 3870 ἐχθροῖς
269 3793 288 3860 ἡ
302 3789 378 3857 πολις
391 3787 548 3869 κεχείρωται
558 3809 566 3861 ;
578 3789 625 3867 (ιν)
635 3789 664 3847 τὸ
677 3789 728 3868 γὰρ
741 3796 787 3851 τοῦ
803 3813 866 3850 συν·
919 3796 972 3853 τῶν
987 3791 1212 3874 πολιορκούντων,
1224 3791 1344 3872 φυλακὴν
1359 3788 1387 3847 δέ
1401 3792 1454 3847 τῶν
1468 3787 1695 3866 πολιορκουμένων

88 3874 237 3956 ενεχθέντος
251 3876 445 3955 ἀπροσδόκητον
465 3876 510 3934 καί
530 3881 576 3949 τῆς
595 3878 688 3958 ἐφόδου
711 3877 741 3936 τό
757 3877 866 3937 ἀνέλπι-
892 3902 894 3915 ·
920 3878 968 3940 σὺν
992 3878 1052 3956 ἐμοὶ
1076 3889 1150 3939 πᾶσα
1174 3884 1192 3951 ἡ
1217 3879 1294 3946 πόλις
1320 3876 1502 3956 ἐπιφερόμενοι
1526 3875 1573 3943 τθς
1597 3876 1698 3943 ίκεσίας

89 3985 151 4022 στον
161 3967 270 4023 τοιαῦτα
282 3964 455 4042 φαντάζεσθαι
464 3964 508 4023 καὶ
520 3965 622 4025 ἀκούειν
633 3964 722 4045 ὥσπερ
734 3966 865 4028 ἀνέπειθεν
921 3967 1140 4046 ἔκουσιαζόμιθα,
1162 3967 1210 4038 τλν
1240 3965 1374 4027 λιτανείαν
1399 3964 1573 4041 ἀποιούμεθα·
1597 3965 1638 4045 ἐφ’
1661 3955 1698 4032 οἷς

90 4050 226 4125 ἅπαντας,
248 4053 336 4120 εἷωθδς
352 4053 469 4130 μάλιστα
489 4053 519 4113 τδ
536 4053 648 4132 πάθημα
664 4059 740 4114 τοῦτο
754 4064 807 4122 τοῖς
820 4059 867 4114 άν-
922 4052 1015 4135 ἀφάτῳ
1037 4055 1218 4137 φιλανθρωπίᾳ
1235 4059 1364 4134 μητρικῆς
1387 4051 1640 4133 παρρησιασαμένης
1653 4057 1698 4113 ἐν·

89 4138 206 4218 θρώποις
230 4141 275 4199 καὶ
298 4141 385 4209 άλλως
406 4144 561 4222 ἐπιφοιτᾶν·
576 4139 590 4198 θ
611 4140 658 4217 μέν
680 4140 731 4221 γὰρ
753 4143 868 4210 ἐκτόπως
920 4142 1028 4210 τεύξεως
1038 4143 1083 4200 καί
1093 4143 1123 4202 εδ
1133 4143 1199 4204 θεῖον
1212 4142 1336 4214 ἐπεκλίθη
1348 4142 1394 4201 καῖ
1408 4145 1423 4200 ό
1436 4140 1517 4219 θυμός
1528 4142 1696 4221 ἀπεστράφη,

91 4225 221 4300 δεδίασιν,
237 4229 335 4310 ἀκρίτῳ
350 4228 409 4308 δόξῃ
431 4227 475 4288 καί
492 4228 529 4304 μὴ
543 4228 628 4309 παρόν
644 4231 807 4311 παρεστάναι
821 4255 866 4290 νο·
920 4232 966 4291 καί
974 4232 1072 4304 ἠλέησε
1087 4232 1175 4314 κύριος
1183 4232 1231 4304 τὴν
1243 4231 1420 4312 κληρονομίαν
1432 4233 1524 4292 αύτσῦ.
1537 4234 1583 4307 (αα)
1595 4230 1699 4298 Ὀντως

91 4312 214 4392 μίζουσι,
236 4305 266 4375 οῦ
289 4316 312 4375 δ’
335 4314 457 4376 ὑπόνοιαν
485 4317 515 4376 ού
538 4315 686 4394 προέλαύον
711 4317 867 4400 αὖτιξουσίιρ
921 4319 1019 4399 μητρός
1031 4325 1089 4378 θεοῦ
1103 4319 1233 4401 περιόολὴ
1248 4324 1264 4391 ἡ
1277 4319 1428 4387 πάνσιπτος
1442 4318 1508 4391 αῦτη
1525 4318 1697 4391 ατολή·αῦτη

89 4401 184 4484 γνώμῃ
202 4404 246 4463 καί
263 4404 410 4484 φθάσαντος
420 4403 511 4485 πόρρω
520 4404 682 4481 πέμπουσιν.
724 4395 777 4466 Ἦν
788 4405 867 4474 ὄντως
920 4407 1094 4486 περιεκύκλου
1109 4409 1144 4468 τθι
1158 4407 1236 4489 τείχη
1256 4408 1302 4468 καί
1324 4405 1358 4467 τὰ
1373 4410 1426 4466 τῶν
1442 4406 1574 4483 πολεμίοιν
1593 4407 1699 4486 ἀρρήτῳ

89 4489 148 4550 τότε
163 4491 255 4558 πένθος
269 4493 314 4552 καί
328 4493 556 4572 θρῆνοςκαίοῦαί.
588 4493 634 4572 (το)
646 4492 714 4554 Τότε
728 4497 780 4553 τῶν
796 4494 867 4554 ἰδίων
922 4495 992 4576 λόγῳ
1006 4495 1139 4555 ἐδείκνυτο
1152 4498 1235 4558 νῶτα.
1263 4495 1297 4556 Ἡ
1313 4495 1389 4564 πόλις
1401 4494 1500 4568 ταύτην
1514 4494 1699 4574 περιεδάλλιτο

91 4576 450 4660 ἀμαρτημάτωνάδέκαστος
474 4579 563 4662 κριτὴς
577 4579 720 4641 καθίστατο
742 4579 866 4659 ἕκαστος,
921 4582 968 4641 καί
990 4584 1021 4644 τὸ
1040 4584 1193 4664 χαράκωμα
1215 4587 1266 4643 τῶν
1285 4583 1420 4661 πολεμίων
1433 4586 1468 4650 ώς
1485 4587 1514 4642 ἐκ
1535 4583 1700 4658 συνθήματος

90 4668 119 4724 οὐ
132 4668 321 4748 συκοφάντημα
336 4668 491 4748 κατηγόρων
502 4671 537 4736 είς
550 4669 633 4750 φυγὴν
648 4674 694 4741 τῆς
709 4670 867 4749 κατηγορίας
923 4671 1056 4744 διελύετο,
1073 4670 1140 4743 αῦτη
1163 4671 1261 4744 ταύτην
1286 4672 1449 4743 ἐατσλίζιτο,
1462 4670 1508 4731 καὶ
1528 4674 1575 4740 τῆς
1597 4670 1700 4737 ἐλπίδος

90 4753 301 4835 λοιδορούμενος,
318 4757 347 4816 σύ
362 4758 415 4816 τῶν
432 4755 524 4827 ἔξωθεν
546 4757 663 4838 ἐλέγχων
687 4758 822 4836 δεόμενος,
837 4761 867 4818 οὐ
923 4761 1026 4833 αὐτῶν,
1047 4762 1088 4841 ἐφ’
1109 4752 1141 4832 ἧς
1155 4762 1324 4841 ἐπωχοῦντο,
1343 4764 1486 4839 ἀγυμνοῦτο
1509 4758 1540 4818 τδ
1556 4759 1699 4835 πολέμιον·

90 4972 162 5038 ἡμῖν]
172 4976 311 5027 ἐπιστασίαν
329 4979 397 5038 ἡμῶν
409 4977 464 5026 cod.
475 4996 481 5039 ;
494 4991 542 5028 em.
558 4979 588 5026 N.
604 4977 614 5039 ΙΙ
629 5007 658 5020 -
700 4975 715 5040 §
729 4982 769 5031 18.
782 4979 909 5029 κατέπλεον
920 4979 992 5044 ὑμῖν]
1004 4998 1028 5031 κ.
1043 4983 1171 5040 ἡμῶνθΝ.
1192 4981 1203 5044 ΙΙ
1212 5007 1244 5017 -
1257 4981 1327 5045 ἡδὺν]
1342 4981 1386 5038 ἡδὺ
1395 4979 1465 5039 ωας
1481 4993 1529 5029 em.
1545 4981 1575 5029 N.
1587 4979 1599 5042 ΙΙ
1611 5006 1640 5016 -
1650 4997 1699 5029 παι

90 5045 220 5112 μαχομένη]
240 5047 389 5112 παρεχέμενα
408 5045 496 5098 codex.
518 5047 528 5112 ΙΙ
543 5073 575 5084 -
586 5048 744 5113 παριστάναι]
759 5050 853 5099 ίστάναι
875 5051 930 5102 συθ.
950 5050 962 5114 ll
973 5050 1029 5114 -§
1047 5057 1085 5101 50.
1097 5049 1251 5114 ἀνθομολογ.]
1267 5050 1378 5112 αθθομολ.
1392 5049 1486 5098 Nauck.
1501 5049 1575 5114 ss-§
1587 5056 1625 5116 τί.
1636 5052 1699 5100 ἀπο-

91 5113 223 5179 ςέγκὶιτον]
251 5117 426 5181 ἀπαρέγιιλητον
444 5115 515 5178 οοθ.;
536 5129 584 5168 σευ.
598 5119 629 5168 N.
646 5117 656 5182 Ι]
671 5116 779 5181 -522
794 5119 886 5184 τηρεῖν]
907 5121 983 5184 εθριῐν
1002 5121 1090 5171 codex.
1105 5121 1116 5185 ΙΙ
1130 5147 1160 5159 -
1175 5121 1189 5184 §
1202 5126 1240 5171 25.
1253 5118 1305 5169 καθ’
1316 5119 1398 5184 ἡμῶν]
1407 5138 1431 5170 κ.
1443 5125 1506 5184 ἡμᾶς
1522 5121 1652 5183 οοά.·,ατυ.
1664 5121 1697 5174 Ν.
