3809 5859
734 368 1016 433 ARGUMENTUM.
1637 371 1676 431 dd

43 510 145 563 quum
158 496 223 547 mule
234 496 360 557 cessisset,
372 497 405 548 ad
415 497 480 548 muri
493 497 623 548 exterioris
638 501 736 563 partem
747 538 753 561 ‚
764 514 841 563 quam
900 502 941 566 (25
953 504 996 553 cet
1007 509 1037 552 ae
1055 501 1133 564 bfuit)
1149 505 1206 551 aute
1224 500 1429 566 expugnationem
1447 498 1531 559 urbis,
1546 498 1571 548 iu
1585 500 1678 550 solenni

42 584 145 637 bostis
157 585 374 647 diruerat,vnllum
384 586 456 650 lignis
467 588 585 651 meggere
594 586 687 653 struxit
695 591 730 649 (21
741 587 843 653 April.)
900 602 990 655 pompa
1001 590 1083 654 imago
1094 589 1181 640 lfetris
1195 590 1241 640 Dei
1254 588 1286 640 de
1297 588 1409 639 humeris
1421 587 1572 653 portantium
1586 587 1678 639 decidit

86 680 136 726 ³5.
150 674 317 725 blechemetes
330 688 345 725 a
360 674 467 725 castellis
479 675 559 726 redux
571 688 616 740 per
631 676 696 727 muri
706 676 806 729 lacunas
818 677 844 727 ln
900 690 930 727 ec
944 681 1012 728 muta
1024 676 1048 727 vi
1060 681 1134 727 terrae
1145 677 1264 739 adlusit,
1278 678 1308 728 ut
1326 676 1369 727 rix
1382 676 1511 727 tandcma
1526 676 1579 726 solo
1596 676 1677 726 direl-

43 762 152 815 urbem
165 766 292 827 penetrare
304 764 420 813 enavit.
437 794 467 806 -
479 768 518 814 te.
534 763 661 814 Adustino
671 766 785 829 repulsus
796 768 842 815 est.
900 766 1001 816 leretur.
1033 766 1128 817 Deinde
1138 780 1199 816 vero
1210 765 1312 816 suborta
1323 765 1406 815 subito
1418 768 1476 815 enm
1489 764 1569 815 imbre
1582 764 1678 815 violeu-

42 850 278 915 Subsequentibus
286 851 376 902 diebus
388 852 489 903 iteravit
505 851 685 916 impetus,nec
697 853 786 903 nebus
802 867 843 903 res
872 898 875 953 Ι
900 854 995 904 tissime
1013 854 1120 919 procella
1147 867 1261 918 pompam
1285 853 1444 905 disturbavit.
1487 855 1597 905 Infausta
1623 852 1678 903 brec

45 940 149 993 cessit.
170 968 202 979 -
225 945 263 992 37.
283 940 355 992 fland
372 940 451 1005 magis
474 943 560 991 contra
581 942 711 1003 Notarem,
728 944 845 1005 Magnum
872 956 875 1035 ι
901 942 1029 1005 presagia.
1041 945 1122 992 -fc
1144 945 1207 992 item
1220 944 1319 1005 postero
1332 942 1372 991 die
1393 941 1627 1005 comtantinopolim
1639 943 1677 991 fe·

46 1028 174 1091 ducem,
194 1028 273 1079 veluit
295 1028 431 1092 Paltcgles,
453 1029 524 1092 quie
542 1028 683 1093 Principum
702 1028 783 1079 insula
802 1044 842 1080 re·
872 1036 874 1099 ι
900 1029 973 1092 gebat
985 1030 1066 1080 nubes
1083 1032 1150 1089 atre,
1164 1028 1190 1079 in
1208 1044 1258 1092 qua
1277 1044 1368 1080 numen
1381 1030 1493 1080 divinum
1510 1028 1679 1094 derelinquere

45 1129 167 1175 versus,
192 1116 217 1171 in
240 1118 322 1167 cornu
343 1115 424 1165 εἱιιιιιιι
440 1115 592 1181 irruunpendi
618 1116 677 1167 fecit
696 1116 842 1181 perieulum.
872 1104 875 1181 i
900 1116 988 1168 urbem
1000 1116 1144 1168 ridebatur.

92 1207 138 1254 38.
156 1200 250 1253 Deinde
267 1203 517 1253 lfecbemetesnaves
537 1202 601 1253 ostio
614 1206 701 1268 portus
718 1205 844 1268 appositas

48 1292 195 1343 destruere
206 1290 292 1341 voluit.
307 1294 390 1349 Quum
403 1304 464 1341 rero
477 1292 543 1342 muri
560 1292 702 1343 Galatenses
714 1293 844 1343 obstaculo

48 1381 163 1440 essent,
177 1378 466 1443 quominusbcmbardis,
477 1379 563 1443 quales
577 1378 602 1429 in
615 1394 663 1429 usu
673 1382 756 1435 erent,
770 1393 845 1431 neves

50 1466 210 1528 attingeret,
224 1478 316 1515 norum
327 1466 469 1517 bombardae
480 1480 557 1531 genus
569 1466 719 1531 excogitavit
733 1470 758 1517 et
769 1467 843 1517 febri·

52 1554 173 1605 candum
194 1554 304 1616 curavit,
318 1568 369 1619 quo
381 1554 475 1621 lapides
490 1556 516 1606 in
533 1556 612 1606 altum
623 1556 684 1619 jacti
707 1556 843 1609 decidendo

54 1636 141 1692 nav'os
155 1642 345 1708 disrumperent.
361 1643 488 1707 Ejusmodi
506 1646 658 1695 tormentum
675 1642 701 1693 in
715 1642 777 1694 colle
789 1645 842 1692 Ga·

57 1730 154 1781 latensi
167 1730 206 1794 (s.
220 1730 364 1793 Tbcodert)
374 1732 488 1796 positum.
500 1732 600 1783 Primus
611 1730 672 1797 lapis
682 1744 714 1783 ex
727 1744 756 1781 eo
765 1731 841 1781 emia-

57 1830 108 1865 sus
123 1830 226 1881 neopum
237 1832 284 1868 non
294 1817 383 1883 tetigit,
395 1818 518 1869 secundus
532 1832 591 1869 vero
603 1818 627 1868 in
637 1818 743 1869 medam
752 1832 842 1870 navem

58 1902 160 1953 decidii
171 1917 276 1968 eamque
290 1904 416 1956 demersit.
432 1908 488 1967 Quo
500 1906 569 1969 viso,
579 1906 681 1970 relique
696 1920 772 1959 nares
785 1921 842 1958 mu·

61 1991 126 2042 tatis
144 1992 295 2043 stationibus
315 1992 443 2045 lmndnens
460 1994 607 2045 amentario
622 1994 760 2059 pericarlum
773 1992 842 2045 devi-

62 2078 154 2128 tarunt
165 2077 206 2141 (d.
227 2084 242 2129 5
255 2082 329 2141 Maii,
340 2094 389 2133 sec.
403 2081 542 2141 Darden).

97 2167 138 2214 39.
157 2165 242 2214 fertio
261 2166 301 2217 vel
315 2168 403 2230 qsrarto
417 2171 473 2231 post
489 2167 544 2217 baee
559 2168 600 2219 die
617 2167 666 2233 (2ο
681 2168 767 2232 April.
791 2179 842 2217 sec.

67 2254 171 2317 Durb.)
187 2254 213 2304 iu
228 2254 278 2305 alto
291 2254 473 2319 conspiciuntur
491 2258 542 2305 tres
553 2269 628 2306 neves
644 2255 771 2318 onerariae,
782 2268 845 2320 quas

63 2341 181 2393 Pontifex
204 2341 328 2409 maximus
350 2340 456 2393 obsessis
474 2342 567 2392 auxilio
589 2342 665 2393 misit.
686 2344 777 2393 Contra
796 2342 842 2391 bas

65 2428 134 2481 illico
151 2444 209 2481 cum
221 2430 300 2481 classe
312 2430 509 2495 exiitPaltogles.
520 2458 552 2469 —
562 2436 602 2481 40.
613 2432 750 2482 commisso
760 2430 845 2496 proelio

63 2518 214 2580 accerrimo,
226 2518 282 2571 ltali
293 2518 400 2569 bostium
412 2532 515 2569 numero
526 2519 637 2585 oppressi
648 2519 844 2579 succubuissent,

930 1209 971 1255 47.
987 1208 1044 1254 iarn
1056 1208 1112 1269 post
1125 1205 1300 1269 quinquaginta
1314 1206 1364 1255 fere
1375 1206 1472 1255 diorum
1484 1205 1637 1257 obsidionem
1648 1219 1679 1258 eo

900 1306 940 1343 res
951 1292 1067 1341 seducte
1080 1295 1163 1353 erent,
1174 1294 1203 1341 ιιι
1215 1291 1380 1342 lfecbemetes
1391 1291 1497 1355 generali
1506 1292 1603 1343 assultu
1611 1296 1679 1343 terra

900 1379 1013 1443 merique
1033 1382 1148 1443 suscepto
1167 1380 1257 1430 urbem
1277 1380 1462 1444 expugnandam
1482 1392 1537 1430 esse
1558 1380 1677 1431 censeret.

900 1468 1024 1516 Praeterea
1048 1466 1075 1515 in
1096 1479 1166 1515 mora
1185 1466 1322 1530 periculum
1338 1478 1393 1515 esse
1411 1464 1551 1528 ridebatur,
1564 1466 1631 1531 qnod
1650 1479 1679 1517 ex

899 1554 972 1605 ltalia
990 1555 1096 1605 edessem
1117 1552 1209 1603 auxilio
1230 1553 1353 1617 Bymntiis
1372 1552 1438 1602 mitti
1460 1553 1629 1604 nuntiabatur.
1647 1580 1680 1590 -

898 1644 985 1693 ιιι-50.
997 1644 1138 1692 convocata
1150 1642 1225 1705 igitur
1233 1640 1348 1691 mucione
1360 1654 1405 1692 rex
1417 1640 1544 1691 consilium
1556 1640 1678 1706 exposuit.

899 1711 1045 1784 dollaudata
1055 1734 1178 1784 exercilus
1187 1733 1294 1793 uirtute,
1305 1731 1408 1797 glorim
1416 1735 1442 1783 et
1453 1732 1556 1796 praemis
1564 1746 1596 1783 ex
1607 1735 1679 1796 capla

898 1816 961 1867 urbe
982 1816 1008 1867 in
1031 1817 1139 1879 singulos
1159 1816 1251 1869 milites
1272 1816 1441 1866 redundatum
1461 1816 1579 1879 predicet
1600 1819 1679 1893 atque

901 1919 1025 1955 summam
1036 1904 1147 1969 prosperi
1160 1918 1291 1955 successus
1304 1903 1503 1968 probabilitatem
1513 1903 1676 1954 demonstret.

901 1994 993 2045 Deinde
1009 1993 1042 2044 ad
1062 2008 1120 2044 suos
1131 2007 1253 2058 quemque
1264 1992 1354 2044 ducem
1373 2004 1501 2042 reversum
1512 1992 1621 2056 quietem
1637 2006 1681 2043 cn·

901 2081 1054 2145 perejubet,
1072 2094 1128 2132 cras
1138 2083 1222 2131 nutem
1241 2094 1314 2131 mune
1330 2078 1429 2131 ordines
1439 2079 1585 2147 disponere,
1601 2083 1627 2131 et
1643 2080 1679 2129 si·

900 2168 1004 2219 lentium
1013 2183 1085 2234 egere
1098 2183 1177 2233 usque
1189 2170 1251 2219 dum
1260 2172 1363 2219 canatur
1376 2168 1517 2219 classicum.
1526 2198 1558 2211 -
1567 2172 1605 2219 st.
1618 2168 1681 2219 Oba·

900 2270 972 2306 mura
989 2269 1047 2305 cum
1060 2257 1139 2307 classe
1151 2270 1253 2308 munun
1269 2256 1430 2317 maritimum,
1441 2258 1566 2320 zagnnus,
1576 2256 1682 2318 traiecto

899 2346 985 2407 ponte,
994 2358 1095 2393 murum
1109 2346 1190 2395 cornu
1204 2344 1287 2405 sinus,
1299 2343 1423 2393 caratzias
1436 2346 1462 2393 et
1474 2345 1575 2392 isaacus
1589 2345 1615 2393 et
1629 2346 1683 2393 lfa·

904 2431 1037 2482 cirumutes
1050 2430 1174 2495 obiectam
1194 2432 1283 2495 cuique
1296 2430 1361 2481 muri
1375 2429 1501 2481 fenestris
1513 2432 1610 2494 partem
1620 2429 1681 2481 edo·

903 2518 1007 2579 riantur,
1014 2518 1121 2570 (ibelilas
1126 2523 1212 2569 autem
1218 2520 1244 2570 et
1250 2518 1379 2580 Saratzias,
1386 2518 1419 2568 ab
1426 2521 1531 2581 utroque
1536 2517 1682 2582 rsqblatere

66 2605 115 2657 nisi
122 2606 254 2671 derepente
271 2609 373 2657 exortus
389 2608 474 2657 auster
487 2607 670 2658 validusnaues
687 2621 773 2657 corum
790 2621 846 2672 pro·
902 2607 1073 2667 stantes,inse
1085 2606 1152 2670 ipsos
1161 2606 1408 2657 bostem'converfere
1419 2602 1563 2663 studebunt,
1574 2605 1682 2654 uttanto

67 2694 217 2760 pulissetet,
230 2708 307 2759 quum
327 2697 464 2745 Tuscorum
482 2696 596 2746 triremes
604 2710 694 2747 cursus
714 2695 845 2746 velocitate
902 2693 1001 2744 fecilius
1014 2708 1057 2744 rex
1069 2707 1114 2759 per
1124 2694 1239 2744 bennam
1252 2693 1318 2743 muri
1330 2696 1458 2757 penetrare
1468 2692 1594 2755 italosque
1604 2690 1681 2755 repel-

68 2783 196 2837 inferiores
213 2788 309 2846 essent,
323 2783 350 2834 in
370 2788 471 2849 portum
487 2785 570 2837 salvas
582 2785 737 2837 deduxisset.
758 2812 790 2821 —
804 2788 844 2834 ιι.
900 2782 950 2833 lere
962 2782 1048 2847 possit.

70 2867 214 2932 Speculatus
239 2868 293 2917 bec
313 2868 344 2918 de
363 2868 434 2918 litore
453 2868 617 2920 lfecbemetes
638 2873 708 2920 ιιιιιιο
734 2868 846 2917 moestior
933 2877 973 2921 bt.
991 2870 1103 2921 crastino
1128 2869 1167 2920 die
1187 2872 1225 2930 (28
1246 2870 1322 2931 dfeif)
1337 2868 1452 2918 omnibus
1470 2867 1518 2918 rite
1541 2866 1677 2932 dispositis,

70 2956 142 3017 abiit,
156 2969 206 3019 que
224 2955 385 3007 confidentius
401 2957 533 3007 victoriam
551 2960 701 3022 speraverat.
715 2960 752 3007 Ex
771 2955 841 3005 ltalia

71 3042 194 3107 perierunt
203 3042 287 3107 viginti
298 3042 363 3107 duo;
376 3044 487 3095 sauciata
501 3046 626 3110 copiarum
637 3059 696 3111 pars
709 3043 811 3093 dimidia
821 3046 846 3093 et

71 3131 188 3196 ampliusc
211 3131 386 3182 infernorum
402 3133 481 3185 classe
495 3134 554 3183 sarsi
568 3137 626 3185 sunt
640 3148 715 3198 supra
729 3137 842 3195 centurn,

72 3220 193 3271 uenerati
209 3220 315 3284 amplius
335 3221 446 3272 trecenti.
465 3226 522 3287 lpse
540 3222 662 3287 Paltogles
680 3221 768 3285 lapidis
791 3221 843 3271 ictu

72 3306 158 3357 munus
168 3306 239 3369 tulit,
251 3306 324 3369 cuius
333 3307 412 3371 matie
425 3306 457 3357 ab
467 3321 524 3371 rege
532 3307 596 3358 irato
608 3307 715 3359 obtinuit
726 3311 755 3357 ut
766 3308 845 3356 vitam

72 3394 164 3449 salvem
175 3394 290 3456 baberet3
309 3408 441 3467 amunere
460 3400 540 3446 bmen
554 3399 665 3447 remotus
680 3399 705 3447 et
722 3395 847 3447 chamum

73 3482 187 3534 inlocum
201 3482 254 3546 ejus
266 3482 385 3535 suffectus
397 3486 444 3534 est.

103 3576 140 3621 m.
157 3571 251 3623 Deinde
263 3570 303 3637 (22
315 3571 401 3636 April.
413 3584 462 3621 aec.
475 3570 567 3635 Burb.)
577 3576 606 3621 ut
618 3574 701 3622 Contu
713 3571 794 3622 sinum
806 3586 848 3621 ue·

73 3660 143 3710 vibus
153 3662 297 3725 occuparet,
310 3673 403 3711 norum
415 3673 459 3711 rex
466 3660 595 3711 consilium
603 3660 674 3712 inivit
682 3664 708 3712 et
715 3664 847 3713 exsecutus

75 3750 119 3797 est.
150 3747 222 3797 Viam
232 3751 288 3797 octo
301 3748 438 3799 stadiorum
452 3748 611 3813 stravit,qua
629 3763 706 3799 naves
724 3749 847 3814 sexaginta

75 3836 165 3897 septem
187 3850 203 3886 e
223 3836 308 3886 classis
330 3836 450 3897 statione,
465 3850 521 3899 quae
542 3836 596 3886 erat
614 3836 646 3886 ad
667 3837 846 3901 Diplocionium

76 3919 266 3987 (Beelitfucb),
278 3923 303 3973 in
318 3923 406 3975 collem
418 3922 573 3973 Gdatcnsem
587 3922 682 3974 eductu
698 3926 723 3975 et
734 3924 792 3973 binc
803 3924 846 3974 de·

78 4010 154 4062 misse
166 4016 224 4061 sunt
236 4012 262 4063 in
277 4025 332 4069 eam
345 4012 414 4061 sinus
427 4014 523 4076 partem
536 4024 593 4075 quea
605 4014 708 4061 vocatur
722 4016 848 4075 aquarum

78 4098 224 4162 frigidarum.
258 4102 326 4163 Opus
344 4098 393 4149 boc
412 4098 550 4150 mirabilius
566 4100 610 4150 illo
630 4114 681 4163 quo
699 4102 792 4151 Xerxes
804 4114 849 4152 rex

82 4186 142 4237 Atho
153 4190 262 4237 mentm
275 4188 387 4251 perfodit.
397 4216 428 4225 -
438 4192 477 4239 43.
488 4189 597 4254 bysantii
614 4188 698 4253 igitur,
707 4202 848 4253 quanquam

79 4286 170 4323 summa
190 4276 243 4337 ιιιιιι
264 4275 391 4339 copiarum
410 4275 491 4340 inopia
514 4275 666 4337 laborantes,
687 4290 752 4326 nunc
774 4276 849 4326 etiem

80 4373 173 4410 murum
186 4359 315 4423 bucusque
334 4360 525 4423 incustoditum,
536 4361 579 4424 qui
589 4374 633 4425 per
643 4365 674 4411 ιο
684 4361 763 4411 stadie
776 4360 849 4423 inab

81 4448 157 4497 domu
186 4448 304 4512 pertinet,
324 4448 546 4513 propugnatoribus
567 4448 664 4499 munire
689 4448 847 4513 cogebantur.

82 4540 133 4587 lluc
145 4538 249 4589 accessit
262 4538 329 4602 quod
344 4538 396 4600 jem
407 4538 481 4609 etiem
495 4542 596 4604 pontem
608 4539 634 4589 in
648 4539 703 4590 sinu
721 4540 807 4590 intimo
817 4540 849 4591 ad

82 4625 149 4675 inem
163 4625 238 4677 nurci
249 4626 461 4692 perduxeramus
469 4628 587 4679 Matres.
595 4628 696 4691 barb).
705 4632 850 4679 -lblum

81 4713 187 4765 lustinus
197 4714 385 4780 (sustentatos)
397 4716 501 4767 alteram
516 4732 546 4768 ex
558 4716 654 4767 duabus
669 4718 721 4768 suis
733 4718 850 4768 onerariis

82 4806 105 4853 et
115 4806 162 4853 tres
175 4803 289 4855 triremes
299 4806 375 4857 fialas
387 4806 418 4856 ad
431 4808 513 4856 Cornu
525 4807 594 4857 sinus
613 4806 704 4857 ostium
722 4807 805 4870 duxit,
822 4811 850 4858 ut

83 4891 179 4941 hostiles
187 4904 264 4941 neres
275 4893 381 4943 inclusas
394 4897 526 4947 coerceret.
566 4898 606 4956 At,
619 4908 646 4946 re
655 4898 849 4958 compertaile·

9 4976 13 4982 '
84 4980 199 5033 eleustus
211 4985 284 5032 noctu
300 4983 449 5033 bombardae
460 4984 485 5034 in
498 4984 640 5048 oppositum
651 4985 710 5035 litus
727 4985 790 5035 clam
803 4986 849 5035 ad-

84 5068 160 5131 duxit,
171 5069 249 5133 iisque
260 5084 336 5120 unam
349 5070 487 5121 triremium
497 5071 622 5122 demersit.
656 5074 712 5129 Quo
723 5072 799 5133 facto,
813 5086 851 5123 re-

85 5156 150 5220 lique
165 5161 234 5208 extre
245 5159 351 5209 telorum
360 5158 455 5221 jectum
466 5171 493 5206 se
501 5155 681 5207 subduxerunt.

111 5249 146 5296 le.
161 5246 249 5295 Dedere
272 5246 323 5297 tere
343 5248 466 5309 temporo,
478 5244 559 5295 tribus
579 5244 618 5294 vel
636 5246 754 5307 quattuor
765 5243 852 5294 diebus

901 2957 1065 3010 lfecbemetes
1079 2956 1215 3007 exereitum
1228 2970 1378 3019 murumque
1398 2958 1541 3006 terrestrem
1559 2954 1676 3021 inspexit.

901 3049 966 3098 Tum
979 3045 1071 3096 milites
1083 3044 1167 3095 cibum
1176 3058 1275 3095 sumere
1286 3046 1311 3096 et
1322 3044 1431 3107 quietem
1445 3042 1519 3105 jussit
1529 3042 1682 3107 usque-dum

900 3136 1030 3187 classicum
1038 3133 1174 3184 audiretur.
1183 3138 1258 3183 -53,
1266 3132 1396 3184 insolitum
1409 3135 1548 3182 castrorum
1557 3132 1681 3182 silendum

900 3223 1019 3273 mirantes
1027 3221 1122 3273 obsessi
1134 3226 1159 3271 et
1168 3221 1216 3286 ipsi
1228 3222 1260 3271 ad
1272 3220 1367 3271 iustam
1375 3224 1499 3270 certamen
1510 3220 1679 3284 accinguntur.

900 3340 932 3349 -
943 3315 981 3363 54.
995 3314 1117 3375 vergente
1130 3310 1179 3374 die,
1190 3309 1289 3373 quaudo
1302 3309 1340 3359 sol
1349 3308 1438 3359 Tuscis
1449 3322 1465 3358 a
1475 3310 1546 3371 tergo
1557 3308 1626 3372 erat,
1639 3320 1680 3357 ca·

902 3397 971 3447 nitur
982 3396 1122 3447 classicum.
1155 3394 1194 3445 ad
1215 3394 1274 3445 solis
1292 3408 1371 3457 usque
1385 3406 1501 3443 ooeesum
1514 3406 1558 3457 per
1568 3392 1632 3443 dues
1642 3393 1683 3443 rel

902 3486 954 3536 tres
960 3485 1036 3536 boras
1046 3483 1191 3548 preliantur
1200 3483 1304 3534 eminus.
1313 3488 1389 3532 -55.
1397 3484 1461 3532 Tum
1469 3481 1583 3530 cobortes
1591 3479 1682 3543 regie,

899 3574 1003 3638 trajecta
1016 3573 1096 3634 fossa,
1107 3572 1200 3622 sellum
1212 3572 1277 3635 quod
1289 3570 1384 3621 obsessi
1399 3572 1558 3630 struxerant,
1571 3568 1684 3618 adoriun-

901 3665 952 3712 tur.
975 3662 1053 3711 Ssevit
1063 3674 1145 3725 pugna
1157 3658 1286 3724 percoctis
1298 3662 1394 3724 partem
1402 3658 1536 3721 majorem,
1547 3670 1593 3706 nee
1601 3659 1683 3706 umen

900 3749 1013 3800 lustinus
1026 3750 1129 3812 ejusque
1142 3748 1203 3797 socii
1213 3747 1245 3797 de
1258 3747 1323 3796 vello
1335 3745 1507 3796 deturbantur.
1522 3770 1549 3780 κ
1562 3751 1600 3795 bo.
1609 3742 1683 3793 lleud

901 3842 990 3893 melius
999 3855 1039 3892 res
1047 3841 1123 3891 cessit
1132 3844 1227 3903 lagano
1235 3841 1261 3889 et
1270 3838 1389 3888 curuis
1395 3837 1533 3899 ceterisque
1543 3838 1682 3885 lurcorum

900 3930 1015 3980 ducibus.
1028 3955 1060 3971 -·
1081 3933 1119 3980 57.
1140 3927 1305 3977 lfecbemetes
1327 3924 1419 3975 militas
1441 3922 1556 3988 fatigatos
1579 3922 1680 3983 videns,

902 4030 978 4068 noras
993 4018 1077 4081 copies
1096 4016 1267 4079 inferensque
1281 4013 1422 4077 jenitreros,
1433 4011 1586 4077 precipuum
1606 4024 1680 4061 exer-

900 4106 967 4156 citus
978 4105 1062 4166 robur,
1074 4103 1182 4155 adducit.
1198 4105 1286 4160 Denuo
1298 4100 1412 4165 proelium
1422 4099 1568 4151 exardescit.
1578 4100 1683 4149 Strenue

901 4194 1016 4245 lustinus
1037 4192 1145 4251 resistit,
1163 4190 1262 4241 tandem
1275 4203 1336 4240 rere
1355 4201 1400 4252 per
1413 4188 1541 4238 thoracem
1559 4186 1584 4236 in
1597 4188 1684 4250 pectus

901 4281 971 4332 letali
982 4282 1083 4332 sulcem
1094 4280 1161 4330 ictus
1171 4277 1278 4328 concidit
1289 4290 1319 4327 ac
1331 4275 1430 4325 saucius
1443 4278 1584 4340 asportatur
1593 4273 1619 4324 in
1632 4277 1683 4323 ten

902 4370 1003 4420 terium.
1035 4370 1089 4419 lioc
1108 4382 1168 4418 casu
1191 4365 1252 4417 socii
1271 4366 1325 4429 ejus
1345 4364 1455 4424 turbati,
1480 4363 1578 4414 dmerto
1602 4360 1680 4420 vallo,

903 4456 1043 4522 spretisque
1058 4454 1210 4509 comtentui
1220 4453 1350 4518 precibus,
1361 4465 1413 4502 sues
1426 4451 1519 4516 quique
1528 4448 1681 4499 consulentes

903 4544 979 4595 saluti
991 4543 1025 4594 ed
1043 4557 1119 4594 naves
1133 4556 1160 4593 se
1173 4541 1320 4607 proripiunt.
1332 4567 1363 4577 -
1377 4544 1416 4589 ee.
1430 4536 1603 4589 constantinus
1622 4548 1680 4583 cum

904 4632 1006 4695 reliquis
1019 4631 1096 4697 comis
1106 4630 1132 4680 iu
1142 4630 1207 4681 vallo
1218 4642 1325 4694 ιιιιιιιιιιῐιι
1334 4628 1456 4678 sustinere
1467 4624 1554 4691 pergit.
1561 4625 1636 4670 -ιιο,
1647 4623 1679 4669 at

903 4721 1069 4771 lfecbemetes
1096 4719 1265 4770 animadversa
1290 4717 1411 4769 Italorum
1430 4715 1487 4777 fuga
1512 4712 1536 4759 in
1562 4707 1679 4770 majorem

904 4810 1076 4874 emmerectus
1084 4806 1244 4858 tantommus
1252 4804 1364 4869 prelium
1373 4805 1453 4865 urget.
1464 4797 1595 4849 Pelluntur
1603 4794 1679 4844 Turci

903 4896 981 4959 sallo,
1000 4896 1104 4960 ejusque
1121 4896 1313 4959 propugrrmores
1330 4890 1420 4956 partim
1440 4888 1465 4935 in
1485 4878 1577 4933 fossam
1596 4881 1681 4944 praui·

905 4985 970 5049 pites
980 4984 1054 5045 dent,
1069 4983 1162 5047 parlim
1171 4995 1215 5047 per
1225 4981 1362 5045 portulam,
1375 4987 1450 5038 (ιιιιιιιι
1461 4972 1487 5021 in
1500 4981 1572 5021 rouro
1591 4980 1682 5029 magno

903 5072 1017 5122 fucinus
1028 5072 1172 5134 aperuerat,
1184 5068 1210 5118 in
1218 5068 1306 5118 urbem
1315 5060 1456 5114 retrudunt-
1485 5052 1521 5105 lio
1534 5055 1560 5104 in
1570 5054 1681 5104 tumultu

907 5159 1081 5210 Constantinus
1090 5158 1221 5220 imperator
1232 5152 1329 5205 cecidit.
1339 5177 1362 5187 -
1381 5151 1466 5196 efet.
1476 5146 1533 5192 Jam
1544 5143 1682 5191 Turwrum

905 5258 962 5309 pars
973 5259 1018 5309 per
1029 5244 1153 5309 portulam
1172 5242 1253 5300 illam,
1269 5240 1309 5314 elii
1327 5250 1371 5301 per
1380 5233 1447 5283 muri
1459 5230 1543 5281 ruinas
1554 5228 1580 5278 iu
1595 5227 1682 5278 urbem
