3809 5859
729 332 1009 396 indumentum.
1137 358 1141 369 ·
1630 345 1670 403 ts

274 492 391 555 LIBER
412 438 624 555 SECUNilUS.

38 660 96 698 ars.
108 662 138 697 11.
148 650 209 697 6961
219 648 244 697 51
254 650 315 696 6165
326 647 348 708 (1
359 659 425 696 sarz.
440 645 596 709 1455-1455).
608 660 679 697 ancus
689 662 730 699 55.
742 662 766 699 15
776 652 835 699 515.

82 788 107 833 1.
126 781 374 833 1155155515555545
385 780 470 831 incolis
480 781 715 845 Constantinopolim
726 783 837 845 trequen-

34 872 167 933 taturus,
186 872 321 925 Turcoset
336 868 489 919 Christianos
502 872 527 919 et
550 870 650 919 Judaos
669 884 699 918 cx
722 870 836 921 omnibus

36 954 124 1015 regni
144 954 258 1019 partibus
271 954 296 1003 in
309 968 363 1003 earn
375 954 501 1003 conduxit.
520 956 605 1003 415555
622 954 693 1005 55145
709 960 834 1005 restaura·

40 1041 101 1103 vit,
129 1042 215 1105 palatii
232 1042 293 1103 y'ecit
313 1040 488 1102 fundamenta3
506 1040 539 1091 ad
554 1045 651 1105 portam
666 1048 774 1094 Auream
794 1057 834 1093 ca·

38 1129 156 1179 51544115
174 1129 269 1179 exstrui
280 1130 363 1192 jussit.
375 1155 407 1166 -
422 1136 444 1179 a.
457 1128 548 1179 lisdem
564 1130 650 1181 diebus
665 1132 831 1195 Gennadium,

37 1230 129 1279 quem
142 1217 227 1267 statim
239 1222 294 1281 post
310 1221 407 1281 captam
423 1218 510 1267 urbem
521 1219 600 1281 quaeri
609 1220 718 1283 jusserat
737 1234 766 1271 ac
780 1224 834 1271 tan-

37 1307 108 1355 dern
124 1306 281 1369 adnanopoti
292 1305 355 1355 inter
366 1305 476 1369 captivos
487 1306 623 1367 invenerat,
639 1307 834 1360 Christianorum

38 1395 220 1458 patriarcham
235 1394 370 1445 coustituit.

83 1485 109 1532 3.
130 1484 160 1531 45
177 1480 260 1531 Asiam
275 1480 401 1543 proiectus
421 1482 505 1531 Prusae
519 1480 636 1545 adpatris
652 1481 773 1531 tumulum
791 1483 832 1531 in-

44 1569 132 1619 155455
144 1568 201 1635 egit.
217 1568 303 1618 liebus
313 1567 428 1618 Asiaticis
439 1568 463 1617 in
474 1568 586 1620 ordinem
603 1570 710 1619 redactis
721 1574 752 1641 51Ι
761 1583 827 1634 pre-

43 1658 151 1707 1551555
162 1655 268 1720 regionis
282 1656 414 1707 1155555
425 1656 556 1706 commissa
570 1660 655 1721 (Auo.
676 1661 765 1721 1455),
776 1662 832 1723 post

45 1744 108 1795 dics
133 1742 357 1808 trigintaquinque
374 1744 529 1805 Byzantium,
551 1744 656 1807 indeque
676 1744 758 1808 paullo
770 1748 833 1817 ¹post

44 1832 136 1882 414555
147 1831 328 1895 Adrianopolim
337 1831 419 1881 rediit.
429 1832 585 1882 4141555155
595 1832 719 1895 Callipolis
728 1835 833 1896 satrapae

44 1920 190 1982 classisque
198 1919 314 1983 55515515
322 1919 457 1979 mandarit,
469 1922 498 1970 51
508 1920 687 1983 expeditionem
697 1920 832 1985 susciperet

44 2001 139 2047 555155
150 1998 247 2046 Naxum
261 2000 287 2047 et
300 1996 415 2046 ltbodum
431 1997 570 2061 insulasque
586 1999 687 2048 libodiis
704 1999 829 2061 aditiales,

46 2088 160 2145 Parum,
176 2085 320 2144 ltbmaeam,
334 2086 396 2145 Con,
412 2084 481 2134 alias.
494 2084 615 2135 Nimirum
627 2086 830 2138 4411514451415541

47 2176 128 2237 pacta
138 2186 195 2221 cum
205 2184 261 2235 rege
268 2170 328 2221 inire
337 2172 472 2231 noluerant,
482 2172 526 2221 sed
534 2186 592 2222 curn
600 2174 685 2237 piratis
698 2173 826 2235 iaciebant,

50 2260 99 2322 qui
114 2263 252 2313 Tuscorum
266 2272 334 2309 oram
349 2259 496 2309 maritimam
509 2260 663 2312 infestabant.

215 2417 317 2465 1555155
325 2415 441 2471 expeditio
458 2418 539 2463 contro
555 2417 666 2463 41551455.

84 2565 236 2613 41555155
254 2576 310 2612 555
330 2563 454 2627 octoginta
476 2564 580 2613 navibus
595 2564 672 2628 longis
693 2564 827 2627 multisque

51 2653 174 2703 onerariis
197 2652 309 2717 Callipoli
327 2654 452 2703 Tenedum
471 2654 603 2719 navigavit.
623 2656 724 2706 Duobus
741 2655 828 2705 dicbus

48 2742 108 2803 post
122 2742 197 2787 55515
217 2738 274 2787 1455
291 2737 417 2802 proiectus
430 2739 455 2788 in
473 2742 643 2803 tempestatem
658 2740 756 2800 incidit,
775 2752 825 2802 qna

49 2839 129 2878 nares
146 2825 229 2889 viginti
241 2824 351 2889 quinque
362 2824 494 2887 dememae,
516 2827 616 2892 reliquae
631 2827 681 2877 buc
700 2825 824 2877 41455145-

49 2928 129 2979 persas
140 2916 204 2962 sunt.
217 2940 248 2949 -
259 2919 282 2965 5.
291 2916 345 2977 lpse
355 2926 412 2962 cum
423 2926 466 2963 sex
476 2912 581 2963 naribus
592 2926 691 2975 5555555
701 2912 826 2974 sequentis

50 3001 102 3051 dici
114 3000 205 3050 iquii
222 3004 320 3064 555155
334 3001 433 3051 delatus
452 3004 498 3051 est.
511 3002 657 3051 ltecollecta
676 3001 711 3051 ibi
730 3001 823 3063 classe,

50 3088 136 3138 triduo
147 3088 245 3151 posted
258 3089 309 3137 Con
322 3089 423 3151 appulit.
439 3091 573 3153 Postquam
586 3088 672 3138 urbem
683 3088 768 3138 insula
781 3104 825 3153 per

50 3178 103 3225 tres
114 3174 166 3225 dies
182 3175 304 3225 4555155155
314 3176 451 3237 obsederat,
464 3176 581 3227 suburbia
589 3180 615 3227 et
628 3190 699 3239 agros
710 3176 823 3236 55515541,

50 3262 138 3313 154515
161 3264 245 3328 preda
270 3266 373 3313 onustus
388 3262 494 3313 reditum
511 3264 631 3326 instituit,
653 3264 739 3327 inquo
758 3264 823 3314 Pbo-

51 3366 102 3403 raea
113 3367 175 3403 5555
185 3356 194 3417 (
204 3356 297 3417 155545
310 3352 412 3417 nuovo)
423 3354 516 3418 potitus
529 3358 566 3405 cst
579 3354 588 3419 (
599 3364 608 3405 t
620 3358 687 3405 Nou.
705 3359 763 3405 1455
773 3369 822 3405 555.

51 3444 177 3499 1455515).
198 3442 320 3506 0551155
341 3441 402 3492 4451
422 3442 540 3492 Chiorum
560 3443 741 3507 5551,554155,
767 3443 825 3494 licet

52 3528 538 3589 5515155145,1555155545555515155.
554 3530 689 3595 Callipolim
708 3545 822 3581 reversus

52 3617 132 3679 paullo
145 3618 198 3679 5551
216 3629 231 3666 5
247 3629 302 3680 rege
313 3615 410 3666 occisus
422 3619 470 3677 cst,
490 3620 544 3667 tum
561 3616 593 3665 ob
604 3618 718 3667 amissam
738 3619 823 3669 classis

53 3706 144 3766 partem
156 3706 209 3753 torn
221 3702 275 3753 aliis
287 3704 319 3753 dc
333 3703 422 3753 causis.

182 3871 271 3917 5514551
284 3873 366 3917 eontra
379 3871 493 3917 151151155
506 3872 555 3917 5155
564 3872 665 3918 serato.

84 4018 106 4060 5.
120 4011 281 4064 Triballorum
293 4013 465 4078 (Seruios-um)
479 4014 590 4079 princeps
607 4014 737 4065 511541515
751 4016 821 4065 statis

54 4094 200 4157 temporibus
219 4096 336 4148 solvendo
349 4098 506 4162 negligentior
515 4100 580 4160 erat,
598 4101 623 4149 et
637 4113 694 4149 curn
706 4101 822 4150 Paeonum

57 4182 250 4247 (vaporarunt)
271 4198 327 4249 rege
348 4180 410 4235 5155
435 4185 576 4236 5554515155
598 4186 709 4237 iniceret.
737 4190 823 4251 ltaque

57 4269 215 4320 blechemetes
231 4284 274 4321 rex
288 4272 380 4322 15455
399 4274 422 4323 54
438 4273 591 4323 4515555155
607 4276 675 4325 15515
687 4277 822 4339 promptius

55 4356 172 4417 15555541,
194 4342 260 4421 quod
277 4361 399 4423 regionem
417 4360 584 4423 Triballicam,
601 4365 687 4425 515515
705 4363 737 4411 11
751 4362 821 4413 4555-

56 4442 144 4493 155155
162 4447 262 4497 Paeones
284 4450 309 4497 et
329 4450 408 4499 Dacos
421 4449 664 4513 opportunissimam,
686 4452 820 4514 55551551-

53 4530 150 4595 iungere
174 4534 295 4597 cupiebat.
313 4562 345 4571 -
363 4538 388 4586 7.
407 4539 508 4587 Terram
522 4537 599 4599 hanc,
614 4539 685 4601 cujus
703 4538 778 4589 situm
797 4542 823 4589 et

56 4623 164 4669 naturam
176 4621 201 4670 et
214 4624 347 4685 proventus
359 4623 527 4686 compluribus
542 4623 683 4674 Critobulus
694 4624 820 4686 describit,

54 4708 102 4768 jam
112 4705 170 4756 olim
183 4708 243 4770 (55.
258 4710 447 4772 1415115555
458 4724 502 4760 rex
513 4713 603 4761 Lazaro
612 4710 683 4775 (deb.
698 4715 822 4776 1555515)

57 4793 189 4857 ademerat,
204 4800 289 4859 postea
306 4810 364 4847 vero
381 4798 441 4861 (55.
458 4800 535 4861 1444)
556 4798 710 4861 reddiderat,
729 4802 822 4852 tributo

57 4894 132 4931 annuo
143 4886 284 4946 contentus,
297 4885 364 4949 quod
377 4885 465 4937 deinde
477 4886 551 4936 ctiam
559 4886 705 4937 llecltemeti
717 4890 822 4940 Lazarus

57 4964 200 5027 aliquamdiu
218 4966 331 5017 solverat.
353 4996 386 5007 -
404 4968 763 5033 5.11555555155151555555
780 4986 820 5022 55.

59 5052 112 5099 1455
123 5064 180 5100 cum
192 5052 365 5118 quinquaginta
378 5054 491 5117 equitnm
509 5054 616 5104 millibus
633 5058 659 5104 et
671 5055 762 5117 majore
781 5069 821 5120 55-

58 5136 129 5188 ditum
146 5153 248 5191 numero
275 5142 431 5206 adrianopoli
448 5142 573 5205 protectos
601 5142 711 5206 septimis
732 5144 820 5193 castris

893 444 1008 515 Hae'mum
1030 466 1126 530 trajecit
1141 470 1167 517 et
1186 466 1243 516 binc
1263 467 1343 517 tertiis
1363 468 1452 519 5551545
1472 468 1498 517 45
1525 469 1586 520 lines
1604 473 1670 522 venit

895 553 1068 603 Triballorum.
1086 554 1157 617 agris
1173 566 1217 617 per
1232 554 1319 618 viginti
1332 555 1440 618 51145555
1449 554 1515 613 ‚dies
1527 557 1631 607 55515145
1643 562 1670 608 51

892 640 979 690 554145
992 641 1070 705 captis
1083 642 1201 704 castellis,
1213 643 1387 706 Noroprodnm
1396 643 1572 709 (nombroca)
1582 646 1670 697 urbem

885 728 948 795 ,auri
958 731 984 779 51
997 728 1091 792 argenti
1106 730 1215 780 metallis
1228 729 1330 780 1454155
1347 730 1579 789 515414555545541.
1597 761 1629 770 -
1642 738 1666 785 s.

890 819 998 865 lazaros
1011 817 1166 882 (65555155)
1179 818 1271 868 incolas
1283 832 1298 869 5
1313 819 1391 882 515545
1406 819 1467 868 45515
1480 819 1505 869 45
1518 820 1606 871 altiora
1621 821 1667 870 ab·

890 902 1093 967 duxit3castella,
1106 918 1163 968 quae
1173 906 1270 955 tenebat
1282 905 1377 966 adhuc,
1390 906 1508 967 munivit3
1517 907 1667 958 8555515451

890 990 963 1053 regite
974 991 1113 1041 custodiam
1127 992 1241 1041 54551415
1259 992 1395 1053 commisit,
1415 993 1469 1057 ipse
1486 1007 1546 1044 5555
1560 996 1667 1045 55515-

890 1077 957 1126 milia
971 1077 1107 1141 opibusque
1115 1082 1209 1128 lstrnm
1218 1082 1385 1143 transgressus
1397 1081 1428 1130 ad
1437 1083 1518 1131 Dacos
1527 1084 1552 1131 et
1562 1084 1665 1131 Paeones

889 1164 963 1222 abiit3
976 1164 1126 1215 155155115
1134 1170 1190 1229 post
1198 1168 1280 1215 autem
1287 1166 1463 1231 missislegatis
1474 1182 1560 1232 pacem
1569 1168 1663 1232 petivit,

890 1265 996 1315 eamque
1008 1252 1114 1303 obtinuit
1127 1268 1157 1303 ea
1174 1253 1313 1304 conditione
1329 1258 1357 1304 ut
1374 1256 1537 1306 blechemetes
1552 1270 1609 1320 5551
1622 1271 1666 1307 55·

890 1340 967 1403 545551
976 1341 1031 1390 loca
1041 1341 1165 1402 retineret,
1181 1342 1276 1405 reliqua
1288 1348 1368 1393 555551
1380 1344 1465 1393 Lazari
1476 1345 1599 1395 tributum
1607 1360 1669 1410 pen·

889 1426 970 1477 dentis
990 1427 1071 1491 panllo
1089 1429 1171 1479 minus
1186 1430 1297 1493 eoquod
1317 1434 1389 1481 antea
1412 1433 1531 1483 soluerat.
1559 1434 1661 1484 Interim

889 1519 964 1568 ctiam
976 1520 1149 1584 novoprodom
1161 1525 1216 1585 post
1226 1523 1387 1586 qnadraginta
1400 1524 1496 1574 dierum
1510 1525 1661 1577 obsidionem

889 1622 943 1657 5555
956 1608 1058 1659 dederat
1075 1611 1201 1667 (15511515
1215 1612 1293 1659 15515
1313 1611 1397 1675 1455).
1409 1614 1518 1661 Lazarus
1535 1612 1611 1676 igitur
1630 1614 1662 1681 51

888 1706 948 1741 5555
970 1692 1056 1754 rediit,
1077 1694 1400 1755 415515551555555,1445
1422 1696 1518 1759 pasiam
1538 1696 1564 1746 in
1578 1698 1662 1749 555515

888 1778 1040 1841 relinquens,
1051 1784 1153 1830 excunte
1166 1783 1253 1830 estate
1270 1781 1454 1846 adrianopolim
1471 1796 1587 1833 15155555
1606 1788 1659 1848 cst,

888 1866 952 1917 unde
963 1868 1045 1930 paullo
1057 1870 1113 1931 post
1125 1868 1271 1929 Byzantium
1286 1882 1313 1919 sc
1330 1869 1486 1921 55515141-
1498 1871 1659 1923 5541155511

888 1958 1047 2018 1155551951,
1061 1953 1124 2018 regis
1139 1968 1218 2004 annus
1230 1955 1339 2018 quintus.

963 2133 1002 2167 55.
1018 2134 1044 2168 a.
1056 2123 1116 2169 6154
1127 2118 1149 2181 (i
1167 2133 1233 2169 sarr.
1246 2118 1397 2183 tassiano).
1414 2132 1483 2168 nsors
1497 2133 1538 2169 55.
1551 2136 1587 2171 51.

918 2284 955 2329 to,
973 2280 1083 2343 Byzantii
1096 2281 1128 2330 ad
1139 2281 1213 2331 duem
1226 2282 1373 2344 perductum
1386 2285 1423 2331 est
1434 2280 1553 2345 palatium
1577 2284 1601 2331 et
1614 2289 1659 2331 ca·-

883 2366 1071 2429 5151455551151
1086 2372 1183 2418 sume.
1201 2368 1357 2418 Restaurarit
1372 2382 1415 2417 rex
1433 2372 1519 2433 pontcs
1535 2372 1659 2420 vetustata

884 2457 1004 2522 collapsos
1018 2458 1049 2507 ad
1067 2459 1186 2523 athyram
1198 2463 1224 2510 51
1238 2460 1375 2523 ltlregium3
1387 2458 1441 2507 vias
1457 2459 1602 2521 Byzantium
1614 2458 1659 2509 dn-

886 2546 971 2590 centes
982 2540 1067 2591 reiecit
1078 2556 1249 2605 cauponesque
1258 2542 1288 2591 iis
1303 2542 1429 2605 apposnit:
1440 2542 1526 2591 balnea
1539 2546 1564 2592 et
1576 2556 1657 2605 aquae

881 2625 972 2675 ductus
980 2624 1123 2688 aediticavit,
1134 2628 1209 2688 atque
1220 2638 1297 2675 nouos
1307 2624 1398 2674 incolas
1411 2623 1519 2687 undiquc
1529 2624 1554 2673 in
1565 2625 1652 2675 urbem

881 2708 1009 2759 conduxit.

989 2881 1110 2939 Expeditio
1119 2882 1200 2926 contra
1210 2880 1320 2927 11551555
1330 2881 1379 2925 1551
1393 2881 1530 2937 principem.

912 3049 948 3095 11.
962 3042 1078 3095 4455145
1089 3056 1130 3091 rex
1139 3044 1284 3106 occupatur,
1294 3041 1375 3091 media
1385 3041 1466 3092 bieme
1477 3042 1577 3093 nuntius
1588 3043 1655 3093 551141

878 3134 1011 3194 Doricum,
1024 3131 1078 3180 AEni
1089 3130 1158 3180 urbis
1169 3133 1193 3180 et
1206 3130 1282 3181 lmbri
1291 3134 1318 3179 et
1327 3130 1500 3180 Samothraces
1508 3131 1651 3194 principem,

878 3232 918 3269 res
927 3233 1003 3269 novas
1012 3218 1100 3269 moliri.
1110 3218 1207 3268 scilicet
1216 3217 1357 3267 Palamedes
1367 3218 1448 3281 paullo
1457 3220 1514 3267 5515
1523 3218 1654 3268 damnatus

878 3306 982 3356 heredes
995 3319 1027 3357 ex
1049 3320 1120 3369 nequo
1132 3305 1263 3368 reliquerat
1276 3304 1393 3354 Doricum
1404 3304 1483 3354 tilium
1500 3308 1526 3355 et
1541 3305 1654 3357 defuncti

878 3394 922 3445 tilii
936 3394 1035 3455 maioris
1048 3406 1151 3443 uxorem
1169 3394 1280 3456 cy‘nsquc·
1291 3391 1393 3454 liberos,
1412 3395 1439 3441 nt
1452 3393 1556 3443 Dorieus
1573 3396 1652 3443 testa·

877 3485 988 3533 mentum
1000 3482 1078 3546 patris
1095 3478 1158 3530 nihii
1175 3493 1277 3542 curans,
1297 3479 1364 3529 solus
1383 3482 1409 3529 ct
1425 3493 1500 3543 reguo
1519 3483 1544 3529 et
1563 3479 1653 3543 opibus

878 3569 987 3633 paternis
1001 3569 1093 3633 potitus
1106 3570 1167 3619 erat.
1182 3571 1264 3626 Quare
1276 3566 1359 3617 1551515
1371 3580 1434 3615 uxor
1449 3569 1505 3630 post
1523 3566 1651 3617 5555145·

878 3656 999 3708 suadendi
1009 3656 1156 3715 tentamina,
1171 3655 1320 3705 arunculum
1329 3654 1397 3703 roisit
1409 3654 1452 3717 qui
1463 3654 1547 3704 Doriei
1555 3654 1650 3703 lacinus

878 3748 903 3795 et
915 3745 1009 3794 nefasta
1021 3742 1121 3793 consilia
1139 3742 1190 3805 regi
1202 3741 1332 3791 indicaret.
1348 3768 1379 3777 -
1396 3744 1431 3791 11.
1443 3743 1503 3791 41155
1521 3740 1584 3789 4555
1595 3744 1648 3791 415·

877 3830 994 3881 51555145
1002 3832 1146 3889 moverunt,
1153 3832 1273 3894 praeterea
1283 3840 1331 3877 non
1344 3827 1652 3879 5551555551555551415·

876 3916 950 3966 batur
958 3918 1035 3966 51555
1049 3916 1108 3967 urbs
1119 3915 1219 3979 insignis
1227 3917 1280 3964 1551
1293 3915 1344 3964 5115
1357 3928 1403 3964 555
1415 3917 1536 3964 11155555
1546 3916 1649 3978 opibus,

875 4003 1003 4067 dequibus
1019 4003 1097 4053 tostus
1111 4002 1252 4054 Critobulus
1262 4002 1369 4065 exponit.
1382 4028 1414 4039 -·
1428 4006 1464 4053 14.
1478 4005 1651 4053 anteceniam

876 4095 902 4141 51
913 4092 1089 4155 quinquaginta
1104 4092 1154 4141 1555
1169 4104 1246 4141 annos
1260 4078 1402 4141 Cateliirzns
1423 4088 1502 4139 italus
1515 4092 1604 4140 AEnum
1624 4094 1649 4141 et

875 4170 1010 4242 Mitylenen
1018 4182 1136 4242 tanquam
1149 4179 1232 4229 dotem
1242 4178 1332 4238 uaeris,
1345 4187 1401 4240 51115
1412 4179 1576 4227 Romanorum
1586 4179 1650 4243 regis

875 4269 924 4319 11145
945 4274 1012 4329 erat,
1033 4271 1176 4332 acceperat;
1194 4269 1251 4319 binc
1269 4267 1428 4319 successionis
1448 4268 1512 4319 serie
1531 4268 1591 4319 urbs
1617 4269 1650 4320 51

875 4357 1029 4407 Palamedem
1042 4356 1143 4420 ejusque
1155 4354 1234 4406 11455
1245 4357 1387 4407 devenerat.
1407 4357 1522 4405 Ceterum
1535 4357 1590 4420 eius
1604 4357 1647 4407 do·

876 4444 935 4495 mini
946 4444 1003 4495 iude
1019 4444 1051 4493 ab
1062 4458 1092 4494 ec
1104 4446 1215 4508 tempore
1229 4457 1279 4506 quo
1296 4442 1369 4494 15554
1383 4443 1514 4494 Threciam
1527 4447 1650 4498 5141555-

878 4531 976 4607 dnniam
990 4531 1145 4593 snbegcrant,
1158 4530 1284 4582 tributarii
1299 4533 1376 4581 erant.
1393 4558 1425 4568 -
1440 4535 1477 4583 14.
1492 4531 1571 4595 lgitnr
1583 4532 1648 4593 regis

874 4618 1237 4685 455551555555115511155)
1247 4618 1358 4683 callipoli
1369 4634 1428 4669 cum
1436 4619 1514 4669 classe
1525 4618 1649 4682 pmtcctns

876 4707 908 4757 ad
919 4710 1019 4772 portum
1028 4708 1083 4757 AEni
1094 4701 1197 4772 5555141,
1209 4707 1373 4758 ltlecbemetes
1382 4720 1442 4757 raro
1451 4708 1491 4771 (14
1504 4706 1565 4755 Ion.
1579 4708 1647 4765 1455)

876 4796 1084 4861 Constantinopoli
1104 4810 1148 4861 per
1158 4797 1338 4847 mediterranea
1359 4794 1491 4857 quatriduo
1506 4793 1594 4842 itinere
1614 4792 1647 4843 ob

876 4882 955 4945 frigus
967 4885 992 4933 et
1012 4882 1076 4933 54145
1094 4883 1190 4946 copiam
1203 4881 1375 4933 molestissimo
1390 4880 1422 4929 ad
1442 4878 1602 4943 Cypselorum
1612 4878 1649 4928 54-

875 4982 940 5031 555,
954 4973 1052 5020 centurn
1060 4972 1111 5020 tere
1121 4970 1153 5020 ab
1164 4972 1226 5020 AEno
1238 4968 1324 5020 5151445
1332 4966 1472 5029 1451551515,
1484 4964 1604 5030 pervenit.
1615 4990 1648 5003 -

877 5060 915 5109 15.
921 5060 1019 5108 4515555
1027 5058 1130 5108 Doricus
1140 5058 1164 5109 15
1169 5057 1343 5109 Samothracen
1352 5051 1647 5117 aufugentlsniimnau

874 5145 978 5209 Cypsela
992 5146 1024 5195 ad
1033 5158 1118 5209 regern
1133 5145 1218 5210 legatie
1231 5144 1317 5195 urbem
1330 5140 1547 5204 dederont3quam
1559 5138 1647 5193 (154515
