3809 5859
447 372 574 433 PHOTll
596 371 648 430 DE
669 367 876 430 Rossoiuiii
895 367 1124 431 INCURSIONE
1145 369 1306 431 HOMILIA
1328 373 1350 430 Ι.
1647 371 1705 434 163

94 532 181 590 ρωσεν
212 505 327 587 ἐσχάτης
348 504 517 581 κακώσεως),
538 505 597 564 ἀλλ’
614 501 759 583 ἀνθρώπων
788 504 872 561 αὐτῶν
929 499 1126 577 εὖθηνήσαμεν,
1151 501 1340 582 ἐξούρίσαιιεν,
1357 501 1581 583 ἀφρονησάμιθα·
1598 502 1706 563 ἐλιπάν-

93 599 207 678 οἰκτρῶς
226 594 391 670 τὰσώματα
405 591 586 659 σνναλήθουσα
607 591 653 651 καί
670 589 787 668 τὸγένος
803 589 874 650 ἅπαν
929 595 1030 668 θημεν,
1052 590 1256 670 ἐπαχύνθημεν,
1278 591 1476 666 ἐπλατύνθημεν
1498 591 1544 650 καῖ
1565 593 1588 650 εί
1608 590 1647 669 μή
1661 593 1706 652 τὸν

94 687 200 765 πικρῶς
223 681 405 762 ὁλοθρεύουσα.
447 682 479 758 ῥα)
498 679 583 740 Πόθεν
607 677 774 750 ηπῶς-τῶν
796 679 874 748 τηλι·
930 679 987 741 θεὸν
1001 682 1037 747 ῶς
1056 683 1071 738 ὁ
1087 680 1172 738 πάλαι
1193 679 1294 740 Ἰακὼό
1320 680 1540 759 ἐγκαταλίπωμεν,
1564 681 1623 740 ἀλλ’
1637 683 1707 747 ῶςὸ

94 774 199 833 κούτων
210 771 256 831 καῖ
268 769 400 832 τοσούτων
410 771 498 827 κακῶν
511 767 657 847 ὁτρυγίας,
671 768 688 826 ὁ
699 789 724 824 τι
738 765 775 843 μὴ
788 768 875 844 μεῖζον
930 769 1101 844 ήγαπημίνος
1114 769 1274 840 πλησθέντες
1288 767 1504 846 ἀπιλακτίσαμεν
1521 769 1568 828 καὶ
1579 797 1592 821 ι
1604 771 1640 836 ῶς
1651 770 1700 828 δά·

93 863 197 934 εἰπεῖν,
217 859 325 941 ἐξεχύθη
346 860 386 937 ἐφ’
401 861 489 933 ήμδςς
504 845 546 934 ἀρ’
563 857 591 913 οὗ
612 855 656 914 διά
678 852 725 920 τάς
744 852 876 932 ἁμαρτίας
930 859 1010 934 μαλις
1022 859 1210 936 παροιστρῶσα
1224 884 1236 910 ν
1252 855 1337 935 (Hos.
1357 865 1405 929 εξ,
1424 858 1471 933 16)
1486 859 1539 915 τῶν
1552 860 1599 915 τοῦ
1616 855 1707 937 κυρίου

92 954 175 1026 ἡμῶν
186 956 269 1011 ταῦτα
280 948 368 1008 πάντα
379 938 458 1019 ἦλθεν
472 943 510 1023 ἐφ’
518 949 604 1019 ήμδςς
616 944 664 1002 οὐκ
676 941 782 1020 ίλεγχος
792 949 875 1002 ταῦτα
929 943 1143 1023 προσταγμάτων
1154 945 1386 1026 παροιστρήσαμιν
1398 945 1444 1003 καὶ
1458 948 1511 1004 τῶν
1522 945 1707 1022 δικαιωμάτων

93 1040 144 1102 καί
168 1040 332 1117 ἀνάγραπτος
354 1032 482 1117 θρίαμύος
504 1035 557 1091 τῶν
579 1030 714 1110 ἡμετέρων
729 1051 874 1109 παραπτω-

95 1129 207 1207 μάτωνς
225 1127 285 1207 οὐχί
299 1125 327 1184 δέ
341 1123 386 1185 καῖ
400 1123 539 1199 τεκμηριοῖ
552 1118 582 1178 τὸ
603 1123 655 1178 τῶν
675 1117 811 1198 παρόντων
826 1139 874 1199 φο-

95 1216 175 1298 ύιρδν
186 1217 220 1276 τύι
233 1217 285 1274 τῶν
297 1213 447 1292 μελλόντων
464 1209 559 1290 φρικτόι
567 1208 613 1266 καί
625 1206 756 1268 άδίκαστα
767 1206 875 1264 δικαιω-

93 1306 195 1386 τήρια;
220 1303 254 1384 (ε)
274 1305 333 1364 Οὐκ
356 1299 429 1366 ίλπίς
455 1297 579 1358 ἀπάντων
605 1297 700 1374 ἡμῶν,
725 1295 824 1370 μᾶλλον
846 1291 873 1350 δέ

93 1393 173 1466 κοινή
187 1391 347 1474 προκειμένη
371 1389 446 1470 όψις,
463 1387 507 1445 ίνσ
530 1385 597 1461 μηδλ
612 1389 659 1456 τῆς
672 1391 807 1464 συμφορᾶς
821 1385 875 1447 τοῖς

95 1480 191 1543 ίπειτα
209 1479 339 1564 πυρφόρος
359 1477 475 1556 ἐκφύγῃ,
492 1474 587 1552 μηκέτι
608 1471 708 1550 μηδένα
729 1473 764 1537 εἷς
778 1469 809 1529 τὸ
825 1492 874 1527 πι-

97 1573 194 1650 ριεῖναι
210 1569 461 1650 ἐγκαταλειφθῆναι·
475 1561 556 1629 ὄντως
573 1589 586 1615 ε
610 1563 779 1620 ἐλασσονοῖσι
794 1556 875 1636 φυλάς

96 1657 356 1739 άμερτίαιι(Ρι·ον.
372 1662 420 1726 ιλ,
438 1651 556 1732 immi*
571 1653 606 1717 ὡς
621 1647 737 1730 ῥομφαία
755 1645 875 1721 δίστομος

95 1756 166 1807 πᾶσι
183 1748 236 1814 τοῖς
256 1743 401 1824 χρωμένοις
415 1743 494 1822 αὐτῇ.
537 1739 572 1818 (ι)
586 1734 771 1819 Ἔρρύσθημεν
786 1737 876 1793 κακῶν

94 1826 135 1900 οῖς
157 1832 283 1899 πολλάκις
312 1827 523 1910 συνεσχέθημεν·
544 1827 602 1887 δέον
627 1825 805 1904 εὐχαριστεῖν,
828 1824 876 1882 οὐκ

95 1920 348 2002 εύγνωμονήσαμεν·
369 1917 521 1994 ἐσώθημεν,
535 1912 725 1989 ἠμελήσσμεν·
745 1909 875 1993 ἐφρουρή-

96 2015 196 2088 θημεν,
217 2005 463 2088 κατεφρονήσαμεν·
485 2004 527 2086 ἐφ’
549 1994 586 2070 οἷς
612 1999 668 2067 δέος
690 1991 722 2072 ήν
744 1998 873 2078 τιμωρίαν

97 2100 238 2177 ὑποσχεῖν.
278 2096 317 2156 Ὠ
334 2093 441 2172 γνώμης
456 2094 531 2168 ώμῆς
551 2089 597 2150 καί
616 2087 769 2168 ἀδιακρίτσυ
788 2086 833 2146 καί
848 2086 874 2145 τί

96 2184 151 2263 γάρ
172 2183 232 2262 οὐχί
256 2185 308 2242 τῶν
324 2183 457 2261 δυσχερῶν
481 2179 526 2238 καί
547 2179 637 2236 δεινῶν
657 2176 770 2254 πάσχειν
789 2173 872 2241 ἀξίας.

98 2269 170 2337 Τούς
190 2270 273 2352 μικρά
295 2268 420 2328 τινακαὶ
442 2270 494 2326 τῶν
515 2264 707 2324 εὐτελεστάτων
728 2262 877 2342 ὀφείλοντας

99 2357 242 2436 ἀποτόμοις
254 2355 480 2436 είσεπραξάμεθα,
494 2353 784 2434 ἐτιμωρησάμεθα·οὐκ
796 2348 876 2426 ἐμνή-

97 2451 198 2522 σθημεν
212 2449 259 2517 τῆς
273 2443 457 2525 εὐχαριστίας,
467 2441 648 2523 παρελθούσης
657 2443 705 2511 τῆς
716 2437 875 2517 εὐεργεσίας,

97 2535 164 2608 οὐδ’,
181 2531 221 2592 ότι
243 2531 401 2609 συγγνώμης
420 2528 562 2610 ἐτύχομεν,
575 2527 635 2595 τοὺς
655 2523 766 2597 πλησίον
783 2525 878 2606 ᾤκτει-

98 2621 231 2698 ρήσαμεν·
246 2623 304 2679 ἀλλ’
319 2623 345 2679 ἐν
360 2611 383 2700 ᾧ
397 2623 448 2678 τῶν
464 2613 709 2698 ἐπεκρεμασθέντων
727 2612 816 2694 φόόων
830 2613 875 2671 καί

97 2709 225 2770 κινδύνων
245 2706 455 2784 ἀπηλλάγημεν,
468 2704 622 2783 ἀγριώτεροι
636 2700 735 2766 τούτοις
749 2699 877 2771 κατέστη·

97 2821 163 2875 μεν,
177 2795 244 2874 μήτε
260 2795 291 2854 τό
309 2799 407 2867 πλῆθος
429 2793 476 2852 καί
491 2794 597 2870 μέγεθος
611 2795 664 2850 τῶν
679 2789 781 2849 οἰκείων
794 2791 877 2871 ὀφλη-

97 2885 193 2962 μάτων
207 2883 253 2943 καί
267 2881 315 2955 τὴν
336 2881 381 2942 ε’πί
393 2879 493 2947 τούτοις
512 2885 558 2938 τού
574 2883 691 2958 σωτῆρος
710 2875 878 2956 συγχώρησιν

96 2973 283 3051 λογισάμενοι,
299 2969 366 3048 μήτε
379 2969 427 3042 τήν
445 2971 498 3027 τῶν
515 2964 664 3044 ὁμοδούλων
686 2963 792 3044 ὀφειλὴν
811 2973 876 3048 ῥρα·

99 3061 220 3142 χυτάτην
233 3051 314 3120 οὖσαν
328 3058 374 3116 καί
396 3055 463 3135 μηδὲ
479 3057 506 3114 ἐν
521 3054 625 3131 στάθμῃ
647 3051 725 3130 λόγου
746 3054 877 3128 ζυγοστα-

96 3147 228 3224 τουμένην
241 3145 305 3224 πρὸς
317 3143 363 3213 τάς
375 3142 504 3223 ήμετίρας
515 3141 692 3216 αίδεσάμενυι.
716 3140 752 3220 (e)
765 3141 877 3199 Πολλῶν

97 3235 126 3294 δέ
147 3235 192 3294 καί
206 3235 329 3313 μεγάλων
344 3229 533 3314 φιλανθρώπως
548 3228 772 3308 ἐλευθερωθέντες,
782 3226 876 3304 ὀλίγων

98 3325 195 3390 ἀλλους
206 3323 252 3382 καί
263 3319 472 3403 ἀφιλανθριύπως
482 3316 675 3395 ἐδουλώσαμιν·
685 3316 874 3398 εὐφράνθημιν,

99 3408 289 3487 ίλυπήσαμεν·
305 3409 497 3486 ἐδοξάσθημεν,
512 3407 699 3483 ήτιμώσαμεν·
716 3405 879 3483 ἰσχύσαμεν,

930 1035 1008 1091 αὐτοῦ
1024 1030 1289 1113 κατολιγωρήσαμεν.
1332 1032 1365 1114 (ε)
1383 1030 1435 1092 Διά
1453 1037 1530 1092 τοῦτο
1542 1059 1554 1084 ε
1568 1032 1642 1112 φωνή
1655 1054 1707 1092 πο-

929 1119 1012 1196 λέμου
1024 1120 1070 1178 καῖ
1079 1119 1205 1197 συντριόὴ
1215 1121 1331 1195 πολέμου
1342 1123 1370 1181 ἐν
1383 1128 1415 1202 τῇ
1426 1127 1461 1203 γῇ
1474 1150 1487 1175 ν
1497 1125 1574 1194 ἡμῶν
1590 1123 1706 1199 (ierem.

931 1226 982 1282 ογ,
1000 1208 1061 1286 σε).
1105 1206 1156 1266 Διά
1176 1213 1253 1269 τούτο
1267 1237 1279 1260 υ
1294 1209 1381 1281 ἤνοιξε
1405 1209 1493 1291 κύριος
1509 1209 1554 1269 τόν
1575 1210 1706 1287 θησαυρὸν

930 1299 1010 1354 αὐτοῦ
1024 1295 1069 1353 καί
1083 1294 1203 1376 ἐξήνεγκε
1216 1296 1251 1356 τόι
1268 1296 1349 1371 σκεύη
1368 1302 1416 1370 τῆς
1430 1301 1508 1378 ὀργῆς
1524 1300 1605 1358 αὐτοῦ
1617 1325 1630 1349 ν
1648 1296 1707 1375 (le-

930 1403 1003 1443 rem.
1030 1404 1081 1460 ογ,
1106 1384 1166 1460 25).
1211 1383 1262 1443 Διά
1283 1389 1360 1444 τοῦτο
1385 1410 1397 1438 ι
1425 1384 1488 1452 λαὸς
1515 1383 1630 1466 ἐξεῖρψεν
1653 1383 1707 1445 ἀπδ

931 1475 1014 1552 βορρδ
1028 1498 1058 1547 ν,
1075 1475 1111 1537 ῶς
1126 1473 1164 1538 είς
1185 1470 1269 1545 ἀλλην
1290 1473 1440 1532 ἐπελαύνειν
1454 1473 1644 1554 Ἰερουσαλήμ,
1661 1471 1707 1532 καί

931 1557 1019 1630 ιίθνη
1035 1557 1160 1638 ἐξηγέρθη
1176 1559 1223 1617 ἀπ’
1235 1560 1350 1640 ἐσχάτου
1371 1564 1418 1632 τῆς
1431 1567 1495 1638 γῆς,
1510 1561 1584 1629 τόξον
1607 1561 1653 1621 καὶ
1666 1564 1707 1629 ζι-
1777 1599 1780 1604 -

930 1644 1012 1718 ύύνην
1025 1653 1190 1725 κρατοῦντες.
1235 1647 1341 1724 Ἰταμός
1354 1652 1410 1709 ἐστι
1423 1649 1469 1708 καὶ
1484 1652 1531 1709 ούκ
1543 1651 1623 1709 ἐλεεῖ·
1633 1648 1706 1731 φωνή

932 1734 1012 1795 αὐτού
1025 1736 1061 1802 ῶς
1074 1734 1196 1794 θάλασσα
1209 1734 1389 1813 κυμαίνουσα·
1401 1736 1552 1813 ἠκούσαμεν
1563 1734 1612 1808 τήν
1626 1734 1708 1808 ἀκοήν

931 1824 1018 1880 αὐτῶν
1036 1849 1049 1874 ν
1066 1823 1122 1900 (id.
1138 1825 1169 1896 6,
1187 1825 1310 1900 ασ-αξ),
1326 1825 1428 1901 μᾶλλον
1444 1825 1472 1882 δὲ
1487 1823 1583 1905 ἀθρόαν
1605 1823 1707 1901 εἴδομεν

930 1909 979 1982 τήν
994 1909 1055 1991 ὄψιν
1069 1911 1172 1985 αὐτῶν,
1183 1913 1229 1971 καί
1245 1939 1256 1964 ε
1275 1910 1461 1992 παριλύθησαν
1476 1917 1504 1971 αῖ
1517 1920 1604 1992 χεῖρες
1615 1916 1706 1988 ἡμῶν·

931 2001 1018 2078 θλίψις
1038 1998 1165 2076 κατέσχεν
1188 2003 1261 2076 ἡμᾶς
1283 2002 1329 2059 καί
1343 2000 1432 2067 ώδινες
1449 2002 1485 2067 ῶς
1504 2001 1655 2067 τικτούσας·
1668 2001 1707 2078 μὴ

930 2087 1103 2165 ἐκπορεύεσθε
1119 2090 1155 2155 είς
1178 2087 1258 2167 ἀγρὸν
1272 2087 1318 2148 καῖ
1336 2090 1363 2148 ἐν
1373 2089 1432 2155 ταῖς
1451 2090 1519 2157 ὁδοῖς
1532 2088 1570 2165 μὴ
1591 2088 1710 2167 βαδίζετε

930 2173 972 2234 ότι
999 2175 1117 2256 ῥομφαία
1138 2185 1260 2254 παροικεῖ
1280 2177 1403 2236 κυκλόθεν
1418 2176 1498 2256 »(1d.
1519 2181 1550 2250 6,
1571 2176 1631 2255 ού).
1647 2177 1710 2238 «Ti

933 2263 1096 2344 μαρτυρήσω
1108 2265 1186 2336 συηή
1199 2263 1224 2321 τί
1237 2261 1360 2339 ὁμοιώσω
1371 2287 1421 2335 σοι,
1429 2263 1579 2343 »Ἱερεμίας
1590 2263 1637 2324 σὺν
1649 2264 1710 2340 ἐμοί

932 2350 1086 2429 κεκράξεται
1096 2351 1222 2430 σήμερον,
1234 2349 1308 2417 πόλις
1321 2353 1460 2430 βασιλίςςε
1469 2353 1519 2418 Τίς
1528 2349 1608 2411 σώσει
1620 2373 1649 2410 σε
1663 2350 1723 2422 καλ1

933 2439 1114 2519 παρακαλέσει
1132 2461 1176 2510 σε,
1189 2437 1230 2498 ὅτι
1249 2438 1413 2517 ἐμεγαλύνθη
1427 2438 1553 2518 ποτήριον
1568 2437 1710 2517 συντριύῆς

933 2546 996 2598 σους
1013 2526 1064 2595 Τίς
1077 2527 1181 2586 ἰάσεταί
1195 2549 1239 2601 σες
1250 2559 1262 2580 ι
1274 2527 1396 2606 (Three.
1414 2549 1445 2601 α,
1463 2530 1510 2603 13)
1523 2530 1579 2588 Νῦν
1591 2526 1709 2587 κλαίετε·

931 2621 1025 2694 μικροῦ
1035 2617 1105 2692 κάμὲ
1115 2615 1146 2674 τὸ
1155 2615 1237 2680 πάθος
1246 2614 1349 2676 έύύθισε
1359 2617 1406 2676 καλ
1418 2622 1464 2678 τοῦ
1475 2617 1560 2696 λέγειν
1572 2617 1708 2696 ἀνέκυρεν.

932 2701 1012 2763 Ἀλλά
1035 2704 1062 2762 τί
1084 2707 1163 2782 βοᾶτε
1187 2703 1251 2785 πρός
1269 2727 1321 2781 μες
1336 2703 1363 2762 τί
1383 2702 1411 2762 δί
1429 2702 1566 2784 ὁδύρεσθις
1580 2702 1710 2763 ἀκούσατέ

932 2812 1000 2864 μου·
1013 2789 1129 2862 στήσατε
1152 2791 1245 2872 μικρὸν
1272 2791 1316 2850 τὸν
1341 2791 1489 2868 κλαυθμόν,
1506 2793 1552 2850 καῖ
1572 2791 1631 2852 δότε
1656 2799 1710 2858 τοῖς

931 2878 1018 2958 λόγοις
1026 2878 1150 2959 πάροδον.
1194 2879 1231 2959 (7)
1241 2878 1357 2960 Δακρύω
1368 2879 1416 2957 μὲν
1426 2878 1479 2960 γάρ
1493 2879 1568 2958 κάγώ
1581 2878 1628 2938 σὺν
1637 2883 1710 2955 ύμῖν·

932 2966 992 3026 ἀλλ’
1000 2966 1060 3026 ούτι
1071 2967 1119 3038 τὴν
1134 2969 1160 3026 ἐν
1173 2967 1260 3048 χρόνῳ
1272 2971 1506 3047 ἀναρριπισθείσαν
1517 2968 1603 3049 φλόγα
1617 2967 1711 3047 μικραί

933 3055 1036 3134 ῥανίδες
1050 3053 1216 3128 σόεννύουσι,
1229 3055 1255 3115 τί
1269 3055 1320 3136 γάρ
1332 3057 1372 3116 δεῖ
1383 3055 1485 3135 λέγειν;
1497 3059 1533 3123 ῶς
1546 3055 1627 3116 πλέον
1645 3057 1710 3116 ἀνά·

932 3166 1055 3216 πτουσιν,
1073 3142 1132 3202 ούτε
1157 3143 1201 3203 τόν
1230 3143 1392 3204 ἐκκαυθέντα
1417 3144 1468 3204 ὑπὸ
1493 3149 1546 3206 τῶν
1571 3144 1706 3227 ἡμετέρων

934 3231 1134 3309 ἀμαρτημάτων
1155 3233 1235 3308 θυμὸν
1263 3237 1310 3292 τοῦ
1332 3235 1393 3292 θεοῖ
1416 3234 1574 3313 πρόσκαιρον
1598 3233 1710 3311 δάκρυον

934 3319 1020 3396 ίοχύει
1033 3317 1231 3386 ἐξελεύσεσθαι.
1274 3318 1390 3399 Δακρύω
1403 3317 1478 3398 κάγώ
1492 3316 1540 3377 σύν
1553 3323 1631 3399 ύμῖν,
1642 3320 1711 3378 ἀλλά

934 3407 1040 3464 πολλῶν
1053 3407 1309 3485 ταλαιπωρουμένων
1325 3407 1484 3487 παρείδομεν
1497 3401 1613 3497 Ιδάκρυα·
1622 3429 1713 3489 παρα-1
1778 3415 1785 3426 “

131 3576 225 3628 Nimim
239 3577 326 3642 Paphi.
339 3577 397 3627 Viiu
416 3576 501 3641 igueiii
517 3577 543 3626 in
554 3573 674 3626 lietduini
686 3576 739 3623 λεί.
760 3573 847 3623 eeneii.
858 3577 919 3624 tom.
946 3581 961 3624 5
978 3574 1067 3637 (Puris.
1083 3579 1142 3625 1714
1152 3575 1161 3638 )
1172 3589 1198 3640 ρ.
1213 3582 1279 3627 νσοι
1296 3577 1356 3625 Κατ’
1370 3578 1460 3626 inimi
1475 3577 1520 3639 γὰρ
1533 3577 1574 3625 τὸν
1593 3576 1711 3638 ναιρὸνιδ

101 3649 291 3713 μιαιφονώτατον
304 3654 352 3698 τῶν
367 3651 462 3698 Σκυθῶν
476 3648 553 3706 ίθνσς,
565 3649 588 3696 ei
602 3644 722 3706 λεγόμενοι
740 3644 801 3700 Ῥὼς
819 3643 857 3693 διά
871 3649 913 3693 τοῦ
924 3645 1033 3701 Εὐξείνου
1044 3647 1131 3698 πόντου
1144 3650 1366 3712 προσκεχωρηκότες
1380 3653 1417 3711 τῷ
1435 3651 1512 3711 Στενῷ
1521 3649 1563 3696 καί
1577 3647 1708 3710 πάνταμὲν

98 3721 190 3786 χωρία,
205 3719 281 3769 πάντα
294 3721 319 3770 δῖ
332 3718 475 3780 μσναστήρια
486 3715 655 3779 διηρπακότες,
669 3715 703 3764 ἔτι
715 3715 744 3772 δὴ
756 3717 796 3763 καί
808 3719 855 3763 τῶν
866 3720 907 3764 τοῦ
922 3716 1048 3773 Βυζαντίου
1061 3721 1208 3783 περιοικίδων
1223 3721 1368 3782 κατέδραμον
1383 3720 1484 3780 νηοίων,
1497 3719 1571 3776 σκεύη
1580 3719 1622 3781 μὲν
1632 3719 1709 3767 πάντα

98 3791 232 3854 ληιζόμενοι
244 3792 284 3840 καί
299 3792 422 3854 χρήματα,
434 3789 567 3851 ἀνθρώπους
584 3787 609 3836 δὲ
622 3786 675 3841 τοὺς
688 3783 787 3842 ἁλόντας
797 3786 884 3842 πάντας
898 3786 1080 3845 ἀποκτείνοντες.
1094 3792 1156 3854 Πρός
1169 3791 1205 3845 οῖς
1220 3791 1320 3839 καὶτῶν
1333 3794 1375 3838 τοῦ
1383 3793 1528 3853 πατριάρχου
1543 3789 1704 3851 μοναστηρίων

100 3863 240 3926 βαρδαρικῷ
259 3861 448 3926 καταδραμόντες
462 3859 579 3923 ὁρμήματι
600 3859 640 3906 καί
655 3857 722 3920 θυμῷ
739 3861 819 3905 πᾶσαν
831 3856 872 3920 μὲν
893 3859 935 3915 τήν
953 3859 1086 3921 εθρεθεῑσαν
1101 3868 1185 3921 κτῆσιν
1200 3861 1337 3921 ἀφείλοντο,
1351 3862 1427 3910 είκοσι
1447 3861 1473 3910 δὲ
1491 3859 1534 3909 δύο
1546 3864 1593 3909 τῶν
1605 3875 1708 3922 γνησιω·

98 3933 174 3995 τάρων
185 3931 257 3980 αὐτοῦ
269 3933 437 3994 κεκρατηκότες
453 3931 564 3990 οἰκετῶν,
579 3927 614 3995 ἐφ’
629 3929 661 3978 ἐνί
673 3933 812 3991 τροχαντῆρι
822 3929 898 3992 πλοίῳ
909 3929 964 3984 τούς
980 3928 1068 3987 πάντας
1080 3931 1167 3988 ἀξίναις
1178 3932 1343 3994 κατεμελισαν.

133 3999 202 4050 idem
215 3999 248 4050 ib.
269 4013 293 4064 p.
313 4004 359 4052 eie
374 4019 382 4050 ε
396 4000 474 4049 Μέσον
491 3999 536 4062 γάρ
548 4001 664 4053 Πλαταίας
675 4003 716 4056 τῆς
734 3999 808 4054 νήσου
820 3999 875 4054 ναὸς
885 4003 932 4054 τοῖς
947 3999 1124 4063 τεσσαράκοντα
1145 4002 1243 4066 μάρτυσι
1262 4001 1378 4064 ἐνίδρυται
1392 4034 1401 4061 ,
1419 4000 1492 4050 αὐτοῦ
1506 4001 1532 4049 δέ
1547 4000 1659 4063 ἐχόμενον
1669 4005 1711 4059 τῆς

98 4071 239 4133 θεομήτορος
252 4071 379 4135 εὐκτήριον.
396 4071 486 4121 Τούτου
501 4072 543 4129 τήν
558 4071 672 4136 τράπεζαν
686 4069 768 4134 πρῴην
782 4072 804 4116 σί
814 4067 878 4130 Ῥὼς
894 4070 936 4127 τὴν
948 4075 1021 4128 νήσου
1040 4072 1181 4134 πορθοῦντες
1198 4073 1327 4121 κατέδαλον
1343 4073 1376 4127 είς
1390 4076 1449 4134 γῆν,
1462 4073 1476 4120 δ
1491 4070 1512 4120 δ’
1522 4070 1636 4133 Ἰγνάτιος
1645 4069 1710 4126 αὐθις

99 4139 242 4202 ἀνεθρόνισι.

135 4206 215 4258 motii
234 4221 273 4272 ep.
290 4211 341 4272 ip.
364 4211 408 4259 1⁷⁸
419 4209 458 4259 οὐ.
474 4209 570 4260 Balettu
582 4210 700 4272 (Londin.
713 4209 810 4272 ίδθύλε
826 4209 872 4259 Καὶ
891 4211 936 4272 γάρ
952 4209 981 4258 ού
998 4210 1069 4270 μόνον
1081 4215 1109 4261 τδ
1128 4212 1191 4268 ίθνος
1211 4217 1282 4261 τοῦτο
1305 4212 1369 4271 (τῶν
1388 4210 1527 4276 θσυλγάρων
1544 4210 1597 4274 sc.)
1615 4213 1658 4269 τήν
1675 4211 1709 4267 είς

100 4279 205 4342 Χριστόν
215 4279 295 4329 πίστιν
306 4284 347 4338 τῆς
358 4280 469 4344 προτέρας
479 4279 587 4336 ἀσεόείας
598 4281 727 4339 ἠλλάξατο,
742 4278 802 4330 ἀλλά
813 4295 840 4341 γι
849 4281 877 4336 δή
888 4281 928 4329 καὶ
938 4280 965 4329 τδ
975 4281 1040 4344 παρά
1053 4283 1147 4337 πολλοῖς
1157 4282 1268 4337 πολλάκις
1279 4282 1445 4346 θρυλλούμενσν
1454 4285 1495 4332 καί
1505 4285 1538 4339 είς
1547 4282 1659 4345 ὠμότητα
1668 4281 1709 4328 καί

100 4349 234 4414 μιαιφονίαν
245 4349 333 4406 πάντας
348 4351 466 4414 δευτέρως
476 4351 630 4414 ταττόμενον,
642 4356 712 4400 τοῦτο
724 4350 754 4408 δὴ
768 4351 795 4400 τὸ
804 4351 946 4414 καλούμενον
960 4353 987 4401 τδ
997 4352 1070 4410 Ῥῶς,
1082 4355 1105 4401 ei
1117 4354 1146 4411 δὴ
1161 4355 1202 4402 καὶ
1212 4354 1274 4403 κατὰ
1282 4360 1324 4413 τῆς
1336 4354 1473 4415 Ῥωμαῖκῆς
1487 4355 1562 4418 ἀρχῆς
1571 4353 1625 4409 τοὺς
1643 4352 1709 4413 ειίριξ

100 4423 180 4469 αύτῶν
196 4421 387 4483 δουλωσάμενοι,
401 4421 507 4471 κάκεῖθεν
519 4423 641 4486 ὑπέρογκα
653 4423 872 4486 φρονηματισθέντες
886 4427 966 4485 χεῖρας
984 4423 1100 4486 δντῆραν·
1111 4422 1164 4472 ἀλλ’
1181 4423 1246 4486 ὅμως
1261 4429 1301 4472 νῦν
1313 4424 1353 4473 καί
1367 4423 1433 4473 οὐτοι
1443 4424 1486 4483 τήν
1499 4431 1548 4474 τῶν
1562 4425 1709 4488 Χριστιανῶν

103 4491 210 4552 καθαρὰν
227 4491 267 4540 καὶ
283 4491 409 4548 ἀκίύδηλον
422 4493 546 4554 θρησκείαν
558 4498 599 4548 τῆς
610 4495 746 4550 Ἑλληνικῆς
758 4492 798 4538 καί
811 4491 880 4540 ἀθέου
901 4490 981 4553 δόξης,
994 4493 1019 4541 ἐν
1034 4493 1200 4556 ήκατείχσντο
1216 4495 1339 4559 πρότερον,
1357 4495 1526 4554 ἀντηλλάξαντο
1531 4530 1539 4555 ,
1556 4495 1580 4543 iv
1596 4491 1709 4550 ὐπατεύων

101 4561 200 4618 ἑαυτοὺς
214 4563 254 4611 καὶ
267 4563 382 4624 προξένων
393 4562 470 4622 τάξει,
492 4562 543 4612 ἀντὶ
555 4568 596 4620 τῆς
610 4563 655 4624 πρδ
666 4565 750 4624 μικροῦ
766 4558 819 4609 καθ’
830 4564 897 4623 ήμῶν
917 4562 1042 4619 λεηλασίας
1050 4565 1091 4613 καί
1104 4571 1147 4615 τοῦ
1159 4566 1260 4628 μεγάλου
1276 4567 1440 4628 τολμήματος,
1459 4565 1587 4628 ἀγαπητῶς
1605 4564 1708 4624 ἐγκατο-

102 4631 238 4686 ατήσαυτες.
249 4631 374 4681 Ριεοῑσιεε
385 4630 468 4680 brevis
479 4630 515 4681 rei
530 4631 623 4681 mentio
641 4631 671 4682 it
683 4645 721 4694 ερ.
737 4633 854 4678 zonemm
876 4634 927 4692 162,
943 4635 969 4680 ei
981 4631 1120 4685 cedrenum
1128 4639 1192 4686 tom.
1207 4644 1231 4699 ε,
1243 4649 1267 4700 ρ.
1284 4638 1328 4685 173
1339 4635 1378 4686 ed.
1393 4638 1470 4686 Bonn.

134 4699 183 4760 §2
199 4701 361 4762 Τεκμηρισί...
376 4699 488 4765 ραδερόν]
505 4701 664 4765 τεκμήριον...
683 4701 786 4762 φούερῶν
798 4699 892 4758 συείοις
907 4701 1005 4750 emend.
1017 4705 1158 4755 maueiius.

135 4767 151 4832 §
168 4773 191 4818 3.
205 4771 252 4818 Καὶ
262 4772 295 4827 ὣς
305 4770 422 4834 muenia}
439 4769 562 4822 [excidisse
571 4771 662 4834 aliquid
673 4769 782 4830 videtur,
794 4775 907 4822 monente
922 4771 1038 4824 Neueiie.
1052 4778 1089 4826 λιι
1100 4779 1140 4828 καί
1151 4779 1197 4828 eici
1205 4779 1246 4827 vei
1256 4779 1334 4834 καθὼς
1347 4779 1390 4840 ῥ...
1401 4777 1498 4833 αὐτοῖς.)
1512 4774 1522 4838 ss
1536 4801 1569 4810 -
1580 4772 1596 4837 ς
1607 4777 1631 4822 i.
1642 4774 1709 4835 ὠμῆς

103 4839 130 4888 δέ
141 4839 337 4905 καὶαδιανρίτσυ]
346 4841 386 4892 sie
398 4841 457 4905 legit
469 4841 578 4902 θεατής
590 4855 712 4892 πυπιοιιι
721 4840 793 4891 λθειν
803 4843 825 4890 ὠ
836 4841 862 4891 in
871 4841 956 4894 codiee
970 4848 1085 4909 appeten
1098 4853 1188 4898 cetere
1200 4849 1364 4899 evanuerunt.

134 4906 150 4972 §
163 4915 187 4960 5.
198 4909 416 4976 ἘλευθερωθέντεςῙ
431 4915 513 4962 Meum
525 4911 695 4976 apographum
708 4911 838 4962 lectionem
849 4912 965 4963 vitiosam
978 4916 1177 4979 ἐλευθερωθέντων
1188 4918 1298 4982 praeben
1314 4916 1403 4967 eodem
1420 4915 1494 4965 medo
1507 4913 1583 4964 etium
1601 4911 1709 4974 Porphy-

107 4975 161 5029 rius
179 4979 300 5045 Uspeneii
311 4981 378 5046 legit.
393 4981 487 5033 Deinde
500 4981 650 5045 Porphyrius
665 4994 713 5046 pm
722 4983 817 5044 ἀλλους,
830 4981 897 5045 quod
916 4981 1033 5036 distinete
1044 4987 1070 5036 in
1084 4989 1168 5039 codiee
1183 4993 1299 5053 apparet,
1315 4987 1374 5051 legii
1385 4987 1476 5047 ἁλεεῖς,
1492 4995 1643 5045 sensumque
1655 4994 1711 5033 vet·

106 5046 195 5099 borum
214 5063 269 5101 esee
288 5051 424 5101 ΙιειίοΙείιιε
439 5069 445 5100 ε
461 5065 506 5102 uos
517 5063 609 5115 peuees
623 5051 649 5100 iu
667 5049 742 5114 spicis
757 5051 910 5102 excutiendis
919 5059 1053 5118 occupatos
1063 5058 1088 5108 in
1101 5059 1279 5111 servitudinem
1288 5055 1436 5121 redegimus.
1451 5055 1463 5121 [i
1476 5049 1710 5118 -ᾰφρσνησάρσδιιῙ

105 5119 295 5185 ἠφραιευσάμεθα
311 5119 404 5172 Νευσλ.
416 5115 427 5186 n
439 5149 470 5158 -
482 5123 502 5171 ιῐ
512 5123 545 5184 μή
555 5123 597 5172 τὸν
611 5121 677 5184 θεὸν]
693 5123 753 5171 iiaee
764 5136 830 5172 nune
845 5123 870 5173 in
884 5123 969 5175 codice
979 5127 1091 5180 evanida.

137 5189 153 5252 §
168 5195 193 5242 7.
214 5189 389 5255 ἘκινήσαρενῙ
408 5203 444 5244 se.
460 5191 563 5254 δάκρυας
575 5193 611 5242 sie
622 5191 710 5256 εοιίρεί
731 5205 776 5256 pm
792 5195 942 5256 ἐκενώσαμεν
958 5197 1027 5260 quod
1044 5211 1119 5250 sensu
1137 5203 1214 5250 earet.
1233 5199 1244 5262 11
1263 5227 1295 5237 -
1312 5196 1531 5263 διαρολαχθέντων]
1545 5196 1704 5258 (inemptum.

106 5260 287 5326 διαλεχθέντων
299 5261 426 5326 preposuit
434 5261 567 5313 Neuciiue.
583 5261 643 5313 Mihi
656 5261 682 5312 iu
694 5266 804 5313 mentem
818 5263 885 5314 venit
895 5265 1109 5332 διαξιυχασθὲντων,
1122 5269 1294 5333 resrieerate's,
1304 5267 1343 5320 vei
1359 5271 1559 5334 διαφραγθέντιεν,
1570 5265 1708 5318 mimam.
