3809 5859
425 327 673 391 mneflnmnits
696 326 910 401 Auritisvn.
933 332 1013 392 6965
1036 330 1222 409 (tneo-5457
1239 334 1274 395 P.
1301 335 1360 415 G.).

82 471 195 543 γυναῖκα
208 462 254 522 καλ
268 462 391 543 Λάζαρον
405 459 562 521 saeuiturum
570 460 616 519 τόν
626 460 693 521 υἱόν.
739 461 774 540 (ε)
788 460 823 521 ‘0
836 458 864 521 δέ

84 553 167 619 κακὸς
180 553 267 632 φανεὶς
283 550 345 630 περὶ
365 548 426 615 τοὺς
440 541 637 628 γεννήσαντας,
652 549 697 609 τόν
712 573 741 608 τε
760 549 863 629 πατέρα

82 647 170 711 ζῶντα
184 643 211 699 έν
224 640 332 706 πολλοῖς
345 633 375 697 τε
394 640 483 705 ἀλλοις
495 632 601 719 ’σφόδρα
618 637 751 714 ἐλύπησε,
767 638 813 696 καλ
827 639 860 710 δὴ

82 733 128 789 καί
139 726 320 808 κατεχόμενον
338 726 396 786 iet*
411 730 459 785 τοῦ
484 727 629 805 Μιχαήλου
644 728 672 784 έν
687 735 788 807 φρουρᾷ
816 729 864 787 οὗκ

81 820 176 890 ἤθελεν
187 815 372 877 ἀπολύσασθαι
382 814 543 873 καταόαλὼν
551 814 600 885 τήν
613 812 776 887 &nimrim
788 814 863 891 μολις

82 930 135 967 που
149 905 196 965 καλ
210 903 253 974 ὢν
271 903 317 984 βίᾳ
334 909 411 961 τοῦτο
429 901 560 973 πεποίηκε
574 902 661 961 πολλά
686 902 864 982 παρακληθείς

85 996 138 1055 ὑπὸ
152 998 200 1066 τῆς
214 988 327 1072 μητρός,
353 986 437 1062 αὑτήν
453 1014 482 1049 τε
495 984 678 1070 τλνμητέρα,
691 989 865 1061 τελευτήσαν-

83 1107 128 1150 τος
139 1084 212 1162 αύτῷ
219 1088 264 1141 τοῦ
277 1079 385 1160 πατρὸς,
396 1073 444 1150 τῆς
460 1104 489 1140 τε
503 1083 586 1161 ἀρχῆς
604 1071 768 1159 ἀπεστέρησε
778 1078 865 1151 πάσης

88 1172 134 1229 καὶ
159 1168 247 1229 πολλά
264 1167 374 1240 ἐκάκου,
397 1168 431 1226 δι’
442 1167 523 1248 όχλου
541 1166 626 1246 ταύτῃ
642 1166 776 1246 γινόμενος
796 1172 863 1239 δυη-

88 1261 188 1338 μέραι,
211 1256 308 1337 κλῆρόν
322 1280 352 1317 τε
376 1258 495 1314 ἀπαιτῶν
516 1257 646 1336 πατρικὸν
666 1256 712 1315 καί
732 1257 787 1334 βίον
800 1255 865 1314 σἰπό-

86 1354 160 1407 θετον
175 1348 220 1407 ὑπ’
233 1348 314 1418 αὐτῆς
325 1343 516 1430 κεκρυμμένον.
559 1346 591 1421 (ti
608 1346 643 1405 Ἡ
657 1344 685 1403 δέ
701 1345 738 1421 μὴ
751 1343 866 1426 φέρουσα

88 1435 137 1507 τήν
153 1437 211 1494 καθ’
229 1435 332 1514 ἡμέραν
345 1431 470 1513 ἐπήρειαν
485 1432 578 1493 τούτου
593 1433 639 1492 καί
653 1430 702 1503 τὴν
713 1432 797 1503 άλλην
810 1431 868 1491 έπέ-

90 1530 174 1603 θεσιν,
185 1522 373 1601 ἀποδιδράσκει
388 1524 504 1581 λαθοῦσα
516 1520 561 1590 ξύν
571 1545 602 1600 γε
613 1546 647 1600 τη
662 1520 772 1603 θυγατρί
785 1520 865 1597 ’Λμη-

92 1613 160 1690 ρήση
172 1610 264 1690 καὶτῷ
277 1612 412 1691 πηρῷυίῷ
422 1610 572 1691 Γρηγορέῳ,
589 1610 741 1687 ἐπαγομένη
756 1608 802 1668 καλ
812 1614 867 1687 βίον

91 1700 148 1776 ἅμα
161 1700 254 1760 πολύν.
300 1698 334 1779 (ε)
349 1698 470 1780 Λάζαρος
486 1698 514 1757 δὲ
531 1699 613 1780 δὐἱδς
626 1704 704 1757 τοῦτο
723 1698 868 1775 πυθόμενος

93 1788 185 1849 διώκει
203 1787 273 1846 κατδι
291 1786 423 1868 σπουδήν,
443 1787 489 1845 καλ
507 1786 711 1862 καταλαμόάνει
727 1785 825 1852 ταύτας
839 1784 867 1843 έν

91 1901 144 1936 τινι
158 1881 211 1938 τῶν
227 1876 356 1957 φρουρίων
371 1878 423 1933 τῶν
438 1877 547 1958 ἑαυτοῦ·
558 1873 628 1934 ,οὐδέ
642 1874 694 1953 γάρ
709 1874 825 1954 ἔφθησαν
841 1875 867 1940 ές

88 1967 139 2037 τήν
158 1965 250 2045 χώραν
264 1968 468 2042 καταφυγοῦσαι
485 1968 531 2022 τσῦ
545 1962 695 2041 βασιλέως,
711 1963 771 2021 ἔνθα
791 1962 868 2033 ἠπεί-

90 2076 182 2130 γοντο,
196 2055 256 2112 ἀλλ’
271 2052 346 2139 θ’μέν
358 2051 499 2132 Γρηγόριος
508 2050 552 2119 ξὺν
568 2055 602 2130 τῇ
617 2052 734 2132 άδελρῇ,
745 2051 867 2117 λαθόντες

91 2142 171 2214 ἢκαί
186 2138 362 2219 προλαόόντες
382 2140 459 2197 αὐτόν
478 2138 600 2218 (λέγεται
613 2139 665 2218 γάρ
687 2137 733 2197 καί
752 2139 866 2218 άμρω),

91 2228 318 2308 ἀποδιδράσκουσι
329 2258 332 2265 ·
342 2228 388 2285 καί
401 2226 609 2308 καταφεύγουσιν
622 2227 649 2286 έν
663 2250 714 2286 τινι
725 2231 778 2288 τῶν
792 2250 869 2307 φρου·

92 2320 157 2391 ρίων
171 2322 218 2374 τοῦ
235 2315 382 2391 βασιλέως,
399 2317 444 2373 καί
465 2313 534 2391 μετά
550 2319 636 2374 ταῦτα
658 2314 869 2394 παραγενόμενοι

91 2408 118 2470 ές
134 2402 246 2483 βασιλέα
254 2414 268 2475 ,’
283 2403 408 2483 δέχονταί
430 2427 460 2461 τε
479 2407 543 2485 παρ’
560 2406 641 2463 αὐτοῦ
666 2405 801 2481 άσμένως,
823 2402 870 2462 καί

90 2497 173 2570 τιμῆς
187 2492 318 2561 ἀξιοῦνται
330 2493 376 2550 καί
385 2492 509 2572 προνοίας
519 2497 566 2564 τῆς
580 2490 773 2570 προσηκούσης·
799 2491 836 2569 (ε)
851 2494 868 2561 ἡ

91 2582 119 2639 δὲ
137 2580 242 2660 μήτηρ,
264 2583 344 2639 αὐτοῦ
362 2583 575 2661 ’καταλειφθεῖσα
600 2579 635 2640 δι’
652 2578 802 2655 ἀδυναμίαν
822 2584 869 2637 τοῦ

89 2669 195 2747 γήρως,
206 2668 274 2746 μετὰ
286 2668 380 2748 μικρόν
391 2670 436 2728 καὶ
451 2669 518 2740 αὐτή
530 2657 740 2747 κατεργασθεῖσα
751 2672 785 2746 τῇ
797 2666 868 2747 λύπῃ

90 2759 139 2815 καὶ
156 2756 247 2836 μικρὸν
260 2756 396 2827 νοσήσασα
410 2761 520 2839 τελευτᾷ
534 2758 578 2817 τὸν
595 2758 666 2835 βίον,
683 2756 728 2815 καί
742 2758 870 2815 θάπτεται

90 2847 184 2904 αὐτοῦ.
226 2844 273 2925 (16)
289 2844 411 2924 Λάζαρος
428 2844 455 2903 δὲ
471 2848 485 2902 δ
504 2846 558 2911 υίὸς
571 2845 681 2911 τελέσας
695 2845 737 2901 ἐπ’
752 2844 820 2921 αὐτῇ
835 2842 870 2901 τά

88 2934 267 3011 νενομισμένα
282 2932 327 2992 καλ
341 2931 432 2992 λαόόιν
446 2934 534 2991 πάντα
548 2926 724 3008 ὅσάέπήγετο
738 2931 796 3008 μεθ’
808 2934 870 2988 inu·

87 3026 151 3092 τῆς,
172 3023 303 3082 ἐπάνεισιν
326 3022 352 3087 ές
372 3022 562 3101 Σαμανδρίαν,
583 3021 629 3079 καὶ
652 3020 699 3091 τήν
715 3019 802 3099 ἀρχὴν
815 3009 870 3097 εἶχε

89 3112 171 3186 μόνος
183 3109 231 3183 τήν
242 3109 413 3189 Τριόαλλῶν,
426 3110 476 3182 όση
487 3111 689 3187 κατελέλειπτο,
703 3111 804 3185 μηδένα
816 3109 867 3164 τῶν

1643 346 1698 405 117

922 464 1024 523 οἰκείων
1038 464 1107 546 έχων
1118 466 1169 539 ήδη
1185 468 1317 527 κοινωνόν·
1327 472 1380 529 τῶν
1395 470 1447 551 γάρ
1461 473 1590 553 ἀδελφῶν,
1604 475 1695 555 πήριῖιν

922 550 1022 626 όντων,
1040 556 1055 611 δ
1073 555 1137 629 μέν,
1154 546 1223 634 Ιἤπερ
1246 554 1329 637 έφην,
1351 561 1365 616 δ
1387 559 1543 638 Γρηγόριος,
1559 561 1700 643 ὑπεξέφυγε

923 638 970 709 ξύν
986 644 1020 721 τῇ
1033 642 1152 723 ἀδελφῇ,
1169 644 1300 726 Στέφανος
1320 645 1347 704 δέ
1363 648 1444 707 αὐτοῦ
1462 646 1547 726 μένων
1564 651 1694 730 ἡσύχαζε.

922 728 973 808 (rt)
981 728 1101 808 Λάζαρος
1112 730 1150 801 δέ,
1161 729 1207 789 άτε
1217 732 1272 798 νέος
1282 732 1318 791 ὢν
1331 732 1431 793 καὶτοῦ
1441 736 1532 815 άρχειν
1544 738 1696 817 άπιίρατος,

919 815 965 875 καί
980 817 1079 895 μηδένα
1094 818 1209 897 χρηστὸν
1224 818 1290 885 δλως
1304 820 1385 899 ἄνδρα
1400 822 1447 881 καί
1461 823 1562 891 ξυνετόν
1577 828 1647 905 έχων
1668 830 1695 886 έν

920 912 976 968 τοῖς
998 906 1212 985 πράγμασιν,ἣ,
1230 911 1252 965 εί
1262 906 1311 965 ’καί
1324 898 1390 988 εἶχε,
1411 909 1449 984 μὴ
1464 915 1667 991 παρακολουθῶν
1681 915 1699 987 ἢ

922 992 1069 1069 πειθόμενος
1077 992 1187 1066 &iniqui
1198 994 1286 1075 διῴκει
1292 998 1432 1068 καλῶςτήν
1441 1001 1494 1079 άρχ
1498 998 1542 1075 ὴν,
1552 1005 1610 1062 ἀλλ’
1617 1001 1699 1063 ένόσει

921 1080 954 1138 tir
964 1083 990 1140 Τ
991 1079 1134 1160 ριόαλλῶν,
1149 1082 1195 1141 καὶ
1208 1084 1234 1141 έν
1245 1081 1372 1162 ’ξυγχύσει
1388 1077 1420 1157 ήν
1430 1088 1475 1145 καὶ
1490 1088 1584 1169 ἀταξίᾳ
1599 1094 1698 1170 πολλῇ.

924 1167 971 1226 nu
989 1169 1083 1239 δήκαὶ
1100 1167 1129 1225 έν
1153 1192 1182 1228 τε
1197 1169 1285 1238 ἄλλοις
1300 1174 1405 1239 πολλοῖς
1420 1174 1566 1253 ἐσφάλλετο
1588 1179 1634 1236 καί
1650 1184 1700 1261 οὐχ

921 1256 1018 1329 ἥκιστα
1033 1256 1066 1330 δή
1074 1262 1113 1338 τῷ
1130 1258 1168 1333 μή
1183 1259 1336 1320 ἀποδιδόναι
1346 1260 1406 1329 τοὺς
1421 1263 1539 1337 ξυνήθεις
1550 1266 1642 1346 φόρους
1658 1272 1697 1327 τῶ

923 1348 1041 1423 βασιλεῖ·
1060 1338 1134 1426 1φῷ
1149 1344 1181 1418 δὴ
1197 1348 1242 1408 καί
1253 1350 1353 1426 μᾶλλον
1368 1352 1492 1432 ὠργίζετο
1509 1356 1579 1433 αὐτῷ
1593 1334 1700 1433 δβοισέ·

921 1434 997 1507 λεὺς,
1011 1434 1056 1493 καί
1071 1437 1097 1493 έν
1113 1440 1267 1516 παρασκευῇ
1283 1427 1314 1515 ᾖν
1329 1436 1385 1514 άμα
1405 1432 1451 1519 ήρι
1472 1439 1593 1501 έσόαλεῖν
1607 1444 1633 1509 ἐς
1650 1444 1699 1515 τὴν

922 1525 1015 1585 αὐτοῦ,
1061 1524 1108 1601 (11)
1123 1520 1220 1599 Ὅμως
1238 1547 1268 1603 γε
1288 1523 1341 1600 μήν
1364 1526 1408 1586 καλ
1436 1519 1508 1595 οὗτος
1526 1529 1618 1605 μικρὸν
1639 1530 1699 1588 έπέ-

922 1608 1040 1688 όιοίιςτῇ
1055 1612 1141 1690 ἀρχῇ,
1156 1610 1269 1681 νοσήσας
1282 1615 1395 1693 τελευτᾷ
1413 1614 1457 1672 τδν
1474 1614 1546 1693 βίον,
1563 1616 1698 1697 διαδόχους

923 1696 1079 1757 καταλιπὼν
1100 1702 1147 1769 τῆς
1176 1702 1263 1779 ἀρχῆς
1282 1700 1332 1771 τήν
1355 1724 1384 1759 τε
1409 1711 1520 1779 γυναῖκα
1544 1704 1589 1765 καὶ
1615 1708 1698 1765 παῖδα

924 1786 1031 1859 θήλειαν
1044 1786 1118 1845 ούπω
1130 1784 1228 1867 έρηύον
1245 1786 1295 1847 ἔτι.

966 1876 1045 1936 xxi.
1063 1872 1191 1957 Βασιλεὺς
1203 1871 1230 1933 δέ
1242 1874 1287 1935 τὸν
1302 1875 1412 1935 θάνατον
1423 1882 1470 1936 τοῦ
1485 1878 1606 1959 Λαζάρου
1621 1882 1700 1941 πυθό·

926 1984 1017 2038 μενος,
1033 1962 1128 2047 αὐτίκα
1141 1962 1268 2039 στρατιάν
1285 1962 1416 2041 ἐκπέμπει
1429 1964 1491 2044 ’Λλῇ
1502 1968 1540 2045 τῷ
1555 1969 1601 2036 τῆς
1611 1964 1700 2047 χώρας

925 2050 1050 2129 σατράπῃ
1066 2048 1180 2109 κελεύων
1195 2050 1272 2110 αὐτὸν
1288 2050 1357 2111 κατὰ
1375 2050 1455 2131 τάχος
1473 2054 1498 2120 ές
1521 2053 1569 2124 τήν
1582 2059 1628 2112 τοῦ
1644 2058 1701 2114 Λα·

925 2138 1003 2219 ζάρου
1024 2138 1115 2219 χώραν
1138 2138 1264 2215 έμόαλεῖν
1284 2140 1329 2199 καὶ
1348 2149 1438 2199 πᾶσαν
1453 2142 1631 2223 καταδραμεῖν
1652 2144 1699 2203 καλ

924 2224 1112 2305 χειρώσασθαι.
1162 2224 1197 2305 (ε)
1213 2226 1247 2287 ‘0
1262 2227 1290 2285 δέ
1307 2226 1354 2299 τήν
1368 2228 1493 2309 στρατιὰν
1508 2230 1606 2301 ταύτην
1622 2230 1699 2299 δεξά-

926 2337 1001 2389 μενος
1012 2313 1057 2372 καλ
1067 2312 1157 2392 έτέραν
1172 2316 1219 2372 οὐκ
1237 2313 1326 2391 ὀλίγην
1344 2318 1374 2374 lx
1386 2319 1432 2386 τῆς
1446 2319 1524 2376 αὑτοῦ
1538 2318 1700 2397 σατραπείας

926 2400 1064 2480 άθροέσας,
1077 2401 1235 2482 κατατρέχει
1249 2402 1297 2472 τὴν
1311 2404 1406 2474 λοιπήν
1418 2412 1505 2462 πᾶσαν
1518 2408 1569 2463 τῶν
1583 2406 1701 2485 'luiter-

924 2491 977 2548 λῶν
990 2489 1035 2549 καὶ
1048 2495 1199 2571 χειροῦται,
1216 2489 1260 2549 καί
1274 2491 1363 2558 πόλεις
1379 2490 1423 2549 καλ
1433 2490 1543 2571 φρούρια
1554 2493 1599 2551 καί
1611 2503 1701 2553 πᾶσαν

926 2576 974 2649 τὴν
985 2577 1069 2650 άλλην
1075 2576 1165 2659 χώραν
1176 2578 1337 2657 ποιεῖταιῦρ’
1349 2581 1446 2658 ἑαυτῷ.
1474 2592 1476 2597 “
1489 2580 1520 2660 (6(
1530 2581 1703 2659 Προσελάσας

926 2666 953 2725 δέ
967 2671 1000 2743 τῇ
1018 2666 1176 2747 Σαμανδρίφι
1195 2672 1298 2746 πρῶτον
1314 2666 1361 2744 μέν
1379 2667 1469 2745 λόγους
1484 2668 1626 2749 προσφέρει
1639 2672 1700 2749 περὶ

927 2753 1084 2832 ζυμόάσεων
1097 2759 1132 2834 τῇ
1146 2778 1175 2813 τε
1195 2756 1312 2833 βασιλίδι
1326 2756 1371 2814 καί
1389 2764 1442 2821 τοῖς
1459 2758 1485 2813 έν
1500 2754 1584 2830 τέλει,
1600 2760 1622 2815 εί
1638 2757 1698 2837 βού·

926 2843 1027 2915 λοιντο,
1042 2841 1203 2922 παραδόντες
1216 2843 1326 2902 τδάστυ
1341 2846 1380 2923 τῷ
1401 2846 1522 2922 βασιλεῖ,
1536 2843 1584 2917 τήν
1604 2848 1698 2921 λοιπήν

926 2940 1016 2989 πᾶσαν
1030 2931 1120 3011 χώραν
1143 2932 1217 2991 αὐτοὶ
1240 2936 1421 3011 καρποῦσθαι,
1439 2931 1567 3011 βασιλέως
1584 2935 1700 3001 ένδόντος
1730 3012 1732 3019 y

926 3019 972 3077 καλ
986 3018 1018 3078 τά
1036 3017 1118 3077 πιστά
1133 3018 1245 3086 διδόντος
1265 3021 1362 3086 αὐτοῖς.
1406 3020 1441 3099 (ι)
1455 3018 1505 3087 Ὡς
1520 3021 1546 3080 δέ
1568 3024 1616 3080 οὐκ
1639 3022 1699 3082 έδέ·

928 3106 1006 3174 ξαντο
1017 3106 1061 3167 ἐπὶ
1077 3107 1194 3181 τούτοις,
1216 3108 1284 3166 iiii
1305 3107 1456 3176 κλείσαντες
1479 3110 1526 3175 τδς
1543 3110 1627 3176 πύλας
1642 3111 1701 3171 έκιί·

88 3338 174 3397 sotius,
196 3342 309 3388 mortuum
329 3351 414 3388 mense
430 3338 564 3389 Novembri
581 3353 622 3388 eo.
639 3342 701 3388 6966
721 3338 825 3401 (1651).
848 3334 987 3387 &cundum
1011 3333 1067 3383 brec
1092 3334 1212 3384 critobuli
1231 3335 1337 3383 narratio
1357 3334 1388 3385 116
1410 3335 1483 3385 rebus
1503 3336 1528 3385 in
1548 3337 1632 3387 Servio
1648 3340 1705 3401 post

92 3412 202 3461 nortem
221 3409 319 3473 Georgii
332 3409 409 3472 gestis
418 3423 449 3459 ex
461 3413 531 3472 porte
545 3409 645 3473 quidem
659 3409 690 3458 erl
706 3423 798 3459 nonum
812 3409 954 3459 6116516616
971 3406 1112 3455 referretur.
1126 3408 1157 3455 nt
1166 3405 1266 3467 rnojoris
1277 3405 1381 3455 seniendi
1395 3406 1512 3456 vitientur
1529 3407 1661 3469 scriptores
1671 3422 1703 3465 εει

93 3480 190 3543 quibus
200 3480 289 3543 tinget,
304 3481 429 3541 flammei,
444 3480 583 3538 Zinieisem
593 3479 635 3529 aiii
646 3479 795 3542 Hnnyorlem
807 3479 897 3528 obiisse
910 3476 1012 3525 trudunt
1021 3474 1061 3526 die
1077 3480 1102 3525 11
1117 3475 1219 3539 Augusti
1229 3488 1307 3526 mons.
1326 3490 1357 3526 nn
1373 3481 1432 3526 1656
1451 3479 1527 3539 (6966
1536 3477 1560 3539 i,
1573 3480 1704 3545 Georgium

89 3563 156 3600 vero
173 3550 214 3600 die
229 3555 256 3600 16
267 3550 397 3599 Deoernbr.
409 3564 486 3600 mens.
500 3563 540 3599 ιιιι.
558 3553 615 3599 1667
629 3554 724 3611 (6966).
739 3553 857 3599 Lamnum
870 3548 989 3610 denique,
1002 3547 1101 3611 Georgii
1116 3546 1295 3608 6116111,(1ἰε·61
1310 3547 1420 3596 ianuarii
1437 3560 1515 3597 mens.
1529 3552 1587 3598 1666
1597 3549 1702 3612 (69661ς

80 3620 158 3670 ‚adeo
171 3624 200 3671 ut
208 3620 315 3683 plurimo
324 3633 409 3669 eornm
421 3633 477 3682 quse
490 3634 530 3684 ap.
538 3620 631 3670 Critob.
644 3634 697 3683 cop.
710 3625 739 3669 20
749 3623 775 3671 et
784 3626 811 3670 11
823 3620 938 3683 leguntur
944 3631 976 3667 er
986 3617 1074 3667 ordine
1082 3616 1253 3678 chronologico
1261 3617 1308 3667 sub
1319 3630 1383 3666 nono
1390 3622 1451 3669 6966
1461 3620 1581 3668 narrando
1592 3619 1701 3671 iniissent.

92 3692 106 3754 Ι(
126 3694 166 3747 τήν
189 3708 214 3740 τε
240 3689 357 3753 γυναῖκα]
378 3692 474 3752 irenen,
484 3689 595 3740 1161111ιεί
614 3688 879 3752 crotoniensium,
897 3688 999 3739 Joennis
1018 3685 1512 3750 661116666ευί66611666613116161661
1530 3688 1671 3741 secundem.
1691 3691 1701 3755 (1

90 3759 215 3824 Λάζαρον]
228 3760 363 3822 Ἐλεάζαρος
372 3773 410 3823 op.
426 3761 541 3809 ciroleon.
550 3772 575 3821 p.
589 3764 643 3815 615.
660 3763 763 3817 16669,
780 3763 802 3808 7.
820 3759 830 3821 ((
844 3784 876 3795 -
887 3758 902 3821 §
914 3761 937 3806 7.
952 3755 1088 3821 Ἀμαρήσῃ]
1103 3756 1162 3806 iliis
1173 3759 1277 3806 vocetur
1288 3756 1380 3807 ilario
1395 3758 1434 3807 rel
1444 3760 1534 3818 Maro,
1545 3760 1642 3823 Georgii
1654 3760 1705 3811 irtio

89 3845 126 3881 ex
137 3832 217 3894 priore
226 3844 310 3888 uxore,
320 3842 377 3892 quor
390 3844 460 3879 soror
468 3833 521 3881 erat
533 3829 633 3879 Joorrnis
643 3829 759 3880 comneni
768 3828 922 3892 imperatoris
930 3828 1110 3891 Trapezuntirri.
1119 3827 1196 3877 titurio
1204 3841 1243 3877 ειιι.
1256 3831 1316 3878 1666
1328 3827 1413 3891 nupsit
1421 3828 1532 3877 timorati
1542 3829 1648 3894 sultano,
1662 3832 1704 3895 qui

90 3902 184 3949 fratres
192 3900 244 3963 ejus
253 3899 397 3962 Gregorium
406 3903 432 3949 et
438 3900 590 3956 steptmnum
600 3898 739 3949 excoecavit.
755 3898 767 3962 (Ι
778 3924 809 3934 -
818 3898 833 3961 §
843 3902 866 3947 θ.
880 3900 920 3946 καὶ
929 3900 988 3958 μετα
999 3902 1074 3946 ταῦτα
1082 3896 1294 3959 παραγενόμενοι...
1308 3903 1348 3956 τῆς
1357 3896 1536 3961 προσηκούσης]
1544 3897 1601 3947 adri.
1610 3912 1674 3963 tngo.
1691 3902 1701 3963 (Ι

92 3969 150 4035 -§
164 3976 188 4020 9.
203 3972 327 4027 νοσήσασα
339 3970 450 4034 τελευτᾷ]
462 3970 559 4019 Obiisse
575 3971 644 4019 irene
658 3970 737 4018 femur
748 3981 865 4018 venenoo
879 3969 970 4016 Lazaro
989 3966 1039 4015 silio
1047 3965 1184 4029 propinato.
1199 3965 1210 4030 (Ι
1227 3994 1256 4004 -
1268 3967 1282 4031 §
1294 3971 1331 4019 16,
1344 3968 1416 4016 αὐτοῦ
1426 3968 1501 4027 μένων
1516 3967 1634 4032 inipetu]
1646 3973 1705 4020 mox

91 4046 179 4090 tomen
198 4040 222 4089 io
237 4038 366 4103 ungariam
383 4039 494 4103 aufugit,
514 4038 572 4089 inde
597 4038 623 4088 in
639 4037 780 4100 Albaniam,
793 4037 851 4087 trine
868 4036 1021 4096 imitantium,
1038 4037 1082 4085 uti
1095 4036 1161 4085 diem
1173 4036 1244 4087 obiit.
1262 4040 1272 4103 (Ι
1293 4038 1608 4103 -611,ὰπείρατος]“εἰσ
1627 4054 1699 4106 mgo,

91 4112 190 4172 ἄπειρος
204 4114 264 4161 test.
284 4110 296 4174 ((
316 4135 350 4148 -
368 4114 384 4169 ὴ
402 4111 536 4170 πειθόμενος
547 4108 620 4173 ὅλως]
639 4108 696 4158 adt.
716 4109 805 4170 1111161(
819 4107 907 4169 -άμα
921 4106 975 4170 ἦρι]
991 4106 1047 4156 anni
1064 4110 1131 4155 1458.
1147 4112 1217 4156 6966.
1233 4109 1286 4171 ((-
1300 4113 1337 4158 12.
1358 4110 1431 4167 τήντε
1445 4108 1558 4172 γυναῖκα(
1571 4110 1703 4176 Helenam,

91 4180 297 4245 Potmotogionm,
313 4177 414 4231 'riromae
434 4180 593 4244 Peloponnesi
614 4178 725 4243 despotae
742 4179 834 4239 titiam,
853 4191 909 4239 qum
923 4179 1013 4226 Larum
1026 4178 1144 4240 nupserat
1160 4189 1245 4229 mense
1263 4178 1362 4228 octobri
1374 4183 1432 4228 1666
1450 4180 1580 4242 (Phrontz.
1594 4194 1619 4244 p.
1642 4188 1701 4241 161.

95 4252 151 4313 16).
168 4252 178 4313 Ι(
194 4278 226 4288 -
241 4254 285 4313 καὶ(
294 4251 381 4315 παῖδα]
395 4251 507 4301 Mariam.
530 4252 685 4303 ceterumde
698 4249 742 4310 iis,
763 4261 820 4311 qno
833 4248 926 4297 Helena
943 4250 1001 4311 post
1019 4246 1113 4297 obitum
1131 4247 1213 4296 meriti
1226 4249 1343 4313 gesserit,
1355 4249 1412 4300 vide
1425 4248 1587 4300 Ghnlooconri.
1602 4265 1627 4315 p.
1645 4258 1701 4315 669,

94 4321 225 4371 zinireisen
240 4337 263 4386 p.
281 4329 324 4373 116
334 4336 387 4386 sqq.
402 4321 486 4381 ibique
505 4322 626 4371 tantatos.
847 4382 852 4390 ι
1198 4360 1200 4369 .

130 4392 192 4441 XXI.
207 4394 244 4440 De
257 4405 284 4441 16
297 4392 331 4441 iu
343 4393 418 4442 italici
435 4390 568 4441 Phranrzes
584 4403 609 4454 p.
624 4393 669 4440 686
687 4408 693 4438 ι
709 4390 817 4439 Ἀπέθανε
832 4389 871 4437 καὶ
895 4388 966 4444 αὐτὸς
987 4390 1001 4436 θ
1013 4387 1128 4445 δεσπότης
1140 4388 1260 4453 Λάζαρος,
1280 4391 1320 4438 καὶ
1337 4391 1448 4453 δείμηρᾶς
1461 4391 1570 4453 Μεμέτην
1583 4393 1623 4441 τὸν
1632 4393 1703 4440 αὐτοῦ

96 4463 280 4524 μπεγλερμπὲην
300 4462 410 4524 ἐδιθρισεν
422 4462 475 4522 ἵνα,
497 4462 518 4510 εί
535 4464 629 4509 δύναται
641 4461 685 4519 ἦν,
696 4460 746 4522 μετ’
765 4460 855 4520 εἰρήνης
877 4459 904 4507 τὸ
920 4458 1080 4521 Σμιντόροθον
1093 4461 1133 4513 καὶ
1147 4465 1227 4510 πᾶσαν
1240 4464 1268 4519 δὴ
1290 4464 1332 4520 τὴν
1351 4464 1448 4525 Σερθίαν
1462 4465 1513 4523 μετ’
1527 4464 1616 4526 εἰρήνης
1637 4461 1698 4524 λάθῃ

92 4532 137 4579 καὶ
152 4531 207 4580 etio
224 4530 273 4579 ἀντ’
285 4533 362 4580 αὐτῶν
381 4532 447 4592 δώση
465 4538 494 4591 τῇ
513 4533 603 4593 γυναικὶ
623 4532 663 4579 καί
681 4536 728 4586 τοῖς
746 4529 835 4583 τέκνοις
860 4529 934 4578 αὐτοῦ
952 4530 982 4586 δὴ
1001 4533 1044 4577 τοῦ
1065 4529 1180 4589 Λαζάρου·
1196 4532 1253 4595 ὅπερ
1265 4533 1306 4580 καὶ
1326 4533 1355 4581 οὐ
1377 4534 1519 4595 κατώρθωσε
1539 4533 1606 4591 τότε,
1626 4532 1647 4582 εί
1670 4534 1702 4592 μή

95 4602 170 4662 μόνον
182 4600 209 4648 τὸ
231 4603 366 4665 Περιστέριν
386 4604 503 4664 παρελαθσ
518 4602 648 4664 προὸοείᾳ,
668 4602 728 4663 μετὰ
748 4601 773 4649 δέ
795 4616 848 4647 τινα
861 4600 942 4663 καιρὸν
957 4600 999 4647 καὶ
1018 4600 1046 4648 τδ
1063 4602 1222 4667 Σμεντρροὸον
1241 4604 1281 4651 καὶ
1297 4604 1338 4652 τόν
1350 4604 1419 4651 ἄλλον
1430 4603 1512 4652 τόπον·
1528 4605 1568 4651 καὶ
1587 4610 1615 4667 τῇ
1629 4606 1700 4667 βασι-

93 4670 252 4729 tumtunm
267 4671 330 4733 τάχει
343 4673 395 4720 τινὰ
410 4672 501 4735 κὰστρι
518 4674 578 4734 ἅπερ
600 4673 614 4719 6
629 4671 719 4734 &papie
734 4672 758 4720 ἐν
777 4675 807 4733 τῇ
820 4669 924 4735 tisim
942 4670 1051 4726 κέκτητο.
1075 4673 1215 4723 &eundum
1236 4671 1453 4735 otrsloooorrdytom
1469 4686 1494 4736 p.
1509 4676 1555 4722 659
1578 4672 1631 4737 ipse
1649 4674 1701 4724 Mo·

95 4739 225 4789 chemetes
236 4753 279 4789 rex
292 4741 472 4805 expeditionem
485 4742 604 4805 suscepit,
618 4743 690 4805 eique
701 4741 801 4791 obvium
813 4740 916 4803 protecti
929 4740 1008 4791 Servii
1021 4741 1110 4793 urbem
1125 4742 1290 4794 tradiderunt.
1313 4745 1343 4794 '0
1359 4745 1401 4805 μὲν
1413 4743 1453 4791 οθν
1469 4743 1577 4805 βασιλεὺς
1588 4780 1596 4802 ,
1611 4743 1699 4807 inquii,

95 4812 335 4873 παρασκευασάμενος
352 4813 451 4870 ἠλαυνεν
463 4814 501 4862 ἐπὶ
521 4813 677 4875 Σπενδερθὸην
689 4816 721 4868 ὡς
740 4814 821 4869 ἰξελῶν
834 4813 897 4860 κατά
915 4812 1006 4875 κράτος
1021 4816 1043 4861 oi
1059 4814 1083 4863 δέ
1096 4817 1119 4864 ἐν
1133 4821 1161 4879 τῇ
1175 4815 1241 4864 πόλει
1253 4815 1396 4877 nunionis„
1412 4810 1582 4874 πυνθανόμενοι
1597 4814 1698 4876 βασιλέα

97 4880 196 4929 ἐπιόντα
209 4882 287 4945 σφίσιν
310 4884 420 4941 ὑπήντων
434 4882 513 4947 αὐτῷ,
525 4885 566 4937 τὰς
577 4884 638 4939 κλεῖς
658 4884 762 4946 φέροντες
779 4885 840 4933 κατὰ
852 4885 894 4943 τὴν
906 4884 974 4932 ὀδόν·
994 4884 1101 4944 βασιλεὺς
1116 4884 1157 4947 μέν
1172 4886 1200 4942 δὴ
1210 4886 1262 4940 τοὺς
1282 4884 1424 4947 Τριθαλλοθς
1440 4883 1589 4943 ἐθεράπευσε,
1613 4884 1702 4945 χώραις

95 4951 260 5012 δωρησάμενος
277 4954 317 5001 καὶ
327 4954 432 5016 χρήμασι
440 4954 494 5011 τοὺς
503 4955 603 5009 πολλούς
619 4954 658 5002 καὶ
668 4955 709 5011 τὴν
721 4958 763 5002 τοῦ
780 4955 923 5016 Ἐλεαζάρου
934 4958 1036 5014 γυναῖκα
1049 4954 1196 5003 ὑπόσπονδον
1209 4955 1297 5013 ἀφῆκεν
1311 4954 1464 5017 ἀποφέρεσθαι
1473 4953 1513 5001 τὸν
1521 4957 1620 5001 πλοῦτον
1632 4954 1703 5012 αὐτῆς

97 5021 232 5082 οἰχομένην,
243 5024 283 5070 καὶ
290 5024 332 5079 τήν
346 5039 371 5072 τε
380 5026 480 5087 ρρουρὰν
493 5025 536 5073 σὺν
549 5025 614 5087 αὐτῷ
627 5026 751 5087 παρέλαθε.
761 5026 876 5076 ceterum
888 5024 912 5073 io
925 5022 1131 5086 ειρ661116661116
1146 5022 1310 5073 iteohemetos
1323 5023 1388 5071 uitro
1399 5022 1514 5084 Sophiam
1527 5034 1575 5071 non
1593 5024 1632 5073 est
1643 5038 1703 5087 pro·

98 5103 207 5154 gressus,
218 5094 246 5141 ut
263 5092 408 5157 colligiture
420 5095 572 5145 Soodertdino
581 5108 605 5159 p.
623 5099 674 5154 191,
684 5094 728 5157 qui
744 5094 878 5147 Moimud
889 5095 982 5159 pesiom
995 5100 1077 5147 narrat
1090 5094 1178 5145 urbem
1188 5093 1287 5157 quidem
1297 5092 1464 5143 Semendriom
1477 5093 1613 5156 cepisse,ot
1622 5107 1704 5145 aroetn

98 5175 156 5225 epus
164 5175 301 5225 expugnare
313 5166 490 5230 nonpotoisee;
503 5166 585 5229 iisque
596 5161 676 5229 ipsum
686 5179 833 5229 regemvere
846 5180 886 5217 on.
896 5171 941 5217 666
951 5166 1048 5229 ttegtro
1061 5164 1210 5230 (1661666111
1221 5162 1332 5215 exercitu
1347 5176 1433 5212 uersos
1444 5162 1704 5227 Sophiam-proiectum
