3809 5859
609 318 660 381 na
682 318 919 382 retensum
940 319 1187 384 sauronam.
1620 324 1699 404 xxvij

92 454 312 513 Aristodemum
334 470 388 513 sua
404 453 527 532 petiisse
541 472 578 511 ex
594 454 661 531 ipso
676 453 812 513 AEschine
828 454 880 533 qui
896 454 923 512 ἐν
944 454 1052 535 παρόδῳ
1066 450 1132 514 hac
1144 455 1240 516 tribus
1254 456 1355 519 verbis
1369 457 1627 531 commemoravit,
1649 458 1699 517 sed

89 549 287 617 uerisimilius
300 562 344 610 est
363 562 509 609 oratorem
525 549 667 609 historica
680 550 732 610 illa
752 570 788 613 ex
802 552 904 611 eodem
923 550 1004 611 ionte
1020 553 1137 611 novisse
1155 573 1193 611 ex
1207 572 1267 630 quo
1281 553 1313 612 iu
1329 554 1547 613 Aristodemum
1568 554 1703 615 defluxe-

90 661 170 707 runt.
194 647 260 717 Quo
283 668 438 719 concesso,
467 647 535 706 hinc
555 666 674 726 quoque
699 662 871 727 sequeretur
892 650 1002 709 iontem
1021 647 1100 707 hunc
1123 670 1183 709 non
1204 650 1297 709 inisse
1319 650 1431 729 Ephori
1453 651 1609 725 historias,
1631 672 1697 730 quae

90 743 236 823 usquead
259 727 307 804 ah.
330 747 383 813 341
411 744 596 825 pertinebant
617 744 741 804 necdum
762 747 797 805 ad
820 747 908 805 finem
926 747 1075 827 perductae
1088 760 1172 807 eraut
1192 767 1251 826 quo
1265 768 1343 809 anno
1365 748 1530 807 Alexander
1545 751 1577 807 in
1596 750 1697 810 Asiam

91 840 205 921 trajecit
219 840 275 921 (¹).
894 850 897 855 '

132 940 310 1000 Aristodemi
327 961 402 1018 opus
416 941 495 999 inter
510 942 683 1019 compendia
706 942 797 1001 luisse
809 961 846 1000 ex
869 942 979 1020 quibus
999 941 1174 1002 recentioris
1194 941 1249 999 aeri
1264 940 1427 1001 scholiastae
1446 952 1476 999 et
1491 931 1696 1023 'lexicographi

91 1038 212 1097 notitias
227 1038 398 1111 historicas,
415 1058 473 1097 non
498 1038 648 1097 nominato
663 1052 796 1111 auctore,
821 1040 1034 1113 delibaverint,
1053 1060 1089 1097 ex
1104 1037 1195 1097 Suida
1215 1050 1244 1097 et
1266 1038 1420 1097 scholiasta
1433 1040 1470 1097 ad
1485 1042 1698 1118 Hermogenem

91 1136 251 1212 colligitur.
266 1134 397 1207 Quorum
416 1136 465 1195 hic
479 1137 576 1195 locum
592 1137 662 1197 satis
677 1140 804 1217 amplum
818 1157 855 1197 ex
868 1137 976 1198 Nostro
997 1138 1042 1213 lc.
1066 1136 1154 1205 ll·15
1167 1134 1175 1214 l
1191 1148 1340 1195 mutuatus
1353 1149 1397 1194 est
1410 1138 1441 1195 in
1456 1136 1548 1195 schol.
1563 1137 1599 1195 ad
1623 1137 1698 1197 ller-

91 1254 170 1311 mog.
184 1232 308 1313 Εὑρέσεις
319 1253 368 1313 ap.
378 1233 458 1292 Wnla
474 1234 504 1294 in
520 1235 595 1295 rhet.
613 1254 656 1311 gr.
672 1247 744 1295 tom.
761 1235 790 1307 5,
806 1255 836 1313 p.
855 1234 925 1307 388,
942 1234 994 1293 ubi
1008 1234 1070 1291 haec
1084 1232 1159 1310 (**)t

133 1333 175 1392 At
192 1328 469 1413 τριακοντούτεις
490 1330 635 1389 σπονδαί
659 1321 770 1392 αὗται.
788 1330 868 1391 Μετὰ
881 1331 914 1389 τά
929 1329 1040 1402 Μηδικά
1055 1329 1107 1401 ἤδη
1123 1327 1224 1407 Ξέρξου
1239 1328 1450 1411 ἀπορθαρέντος,
1466 1331 1512 1390 καὶ
1525 1330 1697 1413 Ἀρταξέρξου

92 1428 247 1507 ἐπιθεμένου
256 1432 303 1487 τοῦ
317 1431 374 1487 υἱοῦ
389 1418 463 1494 αύθις
475 1427 527 1494 τοῖς
541 1425 611 1485 κατά
622 1426 670 1499 τὴν
684 1426 776 1488 Ἀσίαν
788 1426 957 1501 Ἑλληνικοῖς
970 1426 1115 1508 πράγμασι
1126 1426 1171 1485 καλ
1185 1424 1315 1505 διαράρως
1330 1427 1552 1509 άπακρυυσθέντος
1565 1434 1612 1501 τῆς
1626 1430 1701 1490 ἐλπί-

93 1528 152 1599 δος,
172 1516 229 1584 εἶτα
251 1525 372 1584 σπονδῶν
397 1524 515 1595 Ἕλλησι
528 1524 676 1601 γενομένων
697 1526 743 1584 καί
762 1523 920 1605 βαρθάροις,
942 1514 983 1592 α’ίς
1004 1524 1065 1605 ὅρια
1086 1523 1253 1601 ίπιπιίγεσαν
1278 1523 1397 1587 Καύνιοι
1411 1526 1506 1607 πέτραι
1520 1529 1566 1587 καὶ
1581 1529 1701 1606 ποταμδς

92 1622 197 1689 Νέσσος
208 1620 255 1681 καλ
269 1621 409 1695 Φάσηλις,
422 1622 498 1689 πόλις
516 1622 693 1705 Παμφυλίας,
708 1624 754 1682 καί
770 1622 927 1683 Χελιδονέαι
942 1620 1105 1705 ἀκρωτήριον
1121 1623 1179 1701 (ci.
1198 1624 1289 1685 Arist.
1312 1645 1337 1683 c.
1353 1626 1402 1698 13,
1417 1628 1455 1702 a),
1470 1626 1571 1702 ἐγένετο
1581 1624 1700 1701 Ἕλλησι

94 1718 209 1802 διαφορά
220 1717 286 1799 πρὸς
300 1718 429 1792 ἀλλήλους
441 1717 467 1789 ἐξ
483 1718 569 1786 αίτίοις
587 1718 726 1792 τοιαύτης·
1714 1703 1723 1717 ’

136 1845 149 1869 ι
170 1814 377 1893 Λακεδαιμόνιοι
393 1815 548 1897 ἀφελόμενοι
563 1816 684 1877 Φωκέων
704 1819 735 1877 τδ
753 1817 780 1874 έν
792 1816 903 1895 Δελροῑς
912 1816 982 1899 ίιρδν
999 1816 1148 1897 παρέδοσαν
1161 1818 1287 1896 Αοκρρῖς·
1302 1808 1359 1877 εἶτα
1374 1817 1454 1878 πάλιν
1469 1819 1587 1899 Δοκροδς
1600 1822 1698 1901 ἀριλά-

95 1937 170 1993 μενοι
195 1913 262 1995 (καὶ
277 1911 433 1991 ἀφελόμενοι
449 1912 543 1982 αὐτοὺς
557 1914 623 1975 cod.
648 1914 777 1974 Aristod.
793 1934 819 1973 c.
848 1913 904 1993 ti)
925 1914 1060 1994 παρέσχον
1074 1917 1227 1977 Φωκεῦσιν.
1252 1915 1468 1994 ύποσιριρόντων
1490 1914 1541 1995 [δὲ]
1556 1918 1702 1989 Ἀθηναίων

95 2012 149 2071 ἀπὸ
162 2014 214 2071 τῶν
226 2010 291 2092 πρὸς
304 2008 478 2090 Ἀρταξέρξην
498 2012 616 2070 σπονδῶν
627 2010 636 2092 (
646 2012 699 2070 ἀπὸ
709 2014 758 2082 τῆς
772 2010 862 2090 μάχης
876 2012 992 2088 Arist-l,
1007 2018 1214 2091 στρατηγοῦντος
1228 2013 1316 2081 altrei<
1329 2012 1485 2090 Τολμίδου,
1500 2013 1546 2072 καί
1558 2013 1702 2091 γενομένων

95 2102 165 2168 κατά
181 2106 352 2187 Κορώνειαν,
369 2106 516 2184 ἐπιθέμενοι
532 2108 619 2175 αὐτοῖς
638 2106 711 2190 άρνω
731 2108 843 2168 Βοιωτοὶ
861 2098 934 2171 οὖσιν
949 2109 1147 2191 ἀπαρασκεύοις
1167 2104 1310 2191 ἐτρέψαντο
1324 2108 1417 2179 αύτούς
1431 2109 1478 2170 καί
1491 2136 1563 2179 τινας
1577 2110 1604 2181 ἐξ
1618 2112 1704 2171 αύτῶν

95 2200 141 2263 καί
158 2203 242 2281 (voc.
260 2202 305 2263 καί
324 2223 382 2262 otu.
400 2204 468 2282 At.)
482 2201 648 2285 ἐζώγρησαν·
667 2204 804 2279 οὕστινας,
818 2205 998 2269 ἀπαιτούντων
1014 2206 1173 2285 Ἀθηναίων,
1186 2212 1216 2267 ού
1231 2208 1356 2289 πρότερον
1375 2207 1507 2269 ἀπέδοσαν
1521 2208 1539 2280 ἢ
1554 2210 1601 2283 τὴν
1614 2213 1705 2270 Βοιω-

97 2300 157 2359 τίαν
180 2300 408 2362 societatini
425 2299 493 2379 μετά
511 2306 596 2360 ταῦτα
612 2301 685 2370 εὐθὺς
705 2302 838 2377 Ἀθηναῖοι
859 2301 1083 2385 περιπλεύσαντες
1097 2305 1145 2377 τὴν
1164 2304 1368 2377 Πελοπόννησον
1386 2304 1478 2366 Γύθιον
1494 2307 1502 2384 ί
1518 2303 1617 2383 θύγιον
1633 2305 1699 2364 cod.

95 2400 167 2477 Ar.)
183 2389 269 2471 εἶλον,
284 2398 330 2457 καί
341 2396 478 2475 Τολμίδης
490 2398 591 2479 χιλίους
605 2397 673 2479 έχων
689 2398 832 2473 Ἀθηναίων
847 2402 998 2468 ἐπιλέκτους
1013 2404 1103 2475 διῆλθε
1116 2400 1164 2473 τὴν
1183 2400 1397 2473 Πελοπόννησον.
1416 2402 1471 2462 Καὶ
1491 2401 1571 2460 πάλιν
1585 2401 1703 2463 Εύύοιαν

95 2499 248 2557 ἀποστᾶσαν
265 2486 333 2556 ιῖλυν
349 2495 490 2569 Ἀθηναῖοι.
510 2496 564 2557 Καί
581 2496 625 2556 ἐπί
640 2494 741 2566 τούτοις
753 2502 762 2575 l
773 2497 821 2557 Ἐν
836 2497 863 2557 δέ
877 2486 965 2579 τούτῳ
980 2500 1047 2560 cod.
1060 2501 1122 2579 Ar.)
1135 2498 1279 2572 Ἀθηναίοις
1292 2498 1339 2559 καὶ
1354 2498 1578 2570 Πελοποννησίοις
1591 2500 1702 2559 σπονδαί

96 2592 304 2673 τριακοντούτεις
318 2590 454 2671 ἐγένοντο,
466 2591 497 2658 ἀς
513 2595 794 2676 τεσσαρεσκαιδεκάτην
808 2592 862 2653 ἐτει
875 2594 973 2655 ίλυσοιν
988 2594 1138 2670 Ἀθηναῖοι,
1153 2596 1246 2676 Σάμον
1255 2596 1395 2677 πολιορκίη
1407 2596 1525 2669 έλύντες,
1542 2598 1704 2676 Περικλέους

96 2692 142 2751 καὶ
157 2689 320 2772 Σοφοκλέους
334 2690 567 2772 στρατηγούντων,
584 2691 630 2751 καί
644 2696 658 2751 δ
673 2694 876 2764 Πιλοποννησια
896 2692 922 2761 δς
935 2692 1052 2771 πόλεμος
1065 2694 1176 2773 ἤρξατο.
1192 2722 1205 2749 ι

136 2791 247 2853 Ultima
263 2792 295 2851 iu
312 2805 412 2850 nostro
428 2792 607 2851 Aristodemi
623 2792 725 2851 codice
745 2792 831 2850 aliter
852 2716 1006 2850 eilormata
1021 2792 1062 2851 ita
1081 2787 1190 2852 habent
1280 2794 1415 2874 ἐγένοντο·
1431 2793 1470 2871 τῷ
1484 2793 1705 2870 τεσσαρεσκαιδι-

97 2888 172 2971 κάτιρ
187 2889 214 2948 δὲ
230 2889 283 2948 έτει
298 2888 429 2961 Ἀθηναῖοι
448 2890 542 2966 Σάμον
555 2888 781 2968 πολιορκήσαντες
802 2879 871 2949 εἶλον
887 2894 1094 2968 στρατηγοῦντος
1108 2890 1118 2971 ί
1131 2887 1302 2970 ...ούντωνί)
1325 2886 1488 2969 Περικλέους
1500 2886 1546 2946 καλ
1569 2888 1705 2963 Θεμιστο-

97 2987 190 3055 κλέους
204 2990 280 3066 (leg.
299 2987 448 3069 XopoaNJ·
463 2988 490 3046 έν
501 2986 529 3046 δὲ
546 2990 584 3068 τῷ
600 2990 671 3067 αὐτῷ
686 2985 738 3047 ἔτει
751 2986 843 3065 (oham)
856 2985 964 3045 λύονται
976 2989 1004 3045 αἱ
1021 2989 1073 3045 τῶν
1087 2984 1112 3045 λ’
1125 2988 1190 3046 ἐτῶν
1205 2987 1335 3062 σπονδαί,
1351 2986 1396 3045 καλ
1410 2988 1424 3044 δ
1438 2986 1506 3045 Πιλ.
1520 2984 1635 3062 πόλεμος
1648 2982 1704 3044 ἐνί·

98 3108 205 3146 σταται.
223 3085 357 3144 Ceterum
373 3084 457 3143 vides
470 3084 617 3156 codicem,
632 3104 692 3162 quo
706 3084 862 3143 scholiasta
875 3102 946 3142 usus
968 3097 1030 3155 est,
1053 3084 1204 3143 nonnullis
1229 3084 1302 3143 locis
1322 3097 1424 3141 nostro
1448 3082 1608 3142 Parisiensi
1629 3082 1703 3141 inte·

98 3183 226 3259 griorem
248 3182 338 3241 luisse
347 3225 356 3254 ,
372 3181 421 3241 sed
439 3180 501 3259 jam
517 3182 667 3241 laborasse
680 3181 781 3240 eadem
797 3182 905 3240 lacuna
922 3184 1010 3258 quam
1032 3194 1133 3240 nostes·
1147 3180 1235 3239 habet
1253 3194 1320 3239 ante
1334 3179 1426 3239 verba
1447 3178 1661 3260 ὑποστρερύντων
1676 3177 1704 3238 δὲ

98 3282 149 3339 τῶν
164 3278 320 3351 Ἀθηναίων.
335 3278 422 3349 Quod
438 3299 498 3337 non
519 3279 702 3358 perspiciens
717 3279 873 3338 scholiasta
887 3292 1052 3357 putansque
1066 3277 1160 3335 verba
1179 3278 1234 3337 ista
1248 3276 1400 3335 reserenda
1411 3296 1474 3335 esse
1489 3275 1525 3334 atl
1543 3289 1656 3353 eaquae
1673 3277 1704 3333 in

99 3378 203 3437 mutilo
217 3377 319 3436 codice
334 3396 412 3436 nunc
424 3376 561 3455 proxime
576 3375 751 3434 antecedunt
764 3378 800 3435 de
812 3376 906 3454 pactis
918 3395 984 3433 cum
1003 3377 1165 3433 Artaxerxe
1181 3376 1283 3447 initis,
1299 3373 1391 3433 verba
1405 3374 1458 3432 ἀπὸ
1470 3378 1517 3445 τῆς
1533 3374 1624 3452 μάχης
1639 3394 1706 3431 mu-

99 3477 171 3535 tavit
184 3478 216 3535 in
229 3474 282 3533 ἀπὸ
295 3478 347 3533 τῶν
362 3475 499 3553 σπονδῶν,
513 3488 546 3533 ut
557 3473 633 3533 bene
646 3474 759 3533 monuit
771 3472 913 3531 Biichelcr
930 3470 962 3529 in
977 3474 1057 3528 Neue
1071 3474 1173 3529 Jahrb.
1187 3470 1209 3530 l.
1226 3470 1249 3531 l.
1264 3471 1344 3531 ldem
1359 3473 1408 3530 vir
1423 3470 1525 3529 deictus
1540 3462 1706 3549 probahili-

100 3586 144 3633 ter
158 3573 316 3632 admodum
333 3587 432 3633 censet
441 3593 479 3631 ex
498 3573 600 3632 eodem
617 3572 806 3631 Aristodemo
820 3569 1005 3629 scholiastam
1020 3580 1182 3626 mutuatum
1196 3586 1260 3627 esse
1282 3589 1348 3646 quae
1363 3568 1538 3626 antecedunt
1555 3587 1586 3645 p.
1600 3567 1657 3638 387
1670 3566 1706 3624 de

99 3672 224 3749 piaculo·
232 3672 362 3748 Cyloneo
380 3693 387 3728 ι

139 3768 184 3829 Τδ
199 3765 392 3828 Κυλώνειον
408 3766 497 3846 άγος.
518 3765 613 3832 Κύλων
626 3758 662 3834 είς
673 3759 706 3839 ἦν
720 3771 772 3826 τῶν
788 3764 898 3833 ἐνδόξων
915 3762 1077 3835 Ἀθηναίων,
1094 3760 1160 3840 ἀνὴρ
1173 3761 1391 3839 Ὀλυμπιονίκης.
1405 3759 1592 3835 Ἐπιθυμήσας
1607 3781 1703 3838 τυραν·

99 3873 179 3942 νῆσοι
192 3871 244 3926 τῶν
260 3865 403 3937 Ἀθηναίων
417 3864 578 3945 παρεγένετο
591 3867 636 3926 ἀπὶ
650 3872 708 3927 θεοῦ
723 3863 887 3946 χρηστήριον
903 3862 949 3921 καί
967 3856 1109 3939 ἐπηρώτα·
1124 3864 1172 3918 τοῦ
1187 3859 1214 3917 δὲ
1229 3863 1291 3917 θιοῶ
1305 3855 1498 3938 ἐπιχρήσαντος
1513 3857 1540 3913 ἓν
1554 3860 1588 3937 τῇ
1603 3856 1707 3933 μεγάλῃ

100 3970 177 4048 έορτῇ
195 3966 282 4045 [ἐντῇ
301 3968 347 4023 τοῦ
369 3962 431 4031 Διδς
445 3967 480 4041 τῇ
497 3962 608 4043 μεγίστη
631 3968 708 4045 ἑορτῇ
724 3963 818 4023 Thuc.
841 3982 869 4037 ι,
887 3962 956 4031 126,
971 3956 999 4038 4)
1012 3956 1150 4018 ἐπιθέσθαι
1169 3960 1202 4033 τῇ
1218 3954 1368 4036 τυραννίδι,
1386 3953 1522 4035 ἀγομένων
1537 3954 1588 4010 τῶν
1605 3945 1711 4029 Ὀλυμδ

100 4064 186 4141 πίων,
203 4062 278 4132 δόξας
291 4062 391 4131 ταύτην
406 4052 472 4119 εἶναι
494 4059 543 4132 τλν
559 4062 677 4140 μεγάλην
692 4060 801 4139 ἑορτὴν,
817 4058 923 4118 ἐπέθετο
941 4056 987 4116 καί
1008 4052 1140 4114 κατέλαύε
1159 4054 1209 4125 τὴν
1226 4051 1368 4133 ἀκρόπολιν
1383 4057 1436 4112 τῶν
1455 4050 1609 4123 Ἀθηναίων.
1627 4052 1710 4129 Περι-

100 4162 167 4233 κλῆς
179 4157 230 4241 [δέ]
250 4158 416 4237 (Μεγακλῆς
431 4178 489 4217 sec.
507 4157 582 4217 Ptur.
595 4158 653 4219 Sol.
672 4156 726 4237 ta]
745 4156 812 4237 ἔχων
827 4154 873 4214 σύν
892 4156 980 4230 ἑαυτῷ
994 4152 1053 4219 τοὺς
1071 4150 1288 4231 συμπράττοντος
1303 4149 1453 4220 ἐπανέστη·
1467 4154 1482 4207 δ
1498 4147 1526 4207 δέ
1543 4148 1639 4208 Κύλων
1654 4146 1711 4206 δεί-

115 4268 1711 4293 ——-.-.-...—-----——-———————

134 4329 167 4393 (¹)
181 4330 235 4379 iioc
250 4326 355 4391 liquete
372 4326 491 4376 Clemcnl.
505 4329 595 4376 strom.
611 4330 637 4385 i,
655 4340 679 4390 p.
693 4331 747 4376 103.
760 4330 790 4375 v.
804 4327 844 4375 Fr.
864 4324 930 4375 iiisl.
945 4326 967 4381 1,
980 4336 1004 4385 p.
1023 4322 1084 4371 th.
1100 4319 1193 4383 Ephori
1205 4319 1296 4369 librum
1311 4318 1471 4378 vicesimum„
1484 4330 1534 4379 quo
1545 4314 1711 4366 narrabantur

100 4414 158 4465 qua
172 4400 236 4451 libro
246 4401 290 4450 XV
303 4397 425 4449 Diodorus
438 4398 528 4459 habet,
541 4412 605 4448 anno
624 4402 669 4449 330
683 4398 805 4461 scriptum
818 4409 887 4455 esse,
904 4408 936 4445 ex
950 4393 1058 4445 Diodoro
1069 4393 1121 4456 (15,
1132 4398 1171 4452 ου,
1184 4391 1219 4454 t)
1235 4391 1330 4455 colligo.
1345 4390 1444 4440 scilicet
1460 4388 1616 4439 Cleomenem
1626 4387 1660 4438 ΙΙ.
1671 4399 1711 4435 re·

101 4485 156 4537 gem
170 4470 426 4528 meedemnntorun,
437 4482 552 4534 regnasse
568 4474 715 4521 connatam
730 4471 836 4519 370300
847 4480 870 4516 a.
887 4467 926 4527 0.,
940 4467 967 4514 ut
981 4468 1047 4514 recte
1059 4464 1134 4514 etiam
1145 4463 1270 4513 Diodorus
1279 4460 1367 4512 statuit
1379 4468 1423 4521 τι),
1437 4466 1483 4522 29,
1498 4457 1542 4509 ubi
1557 4479 1564 4508 ι
1578 4458 1616 4507 ἐπ’
1626 4458 1712 4521 ἄρχον·

101 4559 141 4597 τοι
155 4540 290 4603 Δημητρίου
305 4540 381 4603 (309)
394 4542 525 4603 Κλεομένης
537 4542 683 4599 ἐτελεύτησεν
696 4540 765 4602 ἄρξας
776 4540 816 4597 έτη
831 4539 848 4595 ξ’
859 4538 900 4585 καὶ
916 4542 990 4597 μῆνας
1001 4536 1066 4583 δέκα,
1087 4534 1177 4584 (inulta
1191 4546 1251 4583 verti
1262 4531 1306 4581 lllt.
1320 4535 1357 4591 ts,
1368 4537 1412 4590 00,
1428 4533 1452 4590 li,
1466 4530 1505 4579 Ol.
1520 4532 1573 4587 102,
1586 4532 1610 4587 8,
1627 4529 1673 4576 370
1686 4540 1711 4574 a.

103 4614 130 4664 C.
144 4611 268 4662 Diodorus
279 4613 362 4661 nonai
379 4610 445 4660 miro
457 4624 517 4661 casn
532 4611 650 4662 accidisse
662 4613 691 4660 ut
704 4610 791 4660 eodem
807 4608 855 4658 hoc
866 4618 930 4657 anno
943 4608 996 4655 tres
1017 4604 1139 4669 principes
1151 4602 1218 4653 diem
1230 4601 1364 4662 obiissent,
1375 4602 1496 4651 Aminios
1510 4595 1628 4656 Macedo,
1637 4597 1713 4644 lason

101 4685 220 4734 Pheraus
232 4684 352 4746 tyrannus
365 4683 390 4731 el
401 4680 536 4746 Agesipolis
552 4694 596 4731 rex
607 4678 865 4739 Lacedaemoniorum,
879 4677 950 4741 cujus
967 4676 1045 4725 irater
1056 4678 1082 4726 et
1093 4688 1221 4725 successor
1237 4675 1382 4724 Cleomenes
1397 4674 1421 4722 il
1432 4670 1582 4721 ἐδααίλευσεν
1595 4668 1635 4748 ειη
1646 4664 1712 4731 τριά-

102 4770 175 4805 κοντα
188 4756 229 4803 καὶ
239 4757 336 4815 τέτταρα
347 4753 355 4817 (
366 4756 467 4803 370307
477 4754 494 4817 ).
511 4753 574 4803 Mira
589 4751 754 4815 discrepantia
768 4764 796 4801 ex
807 4762 836 4799 eo
852 4746 998 4813 explicanda
1009 4760 1064 4797 esse
1075 4745 1138 4796 mihi
1156 4745 1255 4796 ridetur
1266 4742 1334 4809 quod
1345 4742 1400 4793 haec
1411 4757 1443 4793 ex
1455 4742 1553 4805 Ephoro
1565 4740 1655 4800 (eujus
1666 4748 1712 4820 αρτ

102 4838 188 4891 pressa
202 4825 295 4875 mentio
309 4824 335 4875 iu
351 4824 398 4875 hoc
410 4824 507 4888 eapite,
519 4824 534 4889 §
545 4830 575 4885 5,
588 4822 714 4888 injicitur)
723 4820 874 4886 negligenter
885 4823 1003 4884 excerpta
1016 4822 1082 4869 suni.
1092 4818 1214 4868 Nimirum
1225 4817 1352 4881 Ephorus,
1363 4814 1407 4879 qui
1421 4812 1537 4891 historias
1547 4820 1605 4858 suas
1616 4820 1713 4858 nonntsr

79 4887 85 4897 '
103 4895 136 4946 ad
152 4909 192 4946 au.
212 4900 255 4946 311
273 4894 391 4955 deduxit,
407 4894 438 4945 de
450 4898 504 4945 toto
520 4894 659 4945 Cleomenis
672 4905 747 4957 regno
760 4904 859 4942 monere
871 4905 919 4941 non
933 4890 1028 4953 potuit,
1048 4888 1092 4939 sed
1103 4900 1158 4939 eam
1171 4888 1225 4951 eius
1238 4889 1334 4952 partem
1345 4881 1549 4962 commemoraui
1559 4892 1618 4941 que
1631 4890 1713 4961 usque

104 4967 136 5017 ad
150 4981 239 5017 annum
251 4980 301 5031 quo
318 4967 367 5017 ista
381 4966 493 5029 scripsit,
508 4963 653 5029 pertinebat.
668 4963 745 5025 igitur
758 4964 822 5014 libro
834 4966 880 5013 xx
892 4976 932 5015 res
946 4962 1003 5013 anai
1021 4967 1067 5012 370
1078 4961 1176 5025 scripsit
1188 4973 1251 5009 auno
1262 4962 1309 5010 300
1325 4954 1461 5023 (07001).
1474 4954 1522 5003 lies
1535 4952 1601 4999 nter
1617 4949 1712 5000 itedrcr

104 5036 232 5088 othelium
244 5036 328 5100 Peiop.
339 5036 480 5101 interjectas
494 5035 605 5085 namatii
620 5033 685 5085 libro
698 5037 762 5084 iiiii.
1503 5092 1510 5105 ο
1584 5092 1590 5103 ⁸
1661 5091 1667 5103 Ι
1689 5090 1695 5103 ·

137 5106 185 5173 (**)
198 5106 311 5157 Scholion
320 5106 382 5155 mihi
392 5108 573 5157 auriotalionem
585 5106 610 5155 in
620 5104 650 5154 ir.
663 5104 736 5155 Arist.
752 5104 866 5155 scribenti
881 5118 929 5154 non
938 5103 1044 5153 innotuit
1054 5121 1061 5163 3
1072 5105 1201 5166 acceptum
1215 5099 1296 5150 relero
1309 5097 1456 5156 Bucheiero,
1468 5106 1510 5158 qur
1523 5091 1606 5144 deiru
1616 5092 1679 5143 disti
1687 5106 1713 5141 m

106 5176 427 5240 ii'eatelairi.s‚1>ltilol.
446 5182 521 5238 1000,
533 5190 557 5241 p.
575 5180 634 5239 170,
650 5190 699 5240 quo
709 5180 819 5241 tempore
834 5179 918 5225 nostra
930 5172 1026 5225 dudum
1040 5174 1104 5238 typis
1116 5184 1231 5235 expressa
1246 5172 1324 5221 erant.
