3809 5859
615 332 667 391 DE
687 330 847 391 EPOClllS
868 330 1059 393 fltsvotttltt
1082 332 1242 394 h‘l‘TlCAE.
1642 350 1729 401 xxxv<

169 469 318 552 Septenuii
339 465 504 526 differentia
518 464 610 523 simili
625 463 713 521 modo
729 462 851 542 probari
873 466 991 542 nequit,
1005 465 1054 523 sed
1071 464 1190 523 aliunde
1205 465 1333 523 eruenda
1346 477 1399 525 est.
1414 465 1548 526 Ceterum
1570 477 1729 543 computo·

130 550 194 630 rum
211 568 337 625 varietas
353 576 474 640 augetur
493 581 528 619 eo
541 561 619 639 quod
637 560 786 632 Creontis,
802 560 893 637 primi
915 560 1062 618 archontis
1080 560 1187 631 annui,
1204 561 1399 635 magistratum
1415 560 1465 626 alii
1479 560 1510 619 in
1528 580 1575 618 an.
1595 562 1652 631 664
1673 560 1720 618 vel

127 646 201 741 666,
214 663 366 722 66666.
380 662 439 718 seo
452 658 514 735 (οι.
536 658 584 729 66,
604 654 656 735 ι),
670 656 720 715 ato
736 658 766 714 n
781 675 828 717 an.
847 666 901 729 rot
919 656 982 733 (οι.
999 678 1051 735 69,
1069 640 1722 735 1)cotosmorynajneeam<temnens

129 776 172 823 est
186 762 265 819 cirea
285 758 421 835 mythicae
439 756 567 814 historiae
588 754 728 832 epochas,
740 754 776 811 de
788 752 895 830 quibus
914 752 1056 811 Eusebius
1069 766 1098 810 et
1118 752 1221 811 Castor
1235 765 1265 810 et
1284 766 1415 811 auctores
1427 752 1635 832 Excerptorum
1650 753 1721 811 Bar·

128 860 266 918 berorum
281 869 310 913 et
324 854 478 912 hlarmoris
492 850 572 909 Parii
594 870 663 909 suos
685 850 810 928 quisque
836 849 962 907 calculos
978 850 1069 908 secuti
1090 861 1168 908 sunt.
1184 851 1318 907 Attamen
1336 849 1435 906 omnia
1455 848 1517 908 baec
1533 850 1721 927 quantumvis

130 958 247 1014 diversa
257 950 369 1028 legibus
391 948 565 1028 quibusdam
587 948 733 1018 nituntur,
750 946 857 1023 quibus
871 948 1032 1023 perspectis
1049 945 1134 1003 facile
1148 959 1269 1027 apparet
1282 950 1332 1023 qui
1345 949 1451 1005 iactum
1470 948 1508 1006 sit
1525 961 1558 1007 ut
1578 948 1721 1022 Charopis

130 1066 159 1111 et
179 1050 310 1109 Creontis
333 1047 401 1105 anni
425 1058 482 1103 tam
502 1044 586 1102 vario
611 1042 698 1105 modo
719 1044 856 1102 constitui
879 1043 1007 1119 indeque
1026 1042 1113 1099 etiam
1139 1054 1269 1120 tempora
1281 1042 1413 1101 historiae
1426 1043 1491 1102 luce
1515 1044 1593 1103 clara
1608 1043 1722 1103 turbari

130 1146 288 1227 potuerint.
302 1144 397 1221 lgilur
412 1140 648 1222 operaepretium
662 1141 700 1197 sit
711 1158 822 1197 summa
837 1140 880 1197 rei
895 1151 1040 1197 momenta
1055 1139 1156 1217 paucis
1168 1158 1323 1215 exponere.

168 1239 246 1299 Idem
263 1249 463 1315 argumentum
477 1235 596 1312 juvenis
617 1234 687 1293 olitn
703 1237 841 1311 tenuique
856 1248 996 1315 apparatu
1010 1236 1170 1293 instructus
1185 1236 1217 1293 in
1236 1235 1413 1311 fragmentis
1428 1235 1645 1311 chronologicis
1664 1248 1723 1293 tra-

131 1337 222 1408 ctavi,
239 1356 304 1415 quae
317 1355 363 1394 an.
384 1334 457 1403 6844
470 1333 512 1390 ed
533 1332 639 1389 calcem
654 1330 793 1389 llerodoti
807 1332 852 1390 ed.
866 1332 932 1391 Did.
948 1331 1122 1409 prodierunt
1135 1344 1272 1408 tanquam
1286 1331 1458 1410 praeludium
1474 1332 1594 1409 majoris
1607 1332 1721 1409 operis,

131 1430 210 1507 quod
229 1448 377 1507 nunquam
398 1428 561 1504 dereliqui,
579 1426 630 1484 sed
649 1427 685 1484 ad
706 1428 791 1486 finem
810 1429 972 1508 perducere
985 1427 1113 1486 nondum
1129 1428 1223 1504 potui.
1240 1427 1322 1486 llaud
1337 1448 1429 1505 pauca
1442 1428 1646 1486 commentatio
1665 1428 1721 1485 ista

133 1525 220 1584 habet
234 1546 299 1603 quae
314 1545 372 1595 non
393 1536 470 1581 recte
487 1522 564 1580 dicta
585 1540 648 1580 esse
669 1522 838 1582 diuturnum
859 1523 962 1581 harum
978 1542 1075 1581 rerum
1092 1522 1220 1580 studium
1235 1542 1281 1580 me
1299 1523 1417 1596 docuit,
1432 1523 1505 1583 illud
1524 1524 1641 1581 veroin
1662 1542 1723 1599 quo

132 1623 220 1683 cardo
235 1622 324 1681 totius
338 1621 448 1697 negotii
463 1618 645 1691 versabatur,
668 1620 779 1679 scilicet
798 1622 962 1699 praecipuas
975 1619 1103 1678 historiae
1117 1619 1284 1677 incertioris
1304 1619 1429 1697 epochas
1444 1620 1601 1678 seeundum
1624 1617 1724 1695 cyclos

133 1740 273 1779 annorum
290 1720 327 1777 63
343 1720 498 1775 adornatas
509 1736 590 1789 esse,
603 1729 754 1793 tantopere
768 1718 800 1775 in
816 1718 973 1796 propatulo
987 1735 1050 1775 esse
1064 1737 1143 1775 nune
1156 1715 1318 1786 contendo,
1334 1729 1381 1787 ut,
1398 1718 1424 1775 si
1440 1717 1507 1793 quis
1521 1729 1650 1773 scrutans
1663 1715 1723 1773 haec

133 1837 194 1875 non
214 1814 410 1885 intellexerit,
426 1832 490 1871 eum
505 1832 558 1871 suo
581 1812 705 1889 gaudere
723 1826 841 1891 stupore
858 1812 987 1891 jubeam.
1004 1814 1085 1871 lianc
1097 1825 1192 1871 autem
1208 1811 1371 1871 doctrinam
1386 1832 1422 1870 eo
1437 1812 1593 1871 obscuravi
1607 1831 1722 1885 errore,

133 1912 212 1990 quod
227 1911 317 1989 cyclis
334 1910 394 1968 illis
409 1909 526 1968 subesse
538 1909 673 1988 putabam
687 1910 787 1968 rudem
802 1908 946 1987 quendam
962 1922 1128 1987 computum
1142 1907 1387 1980 astronomicum,
1400 1928 1459 1986 quo
1474 1909 1511 1964 63
1528 1907 1597 1965 anni
1609 1908 1723 1966 lunares

132 2007 168 2063 ad
182 2008 219 2064 do
236 2026 328 2064 annos
341 2006 449 2063 solares
469 2017 688 2064 revocarentur.
708 2004 828 2062 Seduxit
841 2004 946 2081 partim
962 2003 1128 2061 0dofredus
1144 2003 1283 2061 hlirllerus
1298 2004 1350 2080 qui
1364 2002 1509 2080 ejusmodi
1525 2004 1638 2079 cyclum
1654 2005 1720 2061 ttae-

133 2103 264 2161 dalorum
286 2103 423 2160 festorum
445 2101 533 2159 hrisse
556 2101 741 2180 opinabatur,
756 2101 863 2179 partim
884 2099 959 2158 illud
982 2100 1060 2177 qnod
1075 2119 1129 2178 pro
1152 2100 1189 2155 63
1209 2098 1294 2157 annis
1309 2100 1417 2175 passim
1440 2102 1479 2157 60
1495 2118 1587 2157 annos
1602 2120 1724 2158 numero

133 2200 260 2258 rotundo
274 2202 344 2276 poni
359 2196 509 2270 videbam,
524 2210 553 2255 et
565 2197 643 2275 quod
656 2199 754 2275 cyclos
766 2216 907 2255 annornm
918 2198 957 2253 60
973 2195 1050 2273 apud
1062 2196 1138 2253 hsiae
1150 2196 1251 2253 mediae
1266 2208 1294 2253 et
1307 2196 1412 2274 priscae
1426 2198 1568 2254 Americae
1580 2209 1678 2271 gentes
1692 2198 1724 2255 in

133 2316 189 2354 usu
205 2282 340 2363 luerunt,
358 2296 472 2352 tandem
487 2313 559 2353 vero
574 2293 652 2371 quod
667 2294 818 2369 vulgarem
833 2311 920 2350 aeram
934 2289 1095 2366 'frojanam
1111 2290 1179 2348 anni
1201 2292 1274 2367 1193
1288 2305 1425 2370 computo
1438 2293 1492 2350 niti
1505 2292 1679 2364 arbitrabar,
1691 2294 1724 2351 in

130 2413 188 2469 quo
203 2393 345 2451 terminus
359 2412 378 2446 a
394 2412 448 2466 quo
459 2403 535 2449 esset
550 2390 700 2469 Olympias
716 2390 822 2467 prima.
838 2393 905 2447 llaec
919 2390 1019 2446 omnia
1038 2406 1114 2445 vana
1129 2406 1192 2445 esse
1206 2407 1284 2445 nunc
1299 2406 1420 2460 censeo,
1442 2375 1539 2465 neque
1557 2387 1638 2447 aliud
1650 2390 1723 2466 quid

128 2490 160 2547 in
174 2488 258 2566 cyclo
276 2488 332 2546 isto
350 2504 493 2545 annorum
514 2486 551 2543 63
572 2505 697 2561 agnosco
719 2486 777 2545 nisi
803 2484 937 2561 διάστημα
953 2482 1061 2561 μυθικὸν
1075 2484 1123 2541 vel
1142 2483 1266 2559 μυστικὸν
1283 2483 1336 2562 (ut
1358 2483 1493 2543 Clemens
1509 2505 1542 2563 p.
1569 2494 1622 2557 647
1643 2487 1721 2564 ait),

129 2581 213 2659 cujus
229 2583 274 2640 vis
288 2595 317 2639 et
331 2581 405 2640 ratio
419 2582 506 2639 unice
519 2581 627 2639 residet
648 2582 680 2639 in
694 2581 937 2660 multiplicatione
955 2599 1143 2639 numerorum
1160 2582 1315 2659 septenarii
1335 2593 1364 2639 et
1378 2581 1495 2639 nonarii
1511 2581 1580 2657 (¹⁴),
1595 2602 1723 2659 quorum

130 2697 214 2735 usum
228 2676 303 2735 bene
316 2678 394 2735 nosti
404 2677 460 2735 late
473 2688 571 2755 patere
583 2697 635 2755 per
648 2678 832 2754 antiquitatis
847 2676 957 2735 tabutas
971 2691 1000 2735 et
1011 2678 1104 2735 cultus
1119 2678 1250 2735 instituta
1261 2690 1290 2735 et
1300 2676 1514 2759 φιλοσοφήματα.
1527 2677 1576 2735 Sic
1590 2690 1622 2734 ut
1633 2698 1724 2735 unum

129 2773 248 2830 asseram
259 2816 267 2844 ,
278 2772 366 2831 Solon
382 2773 471 2831 vitam
484 2771 638 2830 humanam
655 2774 758 2831 novies
772 2786 957 2850 septenorum
972 2793 1116 2832 annorum
1129 2774 1254 2852 periodo
1266 2772 1409 2831 contineri
1424 2773 1518 2842 (lixit,
1534 2786 1563 2830 et
1575 2772 1726 2849 Pythago·

130 2868 174 2926 rei
196 2868 375 2947 planetarum
398 2868 550 2927 distantias
570 2871 619 2929 63.
640 2872 707 2929 666.
735 2872 801 2945 189.
825 2870 881 2927 656
903 2884 957 2929 etc.
979 2869 1110 2929 millibus
1125 2870 1285 2929 stadiorum
1301 2869 1496 2943 delinierunt,
1512 2886 1541 2929 et
1558 2871 1723 2930 Eratosthe-

132 2982 183 3021 nes
198 2976 281 3021 terrre
296 2963 453 3035 ambitum,
471 2983 556 3041 quem
579 2964 638 3023 iere
653 2964 783 3037 aio,ooo
796 2966 954 3024 stadiorum
976 2986 1036 3026 esse
1055 2967 1175 3025 calculis
1190 2967 1394 3026 astronomicis
1409 2980 1574 3045 repererat,
1589 2989 1723 3027 commo—

130 3060 226 3118 dioris
237 3061 349 3120 numeri
364 3078 449 3118 causa
463 3061 592 3132 656,οοο
607 3060 765 3119 stadiorum
779 3078 841 3119 esse
853 3061 975 3133 sumsit,
988 3061 1059 3119 adeo
1073 3073 1106 3119 ut
1122 3082 1139 3119 a
1157 3061 1234 3119 linea
1247 3061 1445 3139 aequinoctiali
1461 3062 1497 3120 ad
1511 3063 1612 3142 polum
1631 3082 1725 3140 usque

132 3168 228 3237 essent
241 3156 332 3213 stadia
346 3159 461 3230 63,ooo.

135 3241 138 3247 ¹
173 3250 305 3310 Ceterum
321 3267 472 3329 antequam
487 3252 524 3310 de
538 3252 658 3331 epochis
672 3252 801 3311 historiae
818 3254 919 3311 Attieae
933 3254 1126 3327 disseramus,
1138 3255 1279 3314 nonnulla
1293 3255 1498 3334 praemonenda
1513 3269 1582 3314 sunt
1601 3256 1637 3314 de
1650 3274 1723 3334 epo-

129 3346 197 3404 chis
210 3348 280 3406 belli
295 3347 417 3424 Trojani
431 3362 459 3407 et
479 3349 590 3407 reditus
602 3350 833 3411 Heraclidarum.
850 3351 915 3410 Duo
931 3351 962 3409 in
974 3351 1021 3410 his
1037 3350 1235 3428 distinguendi
1251 3365 1318 3411 sunt
1333 3353 1478 3430 computi,
1499 3372 1573 3429 quos
1587 3352 1723 3431 Olympi-

129 3458 194 3498 cum
211 3444 378 3500 et'htticum
393 3443 489 3501 dicere
504 3443 581 3504 licet.
594 3448 628 3501 In
642 3443 733 3502 altero
750 3444 890 3504 terminus
904 3467 924 3501 a
939 3467 993 3521 quo
1005 3458 1049 3504 est
1062 3445 1214 3524 Olympias
1226 3447 1323 3524 prima
1336 3446 1435 3525 (776),
1452 3448 1484 3504 in
1499 3448 1591 3505 altero
1605 3447 1720 3525 primus

127 3556 220 3597 annus
234 3538 323 3616 primi
346 3537 494 3598 archontis
510 3540 677 3598 decennalis
690 3539 783 3619 (756).
805 3539 852 3599 Ab
866 3553 993 3617 utroque
1012 3542 1139 3600 termino
1153 3561 1245 3618 usque
1264 3542 1300 3600 ad
1323 3562 1371 3600 eas
1386 3561 1457 3599 aeras
1475 3542 1638 3619 Trojanas,
1656 3562 1723 3620 quas

127 3628 258 3693 omnium
273 3636 470 3694 usitatissimae
484 3650 551 3695 sunt
567 3638 632 3715 (an.
652 3657 725 3710 6667
741 3650 769 3693 et
795 3632 898 3712 6693),
912 3649 1118 3712 computantur
1140 3650 1250 3712 septem
1268 3639 1345 3715 cycli
1360 3638 1488 3697 minores
1503 3637 1641 3716 (7><6's)
1656 3640 1723 3697 sire

128 3730 197 3789 anni
213 3739 266 3798 446
278 3776 287 3805 ,
304 3752 378 3809 quos
391 3733 513 3810 majoris
530 3734 606 3811 cycli
620 3738 737 3792 nornine
749 3730 1020 3807 comprehenderis3
1034 3732 1090 3791 hac
1103 3734 1181 3791 enim
1196 3732 1319 3812 periodo
1332 3734 1511 3809 insigniores
1531 3733 1722 3793 historiarum

127 3826 247 3905 epochae
265 3846 420 3905 rerumque
442 3829 631 3893 humanarum
649 3828 855 3889 conversiones
870 3828 1111 3887 disterminantur
1124 3828 1292 3905 ubicunqne
1305 3829 1540 3907 genealogiarum
1561 3842 1723 3907 ceteraeque

126 3924 293 3983 traditionis
307 3926 431 3984 rationes
445 3946 504 3983 non
518 3927 590 3985 adeo
602 3926 795 4003 refragantur.
811 3923 992 4000 Quamquam
1007 3926 1114 4001 passim
1129 3926 1201 4002 ipsae
1213 3925 1300 3982 etiam
1315 3925 1490 4001 genealogiae
1505 3944 1664 4002 regumque
1676 3945 1720 3984 se·

129 4021 188 4088 ries
210 4021 247 4078 ad
268 4022 432 4099 implendos
447 4022 545 4099 cyclos
568 4023 693 4101 majores
715 4024 816 4081 effictae
829 4039 892 4079 esse
912 4020 1060 4081 videntur.
1082 4022 1131 4079 Sic
1151 4020 1339 4081 Erechthidas
1357 4042 1439 4097 reges
1464 4022 1718 4099 quattuordecim,
1779 4005 1783 4010 ⁴

128 4116 236 4195 quibus
251 4125 306 4187 446
322 4120 391 4177 anni
402 4120 596 4195 assignantur,
609 4139 645 4177 ex
655 4120 761 4198 priscis
774 4116 881 4175 fabulis
893 4118 996 4176 Atticis
1009 4118 1140 4196 undique
1152 4109 1375 4196 conquisitos'et
1392 4121 1423 4178 in
1434 4121 1602 4179 continuam
1615 4122 1722 4179 seriem

128 4214 344 4297 consarcinatos
367 4235 428 4275 esse
450 4230 573 4279 constat.
600 4216 695 4276 Aliam
719 4234 861 4275 annorum
886 4221 939 4281 446
965 4214 1118 4292 periodum
1142 4216 1359 4275 successoribus
1382 4215 1639 4286 Erechthidarum,
1666 4218 1717 4293 qui

129 4310 246 4369 luerunt
264 4331 356 4390 usque
379 4313 415 4371 ad
437 4314 561 4391 primum
587 4315 752 4373 archontem
769 4330 951 4383 annuunt,a
975 4313 1125 4371 nonnullis
1152 4314 1323 4373 attributum
1349 4334 1412 4373 esse
1439 4313 1516 4372 inira
1537 4314 1716 4392 videbimus.

129 4406 252 4473 Eosdem
268 4428 360 4467 annos
384 4420 521 4483 6)(446,
545 4414 595 4487 qui
611 4412 653 4470 sic
670 4410 808 4470 labuntur
822 4428 839 4467 a
853 4408 982 4489 Cecrope
1002 4430 1095 4487 usque
1111 4412 1146 4468 ad
1169 4408 1342 4483 Creontem,
1361 4412 1393 4469 in
1409 4412 1597 4489 Assyriorum
1621 4431 1722 4487 regum

25 4518 31 4529 '
128 4502 270 4579 laterculo
292 4505 382 4564 babes
395 4507 494 4565 iudea
515 4507 591 4567 h'ino
612 4510 704 4587 usque
724 4508 760 4566 ad
784 4498 873 4565 linem
887 4506 1021 4565 'l'eutami
1038 4522 1067 4566 et
1085 4509 1230 4566 excidium
1249 4508 1344 4586 Trojae
1361 4528 1419 4569 sec.
1437 4508 1584 4568 Canonem
1603 4508 1721 4567 Eusebii

127 4598 135 4676 l
149 4596 215 4657 vid.
230 4600 358 4660 Castoris
372 4602 409 4663 ir.
425 4624 455 4681 p.
475 4603 562 4681 159),
580 4618 609 4662 et
633 4604 669 4661 ab
685 4604 794 4682 AEgialo
805 4602 1011 4679 Sicyoniorum
1025 4624 1199 4683 regensque
1217 4605 1254 4664 ad
1266 4618 1380 4683 captum
1397 4605 1483 4664 llium
1498 4605 1656 4664 seeundum
1668 4604 1721 4663 Ga·

128 4904 140 4953 a
159 4828 192 4919 ζ’)
207 4835 335 4886 Africanus
346 4836 411 4899 apud
426 4838 577 4901 syncellum,
596 4852 621 4902 p.
641 4843 698 4899 tta,
717 4840 735 4888 B
758 4859 764 4889 :
781 4841 893 4902 Κρέοντος
905 4840 1000 4903 πρώτου
1013 4839 1124 4903 ἄρχοντος
1143 4840 1293 4903 ἡγησαμένου
1304 4841 1342 4889 ini
1356 4844 1397 4899 τῆς
1412 4842 1440 4888 66·
1459 4838 1636 4900 Ὀλυμπιάδος,
1649 4838 1672 4885 al
1693 4838 1721 4884 δὲ

140 4908 311 5038 π6666ςε666166
323 4979 418 5042 generis
434 4980 549 5045 figmento
564 4980 649 5032 nititur
666 4981 750 5044 cyclus
765 4994 883 5031 annorum
899 4985 943 5041 59,
959 4982 1031 5045 enjus
1042 4982 1149 5032 6666666
1161 4980 1295 5044 OEuopides
1312 4979 1389 5031 (thius
1399 4992 1475 5031 renem
1483 4976 1576 5029 mbule
1589 4974 1726 5039 insculptas

127 5044 469 5180 10)4))646ἑῗ3666666666666466
480 5050 583 5111 tAElian.
594 5054 625 5100 v.
643 5050 707 5101 trist.
724 5056 765 5112 ttt,
777 5051 819 5115 7).
836 5050 893 5101 vid.
908 5052 1000 5101 Boeelb
1014 5052 1162 5108 Philolaus,
1182 5064 1206 5114 p.
1222 5055 1278 5111 13⁵,
1293 5050 1372 5101 ldeler
1385 5045 1541 5099 Hondtvclt.
1555 5046 1581 5097 d.
1596 5044 1711 5096 chronol

1595 5225 1622 5284 οε
