3809 5859
740 297 1015 362 nuaounuruu.
1642 316 1678 375 ,κ

76 427 105 488 δί
121 426 254 498 Ἀθηναῖοι
276 425 366 505 μύριοι
386 424 566 505 ἑξακισχίλιοι·
587 427 632 487 καί
652 432 759 487 νικῶσιν
778 428 853 501 Ἀθη·

76 524 154 575 ναῖοι.
180 514 215 593 (2)
241 512 460 593 Παραταξάμενοι
484 514 512 573 δὲ
531 514 610 574 πάλιν
630 518 656 573 ἐν
681 516 850 595 Οἰνοφύτοις,

75 607 282 685 στρατηγοῦντος
294 602 378 660 αίιτῶν
389 600 522 678 Τολμίδου
535 604 581 661 καὶ
591 602 760 683 Μυρωνίδου,
774 604 855 677 ἐνίκη-

77 716 128 752 σαν
142 688 271 756 Βοιωτούς
283 692 328 749 καί
343 688 473 769 κατέσχον
487 690 626 751 Βοιωτίαν.

117 771 200 832 ΧΙΙΙ.
228 769 311 835 icccc<
335 768 511 848 ἐστράτευσαν
529 771 572 830 ἐπί
595 770 715 850 Κύπρον,
737 794 853 849 στρατη-

77 863 185 937 γοῦντος
206 860 292 916 αύτῦιν
317 860 439 932 Κίμωνος
467 862 513 915 τοῦ
537 856 695 918 Μιλτιάδου.
718 856 852 916 Ἐνταῦθα

75 950 150 1027 λιμῷ
173 944 383 1025 συνεσχόθησαν,
409 943 454 1002 καί
479 943 574 1020 Κίμων
589 943 701 1013 νοσήσας
722 945 748 1001 ἐν
769 942 854 1024 Κιτίῳ

75 1036 154 1095 πολιι
174 1040 219 1105 τῆς
240 1034 349 1113 Κύπρου
371 1034 491 1114 τελευτᾷ.
512 1035 547 1092 Oi
568 1030 594 1091 δὲ
619 1030 722 1108 Πέρσαι
744 1035 853 1110 δρῶντες

74 1121 277 1200 κικακωμίνους
285 1122 342 1190 τούς
351 1121 512 1192 Ἀθηναίους,
525 1118 762 1201 περιρρυνιίσαντες
770 1122 854 1179 αὐτῶν

75 1213 191 1284 ἐπῆλθον
202 1218 259 1275 ταῖς
272 1210 380 1277 ναυσίν,
397 1210 442 1267 καί
465 1209 535 1286 ιἰγὼν
550 1208 648 1283 γίνεται
661 1205 730 1267 κατά
749 1208 848 1267 θάλατ-

77 1322 144 1375 ταν,
171 1300 197 1357 iu
221 1288 243 1378 ᾧ
269 1301 373 1355 νικῶσιν
396 1294 535 1369 Ἀθηναῖοι.
559 1299 590 1375 (a)
622 1296 676 1356 Καί
708 1295 853 1375 στρατηγόν

78 1390 214 1465 αἱροῦνται
236 1384 358 1445 Καλλίαν
370 1385 414 1441 τὸν
430 1383 540 1456 ἐπίκλην
563 1383 778 1455 Λακκόπλουτον,
791 1382 848 1441 ἐπεὶ

895 430 989 501 ιιΙεοὶιιι
1009 434 1099 495 millia,
1121 435 1306 487 Atheniensium
1327 438 1435 489 sedecim
1452 427 1528 489 millia
1560 440 1679 492 vicerunt

906 520 1076 573 Athenienses.
1091 521 1127 587 (2)
1139 524 1195 573 llos
1217 525 1295 575 altero
1310 527 1400 589 proelio
1411 525 1444 575 ad
1458 528 1612 591 OEnophyts‚
1623 529 1678 580 Tol·

906 608 974 659 mida
980 613 1007 659 et
1013 610 1141 672 llyronide
1150 610 1264 675 duobus,
1276 614 1374 663 Boeotos
1383 613 1538 664 debellarunt
1549 617 1575 666 et
1585 616 1681 668 uenus

906 696 978 757 potiti
994 699 1060 747 sunt.

938 787 1005 836 xlll.
1015 786 1103 837 statim
1118 791 1175 851 post
1184 788 1239 838 hec
1250 789 1412 841 Athenienses
1420 791 1446 840 in
1457 793 1566 855 cyprum
1579 792 1678 857 expedi·

907 872 999 924 tionem
1020 879 1195 939 susceperunt,
1218 875 1283 927 duce
1302 877 1403 928 cimone
1427 878 1545 929 Miltiadis
1564 880 1623 930 tilio.
1641 883 1680 932 lbi

907 957 973 1007 larue
983 958 1164 1020 detinebantur,
1181 964 1207 1009 et
1219 959 1305 1011 cimon
1321 962 1353 1011 ad
1364 963 1456 1013 (litium
1471 964 1546 1028 cypri
1564 967 1682 1030 oppidum

908 1044 996 1095 morbo
1005 1046 1082 1095 uitam
1092 1045 1181 1097 linivit.
1198 1049 1280 1097 Peraae
1291 1062 1351 1100 vero
1359 1050 1529 1115 Athenienses,
1540 1066 1602 1115 quos
1610 1056 1683 1105 malis

909 1144 1009 1194 pressos
1027 1133 1157 1196 ridebant,
1177 1133 1353 1202 despicientes,
1367 1138 1471 1189 classem
1488 1153 1575 1191 eorum
1596 1140 1678 1193 adorti

907 1223 975 1271 sunt.
995 1222 1134 1273 Gomadeon
1149 1224 1234 1287 proelio
1245 1225 1325 1276 navali
1333 1228 1473 1291 superiores
1485 1230 1593 1281 erudiunt
1605 1232 1681 1282 Athe·

907 1307 1011 1359 aienses.
1030 1309 1065 1373 (2)
1074 1313 1138 1359 Tum
1149 1309 1239 1362 ducem
1251 1316 1335 1364 meant
1344 1315 1458 1378 callum,
1470 1316 1513 1379 qiu
1522 1320 1683 1381 Laccoplutns

908 1400 960 1449 εἴτε
979 1400 1119 1450 Possidixes
1140 1402 1366 1465 cognominabatur,
1380 1404 1448 1466 quod
1459 1404 1492 1455 ad
1513 1406 1683 1459 Marathonem

78 1562 145 1619 νίκης
160 1562 200 1610 καί
221 1560 273 1617 τοὺς
290 1560 430 1616 Ἀθηναίους.
443 1559 481 1608 Gi.
495 1558 569 1609 ctiam
586 1560 655 1608 Plato
668 1561 765 1608 Meneli.
782 1571 806 1621 p.
823 1560 868 1608 212
882 1578 888 1606 :
905 1558 1111 1621 ίιμφισὸητηαίμου
1122 1562 1147 1609 cl
1156 1566 1196 1619 τῆς
1208 1560 1286 1623 μάχης
1296 1564 1429 1624 γενομένης,
1439 1564 1535 1624 διέκρινε
1546 1567 1573 1614 τὸ
1587 1566 1684 1627 ύσττρον

79 1632 156 1694 ίργον·
164 1633 187 1679 ot
197 1630 238 1693 utu
247 1630 292 1692 γὰρ
302 1630 392 1693 ᾤχοντο
401 1630 515 1687 ἀπιόντες,
529 1628 693 1683 καταλιπόντες
705 1629 739 1683 otc
753 1628 879 1690 ὶόοήθουν,
894 1631 917 1677 ot
934 1630 959 1677 δὲ
970 1628 1076 1693 ἡμέτεροι
1087 1630 1152 1692 τρίτη
1163 1630 1218 1693 (sic)
1228 1632 1303 1693 ἡμέρη
1311 1632 1334 1679 ἐν
1345 1634 1480 1693 Οἰνορύτοις
1489 1635 1625 1691 νικήσαντες
1633 1639 1683 1685 etc.

82 1702 93 1763 tl
109 1728 140 1737 -
156 1701 272 1762 Τολμίδου
292 1702 332 1748 καὶ
346 1702 406 1761 Μυρ.
421 1700 469 1762 tue
479 1698 590 1749 Tolmide
601 1696 627 1746 in
642 1696 729 1760 prelio
744 1695 776 1745 ad
786 1696 928 1760 OEnophyta
941 1698 1127 1747 Atheniensium
1137 1698 1201 1749 duce
1212 1700 1311 1751 aliunde
1319 1714 1368 1751 non
1380 1704 1485 1752 constat.

111 1771 202 1835 xlll.§
219 1769 341 1833 1311ιί911]
353 1768 446 1819 Eodem
464 1769 539 1833 igitur
557 1782 621 1817 aiano
632 1781 681 1831 quo
693 1767 725 1816 ud
744 1768 885 1832 OEnophyta
898 1772 1035 1832 pugnatum
1052 1772 1092 1819 est
1106 1770 1183 1832 (459),
1201 1783 1228 1819 rc
1247 1784 1307 1819 xers
1327 1775 1410 1820 autem
1433 1775 1527 1834 septem
1540 1773 1609 1822 annis
1629 1777 1685 1835 post

81 1846 157 1907 (449).
171 1843 208 1893 De
226 1840 383 1904 expeditione
396 1840 421 1889 in
435 1842 543 1903 cyprum
557 1852 616 1889 cum
636 1837 789 1888 Aristodemo
812 1838 870 1888 iacit
882 1837 1039 1901 Thucydides
1056 1844 1076 1897 l,
1093 1844 1148 1900 112ς
1166 1840 1237 1903 longe
1254 1840 1326 1890 aliter
1341 1839 1373 1890 de
1384 1854 1414 1891 ea
1423 1846 1550 1904 exponunt
1562 1842 1686 1894 Diodorus

84 1918 123 1974 12,
138 1915 189 1962 set
204 1910 351 1962 Plutarchus
363 1910 388 1961 111
400 1910 462 1960 cim.
478 1914 513 1961 18.
527 1910 538 1973 ΙΙ
557 1908 710 1972 -νοσήσας]
724 1908 824 1959 Diodcr.
839 1914 877 1971 12,
890 1913 914 1971 4,
929 1916 961 1959 c:
979 1910 1065 1966 συνέόη
1085 1910 1110 1957 δὲ
1128 1912 1169 1956 καὶ
1188 1911 1228 1957 τὸν
1244 1909 1341 1970 Κίμωνα
1355 1915 1406 1973 περὶ
1421 1911 1462 1967 τὴν
1480 1914 1574 1975 Κύπρον
1592 1912 1683 1976 διατρί-

82 1986 156 2033 doure
168 1982 232 2045 νόσῳ
243 1984 389 2041 τελευτῆσαι.
400 1979 524 2031 Plutarch.
538 1980 554 2030 Ι.
573 1980 590 2029 l.
611 1985 637 2029 t‘l
657 1998 663 2028 ε
677 1981 776 2029 ἀπέθανε
789 1980 813 2028 δὲ
824 1982 954 2043 πολιορκῶν
972 1982 1052 2029 Κίτιον
1066 1980 1177 2041 νοσήσας,
1193 1982 1249 2029 ἐνιοι
1265 1981 1290 2029 δέ
1306 1998 1375 2044 φασιν
1390 1982 1417 2029 ἐκ
1431 1981 1560 2044 τραύματος
1573 1981 1584 2044 ss
1595 2010 1626 2018 —
1643 1986 1685 2032 Κι-

82 2052 137 2116 τίῳ]
148 2053 234 2103 Κιτείω
249 2052 304 2102 cod.

115 2125 129 2187 §
143 2131 166 2175 2.
179 2126 219 2173 τόν
228 2123 335 2187 ἐπίκλην]
350 2125 377 2173 τὸ
394 2124 482 2172 inistis
496 2121 551 2172 eod.
566 2124 602 2171 De
612 2120 761 2181 cognominis
771 2121 863 2184 origine
877 2121 924 2171 rid.
937 2118 1171 2171 PlutarchAristid.
1184 2126 1207 2177 5,
1216 2120 1297 2170 schol.
1309 2121 1433 2184 Aristoph.
1447 2121 1559 2181 Nubes,
1573 2123 1686 2173 Themis·

84 2196 225 2260 tochepist.
245 2200 267 2254 u,
286 2199 309 2253 9,
321 2208 346 2257 p.
367 2197 421 2253 294,
441 2192 582 2256 Alciphron.
601 2190 672 2254 epist.
695 2193 717 2249 t,
738 2194 774 2251 19,
789 2189 934 2251 Hesychius,
957 2189 1061 2239 Photius
1085 2194 1111 2240 ct
1133 2190 1222 2240 Suidas
1235 2205 1260 2239 ν.
1282 2194 1473 2246 Λακκσπλοοτος.
1495 2192 1612 2254 calliam,
1625 2194 1686 2257 ilip-

82 2266 164 2329 ponici
183 2266 270 2325 hlium,
287 2266 318 2315 ab
334 2264 523 2314 Atheniensibus
538 2264 645 2326 legatum
663 2264 726 2310 Susa
744 2259 776 2309 ad
789 2262 949 2309 Artaxerxem
962 2258 1065 2307 missum
1073 2272 1127 2309 esse
1138 2259 1218 2309 obiter
1225 2263 1349 2309 memorat
1362 2259 1500 2311 llerodotus
1520 2266 1543 2323 7,
1562 2266 1614 2312 151.
1628 2266 1689 2313 Ηωο

83 2337 172 2400 legatio
182 2336 214 2386 ab
225 2350 254 2386 ea
272 2336 303 2386 de
315 2350 365 2398 qus
377 2338 462 2385 nostro
473 2335 527 2383 loce
543 2334 631 2396 agitm,
653 2345 701 2380 nnn
713 2330 811 2380 diversa
829 2330 905 2379 tuisse
919 2329 1029 2380 ridetur.
1044 2328 1200 2389 Thucydides
1212 2342 1293 2391 neque
1303 2329 1431 2393 legationis
1444 2344 1525 2392 neque
1534 2332 1602 2393 pacis
1614 2332 1688 2381 istius

83 2408 234 2471 famigeratae
257 2406 377 2457 meminit.
397 2406 570 2469 Theopompus
585 2403 647 2452 vidit
664 2402 765 2452 Athenis
780 2401 847 2465 pacis
865 2400 1016 2451 conditiones
1028 2400 1055 2448 tn
1076 2396 1157 2461 lapide
1179 2402 1306 2459 exaratas,
1318 2400 1424 2461 indeque
1438 2401 1556 2451 craterus
1565 2401 1643 2451 edidit
1661 2402 1687 2451 in

83 2482 211 2541 Συναγωγῇ
234 2478 389 2542 ψηφισμάτων
413 2476 552 2540 (Plutarch.
572 2475 635 2524 Cim.
663 2475 714 2525 131.
738 2476 813 2521 Porro
825 2474 935 2522 statuam
955 2471 1040 2520 callim
1059 2469 1162 2518 Athenis
1182 2469 1257 2520 inisse
1270 2472 1376 2519 testatur
1392 2470 1527 2520 Pausanias
1541 2477 1561 2532 1,
1579 2478 1603 2532 8,
1618 2480 1641 2522 2.
1655 2478 1687 2522 At

83 2550 150 2614 pacis
161 2549 260 2600 tabulas
274 2548 459 2599 Atheniensium
473 2546 577 2597 vanitati
587 2544 671 2595 deberi
683 2547 709 2593 et
722 2543 788 2592 mala
809 2542 893 2593 traude
905 2541 1055 2603 compositas
1067 2552 1122 2589 esse
1134 2539 1180 2603 (eo
1194 2539 1262 2589 haud
1274 2539 1348 2589 dubie
1368 2543 1478 2603 tempore
1486 2554 1537 2603 quo
1548 2542 1688 2592 Antalcidas

86 2618 288 2672 lacedemonius
307 2622 406 2668 Graecos
420 2618 540 2668 Asiaticos
561 2615 642 2665 Persis
651 2612 757 2677 prodidit
766 2612 787 2675 ),
799 2614 971 2677 Theopompus
982 2613 1030 2674 (sp.
1043 2612 1161 2672 Harpocr.
1173 2623 1198 2660 r.
1217 2610 1327 2666 Ἀττικοῖς
1347 2610 1486 2674 γράμμασι)
1496 2625 1567 2661 exeo
1582 2612 1688 2677 collegit,

84 2691 152 2755 quod
162 2690 229 2753 pacis
247 2688 399 2740 conditiones
413 2702 462 2738 non
475 2686 570 2747 Atticis,
584 2686 628 2735 sad
639 2683 816 2735 recentioribus
829 2683 908 2733 literis
923 2683 1014 2735 Ionicis
1028 2679 1127 2742 scripte
1138 2684 1216 2730 erant.
1234 2682 1285 2730 Nec
1307 2680 1378 2730 stiter
1393 2681 1508 2730 statuerit
1529 2682 1690 2735 callisthenes

85 2766 93 2823 (
101 2776 140 2825 cp.
152 2761 278 2810 Plutarch.
296 2760 359 2811 uim.
371 2760 389 2809 l.
402 2759 450 2821 1.),
463 2758 507 2821 qui
520 2758 548 2807 οὔ
562 2774 617 2818 ρησι
634 2760 708 2805 ταῦτα
728 2756 850 2804 συνθέσθαι
866 2756 906 2803 τόν
923 2755 1051 2817 βάρόαμτν,
1069 2751 1119 2799 ἀλλ’
1136 2752 1197 2815 ἔργῳ
1214 2759 1288 2801 ποιεῖν
1302 2752 1341 2801 διά
1352 2751 1425 2813 φόόον
1439 2753 1509 2810 ἥττης
1529 2754 1620 2811 ἐκείνης
1639 2754 1686 2818 (ad

83 2830 301 2895 (Eurymedontem
311 2844 346 2879 sc.
354 2829 371 2893 ).
393 2833 469 2880 secus
480 2842 538 2878 xero
551 2827 582 2877 de
600 2826 639 2875 his
651 2826 756 2876 sensisse
775 2824 873 2874 uidetur
888 2825 1010 2887 Ephorus,
1024 2821 1113 2886 quippe
1125 2836 1200 2885 quem
1211 2822 1334 2871 Diodorus
1348 2822 1418 2885 sequi
1438 2823 1508 2883 solet,
1526 2837 1555 2873 ac
1576 2824 1689 2875 similiter

85 2902 235 2965 posteriores
256 2900 386 2963 scriptores
399 2900 426 2949 hx
446 2898 512 2949 lema
528 2897 596 2960 uulgi
617 2895 802 2957 acquieverunt.
826 2898 909 2958 ipsam
930 2894 1031 2957 quidem
1051 2893 1135 2941 Calliae
1158 2892 1303 2955 legationem
1321 2905 1371 2942 non
1385 2896 1424 2943 est
1438 2906 1484 2942 cur
1496 2893 1684 2956 addubitemus,

85 2972 130 3022 sed
145 2985 195 3022 non
207 2970 371 3021 obtinuisses
385 2984 441 3033 rege
456 2970 552 3032 legatus
564 2966 665 3017 uidetur
678 2978 735 3027 ηοω
750 2965 911 3017 Athenienses
920 2966 1107 3029 postulaverant
1118 2979 1148 3015 ac
1161 2966 1239 3015 serior
1249 2971 1311 3015 etas
1323 2966 1436 3027 iactabat
1459 2967 1497 3026 (V
1528 2966 1630 3017 curtius
1645 2971 1688 3018 Gr.

84 3041 176 3092 Gescb.
198 3046 259 3091 torn.
283 3048 307 3102 2,
327 3055 351 3105 p.
376 3044 420 3091 159
441 3043 466 3089 et
486 3042 531 3089 749
552 3040 603 3088 not.
621 3037 673 3101 cc).
698 3034 871 3085 Subindicatur
891 3036 939 3085 hoc
956 3036 1033 3085 etism
1049 3035 1222 3085 Demosthenis
1231 3035 1286 3084 loon
1302 3034 1327 3083 in
1345 3050 1382 3085 or.
1396 3035 1428 3085 de
1444 3035 1507 3085 ialsa
1531 3037 1578 3100 leg.
1597 3037 1612 3100 §
1634 3041 1688 3098 273,

85 3127 109 3175 p.
125 3116 173 3163 428
184 3132 191 3163 :
204 3112 325 3172 Ἅπαντες,
336 3111 361 3161 εὗ
375 3110 429 3171 οἷδ’,
440 3110 477 3159 ὅτι
498 3109 537 3157 τόν
555 3108 625 3168 λόγον
644 3111 725 3155 τοῦτον
746 3106 876 3167 ἀκηκόατε,
896 3106 999 3155 Καλλίαν
1014 3110 1055 3155 τὸν
1069 3106 1205 3157 Ἰππονίκου
1218 3106 1305 3163 ταύτην
1317 3108 1358 3164 την
1369 3107 1415 3155 ὑπὸ
1427 3107 1522 3154 πάντων
1531 3109 1687 3170 θρυλουμένην

84 3186 178 3247 εἰρήνην
190 3183 375 3247 πρεσόεύσαντα,
390 3178 465 3231 innoc
479 3181 520 3242 μὶν
531 3180 616 3243 δρόμον
627 3179 713 3241 ἡμέρας
731 3181 788 3239 πεζῇ
804 3178 835 3239 μη
848 3177 996 3227 καταόαίνειν
1014 3179 1051 3227 ἐπί
1072 3181 1115 3237 τὴν
1134 3178 1247 3226 θάλατταν
1260 3177 1368 3239 βασιλέα,
1378 3177 1440 3232 ἐντὸς
1454 3174 1479 3225 δὲ
1490 3181 1536 3224 τῶν
1547 3179 1690 3227 Χελιδονίων

84 3258 126 3303 καὶ
149 3256 261 3304 Κυανέων
273 3254 348 3313 πλοίῳ
361 3256 443 3314 μακρῷ
461 3252 492 3310 μὴ
504 3252 578 3307 πλεῖν,
592 3250 703 3309 ὅτιδῶρα
718 3249 796 3297 λαθεῖν
812 3249 874 3305 ἔδοξε
886 3248 1040 3311 πρεσόεύσας,
1052 3254 1136 3313 μικροῦ
1147 3251 1194 3299 δεῖν
1208 3250 1353 3307 ἀπέκτειναν,
1370 3250 1394 3296 tr
1407 3248 1432 3296 δὲ
1448 3254 1499 3302 ταῖς
1515 3249 1618 3305 εὐθύναις
1633 3266 1689 3297 πεν-

86 3320 444 3381 κτήκοντῚπραίξαντοτόλαντα.
470 3346 501 3355 -
520 3320 595 3369 hlissa
614 3318 700 3367 Calliae
720 3318 852 3377 mentione,
876 3319 943 3382 pacis
965 3320 1116 3371 conditiones
1137 3322 1274 3370 memorant
1294 3322 1418 3381 Lycurgus
1435 3318 1459 3367 in
1482 3322 1593 3371 Leocrat.
1615 3320 1630 3381 §
1651 3326 1689 3379 79,

84 3398 206 3443 isocrates
222 3406 248 3441 ιιι
263 3398 410 3453 Panegyr.c
431 3394 483 3447 111,
505 3389 536 3439 de
558 3402 616 3451 pace
637 3387 705 3449 Ι119,
726 3387 751 3436 in
769 3390 904 3438 Panathen.
923 3390 990 3452 §cc,
1004 3390 1129 3441 Himerius
1145 3404 1181 3440 or.
1197 3397 1220 3451 2,
1243 3390 1258 3452 §
1276 3393 1314 3447 29,
1331 3388 1451 3439 Aristides
1465 3389 1490 3439 tn
1513 3389 1647 3439 l‘arrsthen.
1663 3404 1687 3452 p.

84 3468 137 3521 249,
152 3469 208 3521 ccc,
231 3465 285 3521 277,
307 3466 362 3522 925,
382 3464 429 3509 929
445 3459 485 3511 ed.
507 3458 619 3508 Diodori.
638 3460 698 3507 Post
718 3460 833 3520 proelium
858 3458 889 3509 ad
907 3461 1113 3523 Eurymedontem
1123 3475 1211 3526 pacem
1227 3460 1390 3523 compositam
1407 3459 1508 3511 tradunt
1531 3460 1689 3520 Plutarchus,

85 3535 212 3595 Lycurgus
225 3536 250 3581 et
262 3530 398 3587 llimerius,
413 3531 470 3591 post
486 3526 595 3579 cunonis
609 3526 788 3591 expeditionem
803 3530 827 3577 in
846 3531 963 3593 cyprum,
977 3529 1100 3580 Diodorus
1114 3534 1140 3581 et
1160 3529 1339 3590 Aristodemus,
1354 3528 1446 3589 majore
1461 3544 1518 3579 cum
1533 3530 1586 3580 veri
1599 3530 1688 3591 specie.

21 3625 26 3635 ·
84 3605 201 3651 Ceterum
216 3600 340 3651 Diodorus
351 3604 387 3658 12,
402 3603 428 3661 4,
442 3606 456 3649 5
477 3600 559 3647 narrat
577 3597 682 3661 primum
703 3598 862 3661 Megabyzum
878 3602 904 3649 et
918 3598 1072 3650 Artabazum
1090 3601 1121 3650 de
1146 3614 1205 3663 pace
1219 3599 1329 3649 iacienda
1348 3599 1443 3661 legatos
1456 3599 1567 3649 Athenas
1579 3599 1690 3659 misisse,

86 3675 177 3725 deinde
190 3674 223 3724 ab
233 3673 293 3739 ipsis
302 3674 377 3724 etiam
390 3670 581 3723 Atheniensibus
592 3668 621 3719 ad
638 3671 722 3718 Persas
734 3668 824 3719 missos
833 3683 887 3719 esse
898 3672 1008 3734 πρέσσεις
1028 3672 1206 3735 αὐτοκράτορας,
1219 3684 1326 3733 quorum
1336 3670 1450 3733 princeps
1459 3670 1549 3719 callias
1561 3670 1692 3733 llipponici

87 3746 157 3795 tilius.
174 3744 345 3795 Aristodemus
357 3747 411 3793 tum
423 3742 449 3791 in
467 3745 549 3793 cetera
562 3741 727 3790 narrationes
743 3739 850 3788 Diodoro
877 3740 980 3801 recedit,
1001 3746 1057 3792 tum
1075 3756 1135 3793 uero
1151 3743 1262 3803 calliam,
1281 3740 1408 3804 legationis
1420 3739 1510 3790 ducem
1521 3741 1691 3803 αὐτοκράτορα,

88 3814 194 3865 mutauit
210 3813 234 3862 111
251 3814 391 3875 στρατηγόν.
408 3812 475 3861 ldcm
488 3810 542 3861 herl
555 3810 667 3860 uidemus
680 3806 869 3872 apudSuiuanx,
888 3812 930 3861 ubi
950 3813 1023 3862 ilaec:
1038 3815 1183 3873 Καλλίας,
1203 3816 1216 3861 ό
1235 3814 1419 3866 Λακκόπλουτος
1439 3812 1578 3873 ἐπικληθεὶς,
1591 3827 1692 3874 στρατη·

87 3889 134 3945 γῶν
148 3886 205 3945 πρὸς
221 3883 368 3945 Ἀρταξέρξην
385 3882 441 3939 τούς
451 3882 489 3929 ἐπὶ
504 3881 613 3943 Κίμωνος
623 3886 670 3929 τῶν
684 3880 791 3927 σπονδῶν
807 3881 947 3931 ἑόεόαὶωσεν
969 3884 1044 3944 ὄρους’
1065 3884 1117 3932 ιιαθΙ
1140 3885 1165 3933 όν
1189 3882 1328 3939 successe
1346 3882 1541 3942 Λακεδαιμόνιοι,
1557 3882 1691 3931 Πλειστοά·

87 3969 171 4011 νακτος
186 3960 227 4003 τοῦ
243 3952 381 4004 Παυσανίου
402 3952 576 4014 βασιλεύοντος,
600 3950 736 4008 lindissem
748 3953 789 4008 την
806 3952 931 4001 Ἐλευσῖνα
941 3956 1023 4003 καὶτὸ
1038 3956 1149 4015 ceremon
1160 3956 1249 4005 πεδίον.
1264 3956 1298 4003 ἔτι
1318 3959 1361 4015 τῆς
1377 3952 1583 4010 πεντηκονταετίας
1603 3953 1691 4012 οὔσης,

89 4025 138 4081 ἣτις
147 4026 232 4088 ἤρχετο
244 4024 304 4086 μετὰ
321 4022 362 4080 την
374 4022 399 4070 ἐν
414 4024 544 4077 Πλαταιαῖς
557 4022 648 4084 μάχην,
665 4020 733 4080 ἔληγε
744 4022 769 4069 δὲ
785 4024 817 4078 τίς
831 4022 918 4072 ἅλωσιν
934 4025 1013 4087 Σάμου
1028 4029 1068 4073 καὶ
1085 4025 1158 4089 ἀρχὴν
1171 4030 1218 4073 τῶν
1241 4023 1412 4083 Κερκυραϊκῶν.
1425 4024 1454 4072 ln
1467 4020 1507 4071 llis
1518 4034 1606 4071 vocem
1617 4038 1691 4083 στρα·

90 4101 175 4156 πηγῶν,
193 4095 220 4145 in
233 4092 394 4158 qusotiendit
409 4095 532 4143 Kiistems
556 4096 582 4141 et
595 4104 670 4154 quam
693 4091 866 4157 Bemhardyus
882 4096 1027 4143 vertendam
1046 4096 1144 4159 putarit
1158 4094 1255 4145 callide
1272 4097 1377 4157 pocius,
1397 4092 1536 4142 confirmari
1556 4091 1626 4141 rides
1639 4092 1693 4141 loco

90 4163 247 4213 Aristodemi.
274 4162 416 4215 Secundum
438 4161 539 4211 suidam
556 4162 646 4213 Callias
665 4162 803 4213 ὲὸεὸαίωσιν
817 4164 869 4213 σ1νσ
889 4163 1046 4214 confirmarit
1066 4168 1168 4227 rataque
1188 4164 1275 4214 habuit
1285 4176 1341 4227 quse
1354 4164 1443 4225 pactus
1461 4162 1513 4223 jam
1524 4164 1578 4213 erat
1592 4162 1691 4222 Cimon,

91 4234 192 4290 άῖταςιν
203 4234 293 4297 Κίμων,
303 4237 331 4283 ut
342 4234 396 4283 loco
406 4245 480 4296 supra
492 4232 592 4284 laudato
601 4234 632 4295 (c.
645 4236 681 4294 ll,
699 4234 714 4297 §
730 4232 752 4295 t)
765 4234 853 4285 suidas
863 4234 935 4284 dixit.
956 4237 1015 4285 llnc
1030 4235 1062 4285 ab
1085 4236 1231 4286 Aristodeml
1246 4234 1385 4285 narratione
1405 4234 1483 4284 aliem
1499 4236 1566 4283 suut.
1582 4236 1643 4290 Qun
1652 4247 1691 4283 se·

92 4307 201 4365 quuntur
207 4304 259 4353 καθ’
272 4306 297 4352 ὃν
306 4303 527 4366 circumstetere,
539 4302 632 4366 adiecta
641 4316 696 4353 esse
709 4304 824 4355 ridentur
838 4303 870 4354 sd
885 4304 1051 4359 deliniendum
1060 4310 1159 4368 tempus
1177 4306 1311 4368 legationis,
1325 4305 1387 4355 adeo
1399 4306 1428 4354 ut
1438 4317 1469 4354 er
1482 4317 1541 4354 vera
1553 4307 1693 4366 temporum

90 4372 183 4423 ratione
191 4372 319 4423 reserenda
332 4372 364 4423 eit
374 4371 406 4421 ad
415 4383 454 4421 an.
468 4377 514 4423 ilc
527 4376 561 4434 (r.
574 4372 685 4435 Thucyd.
704 4381 723 4432 1,
747 4380 798 4432 114,
813 4376 845 4435 3),
859 4387 887 4423 ex
903 4374 963 4424 laiss
978 4377 1061 4427 autem
1072 4374 1227 4438 chronologia
1244 4375 1276 4424 ad
1289 4389 1328 4424 an.
1343 4378 1398 4425 453.
1410 4376 1465 4423 lloc
1474 4386 1572 4435 quoque
1582 4373 1613 4421 ab
1623 4372 1691 4421 Aris-

91 4441 190 4492 todemo
203 4444 310 4493 alienum
328 4454 381 4492 esse
395 4442 451 4493 inde
466 4443 565 4506 colligas
575 4443 641 4505 quod
654 4442 679 4491 in
694 4445 853 4507 sequentibus
865 4458 906 4495 res
923 4445 956 4495 ad
968 4458 1007 4496 an.
1020 4449 1066 4496 455
1087 4446 1211 4509 pertinens
1225 4450 1347 4496 narratur.
1361 4447 1449 4495 Noster
1461 4444 1545 4506 itaque
1563 4446 1634 4506 pacta
1652 4443 1693 4491 illa

90 4512 123 4562 ad
135 4514 242 4565 cundem
260 4527 350 4565 aunum
365 4526 415 4575 quo
426 4514 519 4566 cladem
535 4518 615 4563 Perse
622 4515 689 4577 passi
700 4521 765 4576 sunt,
776 4516 793 4565 1.
802 4530 835 4576 e,
851 4530 881 4566 er
897 4520 979 4568 menta
993 4517 1148 4571 Aristodemi.
1166 4517 1198 4567 ad
1212 4530 1252 4567 au.
1270 4508 1449 4575 decreuerit,
1465 4527 1515 4578 quo
1526 4513 1627 4564 Galliam
1650 4526 1691 4561 ar-

90 4580 204 4634 chontem
223 4583 299 4633 tuisse
312 4585 415 4633 constat.
434 4585 555 4647 Deinceps
565 4584 652 4633 suidas
661 4598 706 4647 pro
720 4600 783 4650 uaga
795 4587 837 4637 illa
850 4587 970 4648 temporis
982 4586 1108 4637 nomtione
1130 4602 1188 4650 quae
1206 4588 1271 4639 inest
1288 4588 1370 4637 rerhiu
1381 4588 1415 4635 lc
1427 4592 1468 4644 τῆς
1488 4583 1692 4638 πεντακοντσετίας

91 4654 177 4715 οὔσης,
200 4654 281 4717 aptius
297 4659 458 4705 memorasset
470 4657 511 4712 τὰς
523 4656 625 4711 σπονδὰς
645 4660 685 4712 τὰς
705 4663 844 4715 πενταετεῖς,
859 4672 915 4721 quae
928 4660 1084 4722 pertinebant
1095 4658 1127 4706 ad
1144 4670 1222 4707 cunco
1232 4661 1345 4708 tbi-titi.
1362 4657 1478 4706 Ceterum
1491 4653 1603 4704 annonas
1618 4651 1693 4701 velim

89 4724 191 4775 suidam
202 4726 229 4776 in
241 4739 271 4775 εο
285 4739 373 4778 rursus
383 4740 442 4777 cum
454 4724 609 4776 Aristodemo
620 4728 767 4789 consentire,
779 4729 848 4791 quod
857 4730 921 4779 sami
932 4728 1145 4793 expugnationem,
1157 4741 1214 4791 qun
1225 4728 1251 4777 in
1263 4741 1303 4778 an.
1318 4730 1366 4777 ltu
1375 4725 1470 4786 incidit,
1482 4737 1539 4773 eum
1549 4722 1623 4771 rebus
1635 4721 1694 4771 anni

90 4798 137 4845 432
151 4796 284 4860 componit.
297 4795 308 4858 ΙΙ
325 4822 358 4833 -
369 4798 505 4861 ἐσπείσατο]
519 4799 640 4853 ἐστήσατο
655 4798 740 4849 codex.
760 4800 771 4861 ΙΙ
784 4826 815 4837 -
830 4799 935 4863 Νέσσου]
946 4803 1074 4863 Tanquam
1082 4796 1202 4848 terminos
1215 4810 1280 4860 qnos
1287 4795 1423 4859 transgredi
1434 4792 1515 4843 Persia
1528 4804 1577 4841 non
1592 4790 1690 4850 liceret,

92 4870 211 4928 Cyaneos
224 4870 249 4918 et
265 4866 431 4919 cltelidonius
447 4870 541 4931 ponunt
549 4868 734 4930 Demosthenes,
749 4869 903 4931 Plutarchus,
914 4871 1037 4921 llimerius
1050 4871 1077 4918 et
1090 4866 1222 4926 Aristidem
1232 4869 1349 4930 cycneas
1358 4868 1385 4916 et
1395 4862 1562 4915 Phaselidem
1570 4858 1693 4911 Diodorum

91 4937 116 4984 et
125 4938 251 5001 Lycurgus
261 4936 317 4998 (nisi
331 4937 398 5000 quod
409 4938 475 5001 apud
482 4940 616 4999 utrumque
630 4938 713 5001 script.
722 4939 817 4989 codices
828 4954 873 5004 pro
884 4942 1020 4999 Φασήλιδος
1035 4938 1126 4990 habent
1140 4941 1268 4997 Φάσιδοτ);
1282 4935 1447 4989 Phaselidem
1458 4935 1484 4983 et
1493 4930 1586 4995 Ησὶρη
1598 4932 1693 4981 isocra-

90 5006 128 5054 tes
140 5006 172 5056 de
190 5020 250 5071 pace
265 5007 280 5071 §
300 5012 331 5059 99
343 5010 369 5058 et
381 5007 406 5057 in
417 5006 550 5058 Panathen.
567 5008 582 5072 §
601 5012 639 5059 59.
661 5008 733 5070 Apud
749 5010 930 5061 Aristodemum
945 5016 1056 5074 cyanem
1069 5013 1096 5061 et
1107 5011 1214 5066 Nessus,
1231 5008 1262 5058 ab
1276 5008 1354 5057 attera
1366 5018 1425 5056 vero
1447 5004 1516 5066 parte
1536 4999 1654 5052 Phaselis
1667 5003 1694 5052 et

91 5072 250 5129 Chelidonis
262 5080 437 5129 memorantur.
448 5079 534 5141 inepta
545 5077 600 5127 haec
611 5077 772 5128 terrninorum
787 5081 919 5130 cumulatio
932 5081 1061 5132 ediversis
1074 5080 1182 5131 tonubns
1200 5080 1315 5140 congesta
1328 5088 1384 5126 esse
1395 5074 1501 5124 ridetur.
1522 5073 1614 5129 hisco<
1624 5070 1691 5136 apud
