3809 5859
185 373 245 434 ltu
893 383 1072 447 ANONYMI

223 522 247 565 ο.
270 503 348 565 Πάνυ
370 503 398 564 δέ
417 503 575 587 κουφότατα
592 505 662 588 ύδιυρ
679 507 747 590 ἔχων
764 514 777 571 l
793 515 881 580 Φᾶσις
897 516 955 574 tm.
1042 522 1067 568 ο.
1082 517 1345 582 Pbaslsaquamiouge
1356 517 1729 570 levissimamhabenainuatat
1740 517 1803 570 tueri
1883 498 1889 511 ¹

183 592 244 650 κλεῑ
258 596 291 672 τῇ
306 590 441 670 θαλάσσῃ,
457 594 504 654 καί
525 596 555 654 ού
573 597 765 676 συμμίγνυται·
780 603 825 660 καὶ
840 601 896 661 ἔστι
910 603 958 679 μὸν
1013 617 1093 668 noque
1113 617 1171 656 tum
1191 618 1222 654 0⁰
1244 604 1473 665 wmfflffwttuftffl
1495 604 1631 669 fflwffflss
1653 602 1803 669 P‘fdPioeffi

183 678 252 739 κατά
266 685 313 739 τοῦ
330 681 493 762 ἐπιρρέοντος
506 685 666 760 γλυκύτατον
681 688 875 764 ἀνιμήσασθαι,
892 693 913 750 εΙ
932 691 959 750 δέ
1012 687 1102 755 1¹thlam
1115 691 1214 743 mutim
1223 692 1295 752 Ῑῑθθίν
1306 691 1344 741 θθὶ
1353 705 1442 742 ”mm
1450 691 1476 741 5¹¹
1487 692 1646 756 Pmlfflduffl
1655 691 1803 750 ΛΕΜ.

182 769 218 832 είς
234 769 312 847 βάθος
324 791 363 836 τις
385 774 488 841 καθῆκε
502 772 550 844 τὴν
565 774 677 846 κάλπιν,
692 775 820 855 άλμυρόυ.
865 779 959 839 Καίτοι
1012 780 1101 830 selsam
1114 779 1198 830 habes.
1208 782 1326 830 &terum
1339 779 1470 830 universus
1481 782 1579 830 Pontus
1589 780 1665 844 longe
1678 778 1805 830 dulcioris

182 858 196 912 θ
211 865 262 923 ttat
279 856 378 924 Πόντος
393 857 460 918 πολύ
476 883 503 918 τι
521 863 679 942 γλυκυτέρου
703 869 747 923 τοῦ
773 865 866 933 ύδατύς
888 869 958 926 ἐστιν
1012 870 1137 930 1111111111
1149 881 1224 931 11111111
1237 882 1306 918 mm
1320 870 1451 928 1111111111,
1463 870 1565 932 1111111111
1575 868 1737 917 {mmm
1752 865 1803 916 ⁵⁶5·

181 944 280 1025 ἦπερή
296 944 345 1013 ἔξω
359 946 553 1007 θάλασσα·καλ
565 950 657 1009 τούτου
668 950 699 1011 τὸ
710 951 793 1010 αἴτιον
807 956 830 1013 ol
844 957 959 1032 ποταμοί
1012 954 1070 1005 litt-'t
1089 955 1222 1005 stillim
1240 954 1423 1006 multitudinem
1442 954 1705 1019 fflissfliffldfffflffllue·
1723 959 1805 1017 ΑΨ·

182 1034 263 1105 είσιν,
286 1033 346 1094 οὔτε
369 1037 470 1108 πλῆθος
490 1033 550 1096 οὔτε
573 1038 680 1116 μέγεθος
705 1041 850 1118 σταθμητοί
875 1043 955 1110 ὄντες.

181 1119 333 1199 Τεκμήριον
346 1119 374 1180 δέ
396 1125 443 1194 τῆς
459 1123 638 1201 γλυκύτητος,
652 1128 676 1186 εί
696 1129 844 1210 τεκμηρίων
861 1131 899 1190 δεῖ
913 1131 957 1190 ἐπὶ

181 1218 234 1275 τοῖς
252 1208 373 1282 αἰσθήσει
388 1211 570 1290 φαινομένοις,
589 1214 630 1273 δτι
643 1215 730 1274 πάντα
752 1216 784 1274 τὸ
800 1218 957 1297 βοσκήματα

180 1299 204 1358 οἱ
224 1303 424 1376 προσοικοῦντες
438 1299 481 1358 ἐπὶ
497 1297 544 1371 τὴν
559 1301 695 1361 θάλασσαν
712 1306 856 1381 κατάγουσι
870 1307 915 1365 καί
930 1310 957 1366 έν

179 1385 263 1465 ταύτῃ
278 1389 425 1455 ποτίζουσι·
441 1387 474 1446 τὸ
491 1387 518 1448 δέ
539 1387 623 1461 ἡδέως
642 1389 748 1451 πίνοντα
763 1394 895 1473 [ὸρᾶται],
911 1395 957 1455 καὶ

76 1545 80 1552 ¹
179 1473 255 1551 λόγος
267 1475 374 1554 κατέχει
384 1475 425 1534 ὅτε
434 1475 479 1534 καί
489 1475 621 1559 ύιρέλιμον
632 1480 719 1547 αὐτοῖς
731 1482 817 1557 [τοῦτο
825 1482 856 1542 τὸ
865 1481 956 1560 ποτόν]

181 1563 237 1619 ἐστι
251 1567 298 1621 τοῦ
307 1563 419 1640 γλυκέος
434 1566 545 1640 μᾶλλον.
586 1563 621 1626 Ἦ
639 1565 665 1625 δέ
680 1568 757 1647 χροιδι
780 1576 824 1628 τοῦ
838 1569 957 1640 Φάσιδος

182 1650 380 1728 ίξηλλαγμένη,
401 1650 443 1710 ola
469 1650 523 1711 άπὸ
547 1653 672 1727 μολίύδυυ
695 1656 712 1727 ἢ
737 1658 892 1738 κασσιτέρου
913 1662 958 1738 βε·

182 1738 319 1815 θαμμένου
334 1745 378 1798 τοῦ
394 1739 502 1807 ύδατος·
516 1740 652 1800 καταστὸν
667 1745 695 1801 δὲ
710 1745 898 1822 καθαρώτατον
914 1746 957 1823 γί-

180 1846 263 1888 νεται.
307 1830 347 1886 Οὐ
361 1827 446 1886 τοίνυν
460 1827 608 1904 νενόμισται
623 1831 774 1908 εἰσκομίσας
786 1833 855 1912 ὕδωρ
868 1837 903 1903 είς
912 1836 956 1894 τὸν

180 1913 338 1981 Φᾶσιντοὸς
348 1914 528 1983 είσπλέοντας·
540 1917 600 1976 ἀλλ’
611 1918 717 1978 ἐπειδάν
727 1919 780 1993 ἤδη
792 1922 957 1982 εἱσύαίνωτιν

180 2005 217 2068 είς
238 2003 283 2062 τὸν
308 2005 387 2082 ῥοῦν,
402 2005 616 2082 παραγγέλλεται
642 2005 713 2067 άπαν
738 2009 830 2088 ἐκχέαι
852 2010 883 2069 τὸ
900 2011 957 2070 ἐνὸν

182 2091 251 2170 ύδοιρ
266 2094 293 2150 έν
304 2099 362 2159 ταῖς
375 2097 478 2151 ναυσίν·
495 2095 517 2151 εί
533 2091 560 2152 δί
575 2094 630 2170 pl„
644 2095 719 2173 λόγος
732 2098 840 2178 κατέχει
856 2099 896 2158 δτι
910 2101 957 2158 ούκ

180 2180 331 2240 εύττλοοῦσι.
374 2177 417 2239 Τὸ
433 2178 459 2238 δὲ
475 2181 545 2260 ὕδωρ
562 2188 607 2242 τοῦ
630 2183 749 2252 Φάσιδος
771 2187 800 2245 ού
824 2185 955 2260 σήπεται,

181 2267 249 2326 itit
268 2267 341 2346 μένει
356 2265 495 2348 άκραιρνὸς
517 2268 562 2328 καὶ
578 2269 643 2352 ὑπὲρ
661 2271 769 2332 δέκατον
792 2273 863 2347 ἔτος,
885 2275 955 2350 πλήν

181 2378 211 2434 γε
226 2355 259 2427 δὴ
274 2351 339 2440 [ὅτι]
354 2357 390 2422 είς
403 2358 434 2414 τὸ
444 2356 603 2436 γλυκύτερον
618 2360 790 2435 μεταύάλλει.

220 2463 244 2508 t.
269 2443 333 2505 Ἀπὸ
357 2444 384 2503 ὸί
408 2449 453 2503 τοῦ
478 2445 598 2513 Φάσιδος
617 2455 739 2525 ποταμοῦ
763 2452 799 2518 είς
822 2450 956 2530 Χαρίεντα

179 2531 299 2610 ποταμδν
323 2531 483 2613 ναυσίπορον
506 2532 600 2591 στάδια
627 2535 664 2612 δ’,
680 2539 754 2613 μιλια
770 2538 817 2602 ι6’.
851 2538 915 2599 Ἀπὸ
929 2541 957 2597 δὲ

180 2620 324 2700 Χαρίεντος
344 2626 466 2698 ποταμοῦ
490 2624 525 2690 τίς
551 2622 637 2682 Χόῦον
658 2627 776 2702 ποταμὸν
800 2629 956 2706 ναυσίπορον

180 2709 274 2768 στάδια
288 2709 323 2784 ζ’,
340 2710 416 2786 μίλια
431 2707 474 2767 26'.
496 2709 558 2770 Ἀπὸ
575 2713 602 2769 dl
619 2712 708 2771 Χάθου
723 2722 843 2792 ποταμοῦ
859 2716 894 2780 εἰς
908 2717 957 2775 Σι·

179 2794 267 2872 γάμην
281 2795 337 2874 (τὸν
357 2795 403 2854 καλ
424 2797 532 2874 Ζίγανιν
552 2800 702 2880 λεγόμενον)
724 2805 843 2878 ποταμὸν
863 2805 957 2862 στάδια

179 2885 225 2955 σι’,
249 2883 324 2958 μίλια
350 2907 403 2955 κη.
446 2885 511 2944 Ἀπὸ
535 2887 562 2945 ὸὲ
586 2887 718 2965 Ζιγάνεως
741 2892 777 2958 είς
800 2893 958 2971 Ταρσούρου

178 2971 298 3048 ποταμὸν
324 2974 376 3049 (τὸν
403 2972 473 3052 [νῦν]
501 2975 640 3054 λεγόμίνον
663 2976 755 3056 Μοχὴ)
783 2979 877 3038 στάδια
905 2980 956 3060 ρκ’,

179 3061 255 3136 μίλια
278 3061 326 3130 ις’.
369 3061 433 3121 Ἀπὸ
453 3063 480 3121 δέ
501 3066 526 3123 T
529 3063 646 3144 αρσούρα
667 3071 786 3144 ποταμοῦ
804 3068 839 3132 είς
859 3063 956 3126 Ἰππον

179 3150 301 3226 ποταμὸν
316 3148 370 3229 (τὸν
385 3155 430 3208 νῦν
443 3151 583 3228 λεγόμενον
599 3155 789 3235 Δαγουμψᾶν),
803 3154 895 3214 στάδια
910 3154 958 3234 ρν’,

1012 1046 1123 1093 mentum
1136 1041 1274 1093 duloedinis
1286 1043 1317 1107 (si
1333 1042 1409 1093 modo
1425 1043 1576 1106 argumentis
1589 1055 1658 1107 opus
1672 1045 1719 1092 est
1732 1041 1763 1090 in
1776 1042 1806 1090 ri<

1011 1144 1069 1194 qun
1082 1143 1157 1181 seusu
1171 1129 1358 1194 percipiuntur),
1370 1129 1437 1194 quod
1453 1130 1542 1181 aooolra
1554 1144 1648 1195 penora
1662 1129 1758 1181 omnia
1774 1129 1807 1179 ad

1011 1231 1078 1268 ruere
1090 1216 1185 1268 ducunt
1197 1220 1224 1268 et
1235 1231 1267 1269 ex
1280 1231 1311 1268 eo
1324 1220 1454 1283 aquantur,
1467 1218 1508 1268 illa
1519 1231 1579 1268 vern
1588 1218 1707 1268 libenter
1716 1217 1807 1268 bibere

1011 1309 1154 1369 cernuntur,
1166 1309 1193 1356 et
1211 1308 1276 1358 lama
1297 1307 1393 1358 obtinet
1410 1307 1478 1357 dulrl
1499 1307 1663 1358 salubriorem
1678 1308 1725 1358 eis
1739 1307 1809 1358 harre

1012 1399 1097 1460 potum
1114 1408 1177 1446 esse.
1194 1397 1269 1446 Color
1286 1395 1387 1446 Phasidl
1404 1395 1534 1459 unguina
1546 1399 1597 1457 est,
1610 1395 1712 1445 similis
1731 1407 1808 1459 εσσε

1012 1482 1113 1547 plumbo
1132 1483 1171 1534 rel
1190 1485 1276 1534 stanno
1293 1483 1404 1542 intenta,
1423 1496 1479 1546 quae
1496 1485 1579 1534 tamen
1598 1483 1646 1533 ubi
1661 1481 1809 1539 subsedit.

1012 1571 1143 1635 purissima
1153 1570 1245 1622 eradit.
1258 1574 1339 1629 Quam
1350 1570 1382 1623 ob
1392 1584 1446 1621 rem
1457 1584 1513 1621 mos
1527 1571 1650 1630 obtinuit.
1664 1574 1701 1621 ut
1715 1571 1808 1635 ingre·

1012 1657 1109 1710 dientes
1126 1659 1217 1710 Phasin
1237 1658 1297 1708 nihll
1315 1671 1388 1722 aqum
1406 1659 1536 1718 invehant,
1553 1659 1595 1710 aed
1615 1659 1733 1709 simulac
1750 1657 1808 1708 flu·

1012 1758 1069 1796 men
1080 1745 1183 1810 ingressi
1199 1746 1303 1808 luerint,
1316 1745 1460 1810 precipitur
1480 1749 1510 1797 ut
1529 1745 1652 1810 quidquid
1670 1746 1703 1796 in
1726 1746 1806 1796 mri-

1011 1833 1059 1886 bus
1071 1835 1104 1886 sit
1118 1847 1204 1898 aqum,
1214 1833 1370 1894 ellundatum
1383 1835 1422 1884 sin
1430 1833 1525 1895 ιοίουε,
1536 1834 1600 1884 lama
1608 1833 1724 1884 invaluit
1734 1833 1807 1884 lund
1896 1871 1898 1876 .

1010 1923 1106 1974 lelieem
1120 1923 1173 1973 tore
1183 1921 1372 1986 navigationem.
1385 1925 1457 1983 huna
1466 1921 1578 1972 Phasidis
1586 1935 1602 1972 a
1611 1919 1757 1984 putredine
1765 1927 1807 1972 est

1011 2008 1142 2070 immunis,
1154 2021 1185 2057 ao
1195 2009 1252 2072 plus
1263 2020 1339 2071 ουσαν
1347 2008 1434 2059 deoem
1452 2009 1523 2058 aunis
1535 2009 1681 2073 inonrrupia
1692 2014 1804 2068 manet,

1010 2097 1059 2146 nisi
1070 2096 1138 2160 quod
1152 2096 1178 2146 in
1191 2093 1326 2147 dulciorem
1337 2097 1392 2148 abit
1406 2097 1458 2161 (Εκ
1476 2099 1604 2159 ¹trilono.
1616 2098 1634 2163 ς
1648 2103 1677 2148 lo
1692 2113 1727 2163 p.
1741 2103 1801 2158 375,

1013 2186 1101 2249 noo).

1040 2473 1065 2515 ο.
1078 2463 1214 2514 hPhashle
1224 2463 1301 2513 liuvin
1309 2461 1505 2514 adCharientem
1515 2462 1609 2512 tlurimn
1617 2459 1796 2526 mrigabilem

1011 2551 1090 2602 stadia
1103 2557 1142 2614 90,
1155 2552 1231 2602 millia
1247 2559 1284 2603 tt.
1296 2556 1317 2603 h
1329 2552 1460 2602 Chariente
1478 2552 1556 2601 flurin
1564 2551 1593 2600 ad
1602 2550 1714 2600 chobun
1729 2551 1791 2598 ssu-

1011 2642 1080 2690 rium
1095 2639 1258 2705 navigabilem
1277 2640 1358 2690 stadia
1377 2646 1423 2701 110,
1432 2639 1510 2690 millia
1526 2645 1562 2689 lt.
1577 2638 1690 2688 hebolo
1703 2635 1736 2687 u.
1752 2637 1793 2686 ad

1012 2731 1126 2794 Sigames
1138 2729 1241 2779 durium
1255 2726 1465 2792 [momobitemh
1478 2726 1523 2790 qui
1540 2727 1614 2777 etiarn
1628 2724 1725 2788 riguum
1740 2737 1795 2774 ro-

1012 2823 1083 2868 mtur
1095 2817 1175 2868 stadia
1195 2821 1250 2878 210,
1267 2815 1344 2866 millia
1363 2820 1401 2867 28.
1418 2820 1438 2866 a
1454 2815 1539 2879 Zigani
1553 2815 1585 2863 ad
1602 2815 1739 2864 Tarsum
1757 2813 1797 2871 u,

1012 2901 1055 2964 qui
1068 2914 1134 2952 nuno
1147 2897 1500 2962 hloehedicitur,stadia120.
1512 2898 1798 2949 maturassemus:

1012 2987 1089 3039 fluuio
1100 2987 1134 3038 ad
1149 2987 1268 3052 iiippnm·
1277 2987 1315 3048 1.,
1328 3000 1403 3049 quem
1422 3000 1487 3036 nunc
1505 2989 1669 3050 tagumpaam
1683 2987 1796 3043 rorant,

1011 3075 1092 3126 stadia
1112 3080 1165 3136 1111,
1180 3075 1256 3125 millia
1273 3081 1312 3125 20.
1325 3076 1362 3126 Ab
1377 3075 1457 3140 Hippo
1470 3074 1547 3124 llurio
1563 3073 1596 3123 ad
1612 3073 1795 3136 Astelepbnm

1013 3163 1057 3225 qui
1074 3177 1140 3212 nune
1159 3163 1266 3227 Euripus
1285 3167 1388 3214 vocatur
1399 3168 1424 3213 et
1442 3161 1544 3226 mrigiis
1560 3161 1658 3211 aditum
1679 3159 1796 3224 praebet,

180 3239 255 3314 μίλια
267 3237 302 3300 κ’.
323 3239 388 3300 Ἀπὸ
401 3239 428 3298 δὲ
440 3247 487 3300 τοῦ
501 3241 603 3302 Ἵππου
619 3252 739 3320 ποταμοῦ
754 3249 791 3312 εἰς
806 3245 959 3325 Ἀστέλεφον
1014 3249 1094 3300 studia
1112 3255 1158 3311 110,
1170 3251 1246 3301 millia
1264 3256 1289 3302 1.
1306 3252 1343 3302 ah
1361 3251 1493 3314 hatelepbo
1513 3252 1539 3299 11.
1552 3248 1585 3299 ad
1603 3246 1798 3298 Dinaesuiadern

180 3328 311 3404 ποταμὸν,
334 3327 417 3407 ([τὸν]
436 3333 482 3387 νῦν
509 3330 653 3408 λέγομενον
683 3332 814 3412 Εὔριπον·
840 3333 959 3397 εἴσπλους
1013 3339 1276 3401 urbem‚hlileaiorum
1287 3336 1796 3400 coloniummunesebastnpolimdietam,
1895 3340 1896 3369 ³

184 3509 257 3560 habet
269 3511 301 3567 εἰς
314 3511 381 3559 πόλιν
393 3511 468 3574 μάλην
480 3513 597 3574 μεγάλην,
611 3517 656 3563 aut
666 3519 749 3564 ortum
763 3517 803 3565 ost
821 3529 853 3566 ex
869 3513 1036 3580 dittographia
1049 3515 1116 3566 roris
1134 3517 1252 3579 μεγάλην,
1264 3519 1308 3566 aut
1325 3528 1356 3566 eu
1369 3515 1478 3579 margine
1492 3515 1518 3564 in
1535 3514 1642 3564 ordinem
1656 3511 1795 3562 rerbornm
1895 3498 1896 3501 ¹

180 3593 307 3644 perperam
327 3579 503 3632 introductum.
519 3581 581 3632 Fieri
601 3584 665 3634 eninr
686 3587 767 3648 potest
793 3589 821 3636 ut
843 3585 875 3636 ad
894 3588 965 3645 Αἶαν,
978 3586 1061 3636 dubim
1081 3587 1207 3636 memorie
1232 3585 1332 3645 urbem,
1345 3586 1371 3635 iu
1389 3586 1499 3649 margine
1512 3583 1612 3648 quidam
1625 3581 1793 3646 adscripserit

180 3653 291 3702 hthollii
305 3651 407 3714 (Μαδίαν
418 3653 558 3713 Ptolemaei,
571 3657 687 3704 Matium
703 3655 772 3706 Plinii
782 3664 806 3718 ο,
821 3661 868 3720 1ο),
878 3657 946 3720 quod
958 3658 1074 3722 deinoeps
1086 3656 1150 3706 alius
1162 3656 1189 3705 in
1200 3648 1344 3706 eontextum
1359 3656 1493 3706 rerbomm
1510 3653 1686 3716 metamorph,
1702 3653 1793 3712 ejecto

179 3723 278 3774 nomine
293 3723 359 3773 hlnv.
375 3723 387 3788 11
404 3751 435 3760 -
446 3727 549 3776 σταδίων
559 3727 588 3790 ρ’,
602 3728 651 3790 pri..
665 3727 694 3790 δ’]
703 3728 739 3777 sio
749 3728 843 3786 eodem
856 3729 931 3778 luerit
945 3731 992 3792 ρκ’,
1006 3730 1054 3790 μιλ.
1067 3727 1111 3788 κδ’,
1124 3727 1161 3776 nti
1173 3726 1262 3789 scylax
1274 3726 1362 3787 babet3
1371 3727 1451 3776 stadia
1462 3731 1563 3776 nenium
1573 3722 1793 3774 eiboerentmillia

182 3798 264 3855 13113,
276 3807 350 3859 ουτοι
361 3807 491 3846 numerum
505 3811 579 3847 mauu
590 3797 637 3847 leni
649 3797 767 3860 reingere
780 3813 827 3848 non
840 3799 905 3849 lieet.
922 3798 994 3864 Apud
1008 3798 1112 3849 Plinium
1126 3806 1150 3856 o,
1163 3801 1191 3847 tt
1206 3799 1250 3846 ,τῖε
1261 3811 1276 3846 a
1287 3797 1351 3847 mari
1365 3797 1441 3848 distat
1457 3803 1485 3847 15
1495 3811 1529 3848 m.
1545 3811 1570 3861 p.
1585 3797 1640 3857 (1²⁰
1652 3794 1746 3853 stedi,
1761 3799 1791 3842 at

179 3867 431 3928 noviputurPhoris
442 3872 547 3933 trunonis
558 3871 673 3932 rrovipiis
687 3871 827 3921 ΧΧΧΙἩΙ
839 3871 874 3918 ll.
887 3873 908 3919 b
923 3884 996 3934 pars.
1008 3871 1063 3931 (3011
1075 3869 1160 3930 stad),
1176 3868 1236 3918 inde
1252 3867 1399 3918 irrisoribus
1415 3868 1493 3932 leupo
1511 3869 1606 3931 spolio.
1625 3869 1680 3914 see.
1701 3864 1792 3927 steph.

179 3939 236 4000 Byr.
250 3949 309 3988 ar.
325 3935 371 3988 Αἶα
394 3939 449 4004 ipsa
469 3941 514 3989 AEa
534 3939 593 3990 urbs
611 3944 656 3990 ³00
670 3939 756 3990 stadiis
768 3940 800 3990 ab
813 3941 876 3989 ustio
890 3939 1001 3990 Phasidis
1014 3944 1040 3990 et
1055 3939 1118 3989 mari
1130 3940 1224 3990 aberat.
1237 3939 1385 3989 Ptolemaeus
1396 3950 1495 4001 quoque
1508 3939 1578 3986 ullam
1599 3939 1645 3986 800
1657 3933 1748 3985 sudis
1762 3933 1797 3984 ab
1894 3996 1895 4001 Ἰ

182 4007 247 4058 ostiu
258 4008 385 4069 Phasidis,
398 4011 424 4060 at
438 4023 486 4060 non
499 4011 570 4072 juata
584 4011 687 4072 flumen,
700 4011 743 4062 sed
757 4011 781 4060 in
792 4025 835 4061 ora
847 4010 971 4060 maritima
981 4011 1074 4075 posuit.

214 4075 267 4140 §⁵.
283 4078 376 4126 insulsi
395 4085 423 4142 τῇ
439 4078 501 4143 duh]
516 4081 535 4129 1.
548 4083 590 4139 τὴν
606 4079 727 4130 θάλασσαν
746 4079 801 4130 cod.
815 4079 825 4143 ΙΙ
836 4081 902 4130 -ἐν
916 4081 990 4143 ταύτῃ
1009 4075 1139 4140 ποτιζουσι]
1155 4079 1277 4138 άπάθτῆς
1290 4097 1316 4128 π.
1331 4078 1458 4128 Arrianus.
1471 4079 1528 4128 hieu
1544 4077 1664 4139 ὸρᾶτστεθ
1676 4079 1751 4124 τοῦτο
1764 4076 1794 4123 τὸ
1894 4110 1895 4113 ¹

180 4148 254 4198 ποτὸν
267 4159 299 4196 ex
311 4149 414 4200 Arriano
423 4149 523 4200 inserui.
537 4149 548 4214 ΙΙ
558 4177 591 4188 -
602 4154 616 4208 ἡ
627 4153 651 4200 ἴε
661 4153 730 4216 χροιά
743 4157 785 4201 τοῦ
796 4155 828 4202 Φ,
841 4153 1012 4214 ἑξηλλαγμάνη,
1023 4149 1074 4214 οἵα]
1086 4153 1100 4206 ἡ
1113 4151 1137 4198 δὲ
1150 4151 1211 4213 χροὶ
1224 4155 1258 4212 τῷ
1273 4151 1360 4201 Φάσιδι
1374 4151 1413 4199 σία
1432 4149 1527 4200 Arriae.
1541 4149 1552 4211 ΙΙ
1568 4174 1600 4183 -
1611 4148 1641 4196 ού
1653 4145 1746 4209 τοίνυν]
1766 4149 1796 4196 οὐ

181 4233 203 4266 τ.
218 4218 243 4266 δὲ
257 4215 313 4266 eod.
332 4217 342 4280 ΙΙ
357 4245 385 4253 -
400 4217 548 4284 ateramum]
559 4219 700 4271 εὶσθάλὶιυσι
713 4221 768 4270 eod.
785 4221 796 4285 11,
809 4250 840 4262 -
852 4221 888 4271 dn
899 4222 944 4271 οὐκ
955 4219 1035 4285 airh]
1045 4222 1081 4270 ὄτι
1091 4222 1114 4268 ο1
1123 4221 1207 4270 τούτου
1218 4221 1374 4283 ἀμελήσαντες
1387 4220 1432 4270 οὐκ
1445 4221 1511 4269 eloh.
1522 4219 1618 4266 arrian.
1631 4219 1691 4266 atos
1700 4229 1730 4266 ex
1745 4221 1794 4266 ,tr-

181 4285 250 4338 riano
261 4300 348 4336 rocem
364 4289 401 4336 ὅτι
413 4287 496 4338 addidi
508 4293 566 4352 post
576 4303 601 4338 v.
613 4293 673 4350 πλήν
685 4307 711 4358 γε
722 4293 760 4349 δή,

211 4356 260 4420 §e
274 4357 389 4420 Χαρίεντα
403 4359 509 4421 ποταμὸν
524 4359 675 4424 ναυσίπορον]
695 4363 761 4412 luter
770 4361 862 4412 Phasin
876 4362 904 4412 et
915 4359 1029 4411 Chobum
1040 4359 1148 4425 (Rhopl)
1160 4363 1251 4413 tabule
1262 4361 1368 4412 nautico
1377 4361 1480 4410 linrium
1493 4359 1593 4408 omniuo
1607 4359 1706 4409 nullum
1717 4358 1798 4409 enhi-

182 4427 250 4480 heut.
264 4425 429 4492 Navigabilem
442 4429 549 4492 aliquem
560 4429 592 4479 ibi
602 4445 651 4479 nnn
667 4435 762 4482 exstare
774 4445 820 4497 pro
830 4433 899 4483 eerto
911 4432 1060 4482 contendere
1071 4431 1137 4482 licet.
1146 4436 1232 4497 ltaque
1245 4433 1356 4483 Charieis
1365 4431 1502 4481 συνθοῖτο
1511 4430 1558 4480 nisi
1571 4429 1685 4480 Phasidis
1698 4431 1797 4479 ostium

180 4498 292 4560 boreale,
304 4498 373 4561 quod
387 4499 531 4560 lumbulis,
547 4513 611 4564 quas
624 4499 656 4551 ob
668 4503 752 4553 oeulos
764 4503 856 4565 habeo,
866 4514 881 4554 a
892 4501 1046 4555 meridionali
1057 4505 1121 4555 ostio
1136 4505 1213 4555 distat
1230 4508 1301 4555 ¹5·ss
1316 4502 1412 4552 stadiis.
1432 4504 1461 4552 ln
1479 4499 1539 4551 Tab.
1553 4502 1625 4550 Peut.
1642 4513 1657 4548 a
1669 4500 1747 4549 Phasi
1762 4501 1797 4549 ao

181 4569 338 4620 cbarieutem
350 4573 434 4620 sunta
448 4583 482 4620 m.
496 4583 520 4634 p.
535 4572 587 4622 siue
599 4573 628 4620 24
641 4571 728 4622 stadia.
739 4576 759 4622 Α
771 4572 843 4624 Phasi
854 4575 886 4625 ad
899 4574 1013 4625 Chobum
1029 4575 1118 4626 metior
1128 4581 1159 4625 110
1171 4575 1264 4634 audie,
1274 4587 1289 4624 α
1300 4573 1426 4624 charienti
1438 4571 1471 4621 ad
1483 4572 1597 4622 clrobum
1612 4575 1643 4621 75
1660 4571 1754 4620 studia.
1770 4573 1798 4619 tn

181 4639 270 4702 priscis
286 4639 386 4704 periplis
397 4639 437 4690 alii
457 4653 472 4690 a
486 4641 575 4702 Phasi,
592 4639 633 4691 alii
652 4655 667 4690 a
684 4643 815 4695 Chariente
833 4647 1017 4710 pmlieisoentos
1029 4645 1061 4696 ad
1080 4645 1194 4696 Chobum
1209 4658 1287 4708 usque
1306 4649 1337 4694 tn
1354 4643 1434 4694 stadia
1448 4643 1660 4706 computaverint.
1685 4641 1797 4703 indemu-

181 4715 239 4760 nata
250 4710 364 4762 ridentur
380 4723 436 4775 ιμιιο
445 4715 563 4764 Arrianus
575 4707 677 4764 tradidit
689 4712 828 4766 salsissima.
845 4715 856 4778 ΙΙ
870 4744 902 4758 -
913 4713 1000 4781 Χὸθον]
1015 4717 1098 4767 liddon
1117 4714 1214 4765 hrriaui
1234 4714 1328 4772 eudes,
1340 4712 1452 4763 fortassis
1470 4713 1571 4763 rectius.
1590 4738 1621 4748 ·-
1636 4710 1798 4774 ναυσίπορον]
1893 4700 1895 4723 ¹

184 4785 275 4833 vocem
294 4781 358 4834 bauo
376 4797 424 4834 non
445 4784 520 4837 habet
537 4784 615 4835 eudes
635 4785 746 4843 Arriani.
763 4784 787 4836 lu
806 4800 856 4850 qun
871 4789 997 4852 singarum
1013 4787 1154 4849 ναυσίπορος
1170 4799 1225 4835 esse
1245 4785 1344 4844 dieitur,
1354 4783 1423 4847 quod
1441 4782 1473 4834 de
1487 4783 1535 4834 hoe
1551 4782 1626 4831 durio
1639 4795 1690 4831 non
1707 4789 1798 4832 mona
1892 4800 1893 4851 j

184 4861 334 4918 Anonpmus.
354 4857 382 4904 ln
401 4855 533 4918 integriore
546 4855 632 4906 codice
646 4859 750 4920 uterque
765 4857 855 4908 lluvius
867 4860 1007 4922 ναυσίπορος
1019 4871 1082 4908 roae
1091 4855 1222 4907 distinctus
1232 4854 1320 4914 luerit,
1330 4867 1409 4916 quum
1421 4865 1507 4916 reapse
1523 4850 1627 4902 Chobus
1643 4855 1669 4901 et
1679 4851 1799 4914 Sigames

181 4923 280 4989 (h'ltopi
296 4929 321 4975 et
335 4927 446 4990 lrtpour)
458 4927 526 4977 fluvii
542 4927 568 4976 in
587 4925 635 4976 hoc
649 4929 730 4976 lraclu
751 4927 822 4989 longe
836 4927 935 4978 maximi
952 4927 1009 4976 sint.
1025 4927 1037 4991 11
1051 4949 1082 4966 ·-
1094 4928 1199 4988 Σινάμην
1210 4927 1250 4974 τὸν
1264 4928 1304 4975 καί
1317 4928 1411 4985 Ζίγανιν
1466 4923 1592 4986 Ζτγάνεως]
1604 4925 1717 4985 Σιγγάμην
1727 4940 1757 4972 τ.
1769 4943 1797 4973 κ.

182 4998 287 5054 buroam
337 4997 460 5058 Ζηγάνεως
472 4998 557 5049 sodex.
572 4997 655 5047 verm
664 4997 704 5046 τὸν
717 4997 756 5046 καὶ
769 5001 866 5058 lipom
880 5011 913 5048 eu
926 4998 975 5047 aliu
985 4998 1053 5047 lonte
1068 4995 1152 5046 addita
1163 5001 1228 5046 sunt.
1242 4998 1271 5046 ln
1289 4997 1386 5047 Arriani
1401 4997 1486 5048 endiee
1502 4996 1577 5045 modo
1596 4997 1702 5057 Σιγόμην
1713 4994 1797 5044 urorlo

185 5069 313 5128 Σιγγάμην,
328 5067 624 5134 Ρτιο1οιοΣιγγ.,συίρμε
640 5069 706 5132 quod
720 5069 835 5134 proprius
853 5069 947 5119 accedit
966 5069 998 5118 nd
1016 5067 1160 5118 hodiernum
1175 5081 1264 5118 nunren
1281 5071 1383 5132 Iupour
1396 5081 1417 5119 s.
1430 5069 1525 5117 loturi.
1539 5064 1655 5116 Similiter
1666 5065 1795 5114 llurtuant

184 5137 254 5186 Plinii
266 5139 362 5188 codices
375 5143 407 5200 (ο,
424 5141 462 5200 11)
477 5139 520 5189 uhi
538 5161 545 5190 :
561 5143 669 5204 Sinonia
684 5140 712 5204 (1.
725 5153 747 5190 e.
763 5139 894 5204 siponto),
905 5141 1184 5204 8ορανιια,8ι’ριιαοιά,
1195 5141 1325 5202 sinposia
1337 5140 1364 5202 (1.
1384 5151 1407 5188 e.
1426 5140 1558 5200 διἀοαιυα.
1570 5135 1645 5193 Quod
1659 5135 1732 5198 rut-go
1756 5139 1796 5184 le·

182 5206 286 5272 gebatur
301 5212 428 5272 siparum,
444 5223 474 5260 ex
491 5211 592 5261 Arriano
609 5215 735 5276 arreptum
749 5215 795 5262 est.
809 5210 820 5275 ΙΙ
836 5239 867 5248 -
880 5209 921 5274 σι’]
934 5209 1055 5260 Distantia
1071 5211 1110 5261 est
1125 5210 1175 5261 lere
1188 5210 1325 5260 stadiorum
1337 5214 1376 5258 οτι.
1390 5205 1462 5267 Quod
1479 5206 1596 5258 drusum
1613 5206 1639 5254 in
1658 5203 1726 5254 toute
1744 5219 1797 5254 suo
