3809 5859
283 340 323 399 lt
841 336 1040 400 cumomni
1060 339 1320 401 lllsroltrnutlrl

282 466 429 531 irrumpunt.
462 466 508 517 Die
527 466 699 526 illucescente,
716 466 785 529 juxta
805 464 922 515 vexiilmn
942 466 968 517 iu
983 480 1055 517 muro
1109 481 1165 517 mus
1182 466 1388 532 splendidissimas
1410 466 1571 532 primoribus
1591 468 1621 516 et
1648 466 1731 515 amics
1748 466 1843 522 habilem

283 552 363 602 victor
376 554 425 601 stat
442 551 690 613 blechemetes‚dnm
703 564 747 615 per
758 552 844 601 urbem
858 554 1058 615 grassenturcae·
1108 555 1184 605 dedit.
1212 556 1376 621 conspicuum
1401 556 1427 605 in
1449 554 1542 606 media
1556 553 1628 603 urhe
1649 554 1728 604 locum
1746 555 1841 611 edilm

281 638 326 687 des
342 637 490 699 incolarum,
503 638 623 689 bonorum
637 637 754 702 direptio,
768 639 878 689 ululatus
892 639 1055 703 captivorum.
1109 643 1181 706 regiae
1210 642 1349 693 destinuit.
1374 642 1501 706 Captivis,
1525 654 1598 704 quos
1624 640 1679 703 ipse
1699 644 1843 706 prndeprns

282 752 314 764 -
326 731 364 774 6³.
385 726 484 775 interim
498 726 524 776 in
540 727 636 789 reliquo
653 740 725 777 muro
744 725 823 776 Graeci
843 739 925 777 rerum
944 730 1057 777 actarum
1109 733 1250 794 acceperat,
1271 732 1342 795 juxta
1353 734 1452 796 portum
1463 733 1492 779 et
1515 730 1611 779 cumn
1630 727 1711 777 sinum
1725 728 1841 781 domicilia

283 812 361 877 ignari
373 826 479 876 pugnarn
493 815 647 875 continuant,
658 815 735 864 donec
747 813 869 863 hostema
883 815 952 876 tergo
962 812 1055 863 incum-
1109 817 1213 881 agnovit
1228 821 1253 868 et
1268 831 1312 882 per
1332 821 1414 867 ratum
1436 820 1545 881 tempus
1559 814 1744 865 immunitatem
1762 826 1840 870 tuoe

282 900 378 950 bentern
391 901 566 964 conspicientes
574 901 652 951 autin
662 901 748 951 salutis
755 900 924 965 desperatione
934 900 966 951 de
976 900 1057 964 pinnis
1109 905 1203 955 ceteris
1222 918 1321 967 qnoque
1337 904 1441 967 rnptiris
1455 903 1503 967 qui
1528 892 1714 965 redemptionis
1730 903 1840 965 pretimt

281 988 422 1052 praecipites
433 988 587 1051 sedejiciunt
600 991 644 1038 ant
655 989 746 1053 captivi
759 988 921 1039 abducuntur.
932 1018 960 1031 -
971 992 1057 1039 ohln·
1108 991 1180 1041 minis
1198 991 1322 1043 solverent
1339 992 1379 1041 vel
1393 992 1525 1041 soluturos
1543 989 1760 1054 scpmmittercnt,
1772 992 1840 1043 utrm

283 1078 322 1127 ter
333 1075 379 1125 bos
389 1075 434 1126 luit
444 1076 751 1137 orchanes,blecbemetis
761 1076 928 1140 patruus,qui
938 1078 968 1125 ut
975 1075 1057 1125 fratris
1108 1081 1254 1143 pulsantem
1276 1084 1303 1131 et
1318 1078 1441 1129 domicilia
1465 1082 1495 1129 et
1518 1077 1711 1127 immunitatem
1733 1076 1794 1125 dedit.
1808 1081 1839 1129 lin

282 1163 381 1213 insidias
393 1163 497 1225 ritaret,
510 1163 569 1213 oiim
582 1164 932 1228 constantinopolimrenerat.
945 1163 1056 1215 Primum
1108 1167 1243 1230 principum
1261 1166 1372 1217 virorum
1393 1178 1541 1227 grecorum
1556 1162 1700 1213 commodis
1719 1164 1838 1215 consuere

282 1250 1057 1323 resteturcicaindutuslugamteutarit,deindeagnitumseri·
1112 1255 1229 1303 Nolanam
1251 1252 1417 1302 restaurandae
1435 1251 1495 1300 urbi
1515 1250 1673 1315 praelectum
1687 1262 1763 1299 creare
1776 1252 1841 1306 sdic,

282 1336 821 1401 deusdeturridesilIensvitamlinivit.caput
830 1336 1057 1400 ejusadsultannru
1110 1343 1137 1390 at
1152 1342 1288 1390 Turcarum
1301 1338 1393 1389 invidia
1409 1338 1504 1400 suasit,
1516 1339 1700 1401 utsuspectos
1711 1334 1793 1387 habere
1804 1340 1838 1387 nl

282 1424 367 1476 lertur.
379 1452 409 1467 -
418 1430 457 1475 ⁶5.
468 1424 558 1475 Eodem
568 1427 676 1487 tempore
689 1424 814 1475 chanun
830 1408 969 1473 navarchus
983 1429 1056 1487 rupta
1109 1427 1192 1477 medio
1216 1404 1298 1491 polius
1316 1427 1422 1477 tolleret.
1439 1429 1536 1488 ltaque
1558 1436 1652 1473 omnes
1675 1423 1769 1483 (norem
1783 1438 1840 1471 nram

282 1514 369 1563 catena
382 1512 407 1561 in
419 1514 518 1576 portum
531 1510 648 1561 invadens
660 1524 734 1561 nares
746 1512 887 1561 Graecorum
898 1510 977 1567 (linire
991 1510 1056 1560 enim
1108 1514 1191 1577 erant)
1207 1514 1266 1563 caesi
1284 1517 1357 1575 sunt,
1374 1513 1438 1563 inter
1454 1525 1559 1575 eosque
1572 1524 1635 1560 cunr
1657 1508 1747 1559 duobus
1764 1508 1837 1559 libb

282 1600 580 1665 lngaeraseraut)partim
589 1599 714 1661 demersit,
720 1599 810 1663 partim
819 1600 890 1663 oepit.
904 1599 998 1651 Deinde
1007 1600 1056 1649 dis·

280 1689 346 1753 jecta
354 1690 425 1751 porta
431 1686 532 1737 Basilica
543 1686 662 1749 cesisque
672 1687 724 1750 eJ'us
733 1685 916 1747 defensoribus,
929 1687 955 1735 in
967 1686 1054 1737 urbem

284 1774 588 1840 penetravit-eastun}
597 1789 642 1839 per
650 1774 710 1824 alias
720 1776 803 1838 portas
813 1788 863 1823 orn
875 1774 1006 1824 maritima
1015 1788 1054 1824 re-

281 1862 365 1927 liquus
379 1864 503 1915 exercitus
521 1861 617 1913 cedens
634 1862 793 1927 praedamque
812 1861 838 1911 in
858 1861 946 1911 urbem
964 1861 1054 1910 dillun·

283 1951 360 2001 ditur.
403 1952 528 2015 lugentem
553 1948 737 2000 multitudinem
755 1948 780 1997 in
799 1951 824 1997 s.
844 1947 941 2011 Sophiae
966 1948 1056 2012 templo

283 2041 453 2103 congregatam
472 2037 543 2101 quasi
562 2036 610 2086 reti
628 2036 726 2085 inclusit
739 2037 764 2085 et
777 2034 863 2085 deinde
877 2034 998 2098 captivam
1013 2036 1056 2086 ab

286 2126 369 2177 duxit.
396 2152 425 2163 -
452 2129 491 2177 el.
509 2125 603 2175 Galata
622 2124 709 2174 incolae
724 2124 810 2187 sponte
830 2136 875 2171 sua
888 2126 972 2187 portas
988 2122 1056 2173 urhis

283 2216 432 2281 aperuerunt
448 2226 527 2277 neque
548 2212 683 2275 quidquam
701 2211 759 2261 maii
780 2210 889 2275 perpessi
907 2214 980 2271 sunt;
994 2214 1056 2261 Con-

283 2300 451 2365 stantinopolis
471 2312 530 2349 vero
549 2312 564 2349 a
577 2298 699 2350 matutino
710 2300 820 2363 tempore
832 2298 864 2347 ad
882 2310 962 2349 seram
977 2311 1055 2361 usque

283 2390 379 2454 direpta
390 2393 436 2441 est.
449 2389 532 2441 occisi
543 2390 568 2439 in
582 2388 629 2438 huc
642 2388 705 2437 hello
718 2388 766 2437 riri
776 2389 802 2438 et
810 2387 927 2438 mulieres
937 2387 1055 2451 puerique

284 2480 371 2543 quater
382 2478 481 2528 circiter
491 2477 569 2529 mille.
584 2474 650 2539 capti
670 2489 728 2525 vero
747 2474 923 2539 quinquaginta
942 2474 1056 2524 milliari

283 2566 397 2629 amplius.
433 2568 453 2615 E
463 2567 600 2615 'lurcorum
610 2562 720 2613 exercitu
734 2562 860 2627 quingenti
874 2562 924 2612 lere
935 2560 1056 2613 interlecti

283 2653 349 2701 sunt.

314 2742 355 2789 ct.
372 2737 535 2788 blechemetes
542 2736 628 2787 urbem
634 2736 757 2801 ingressus
764 2740 790 2787 et
797 2735 989 2798 magnitudinem
998 2735 1052 2796 ejus

283 2841 312 2878 ac
320 2826 506 2891 pulcritudinem
515 2828 628 2891 spectans
636 2828 740 2891 stragem
749 2826 881 2876 miseratus
897 2828 950 2887 est,
961 2827 1055 2874 nutam

284 2916 365 2977 illam,
381 2918 499 2979 quantam
509 2927 589 2977 neque
600 2914 672 2975 'froja
687 2912 745 2965 olim
760 2926 839 2975 neque
853 2912 961 2974 babylon
975 2924 1054 2973 neque

284 3003 405 3067 Carthago
430 3015 509 3065 neque
528 3000 697 3065 Hierosolyma
713 3013 793 3063 neque
809 3000 857 3049 alia
873 3000 923 3049 ulla
941 2998 1002 3049 urbs
1022 2997 1054 3049 ab

285 3091 357 3141 hoste
364 3087 906 3151 paonsunt.-oo.1tequccnnenqunipsa
913 3078 1052 3136 consunti-

283 3173 378 3239 nopotis
391 3178 463 3223 antea
474 3186 489 3221 a
503 3172 596 3224 Latinis
607 3174 697 3223 allecta
708 3174 755 3231 ost,
763 3186 820 3221 cum
830 3172 944 3235 presenti
953 3170 1055 3221 mumi-

283 3262 335 3310 tate
348 3272 491 3323 comparare
507 3259 571 3309 licet.
582 3259 622 3307 sic
635 3257 694 3308 nihil
708 3258 795 3309 stabile
803 3258 828 3307 in
843 3258 916 3307 rebus
926 3258 1054 3318 humanis;

284 3347 424 3408 temporum
438 3344 507 3394 luxu
527 3345 610 3395 omnia
631 3347 767 3396 mutantur.
786 3347 901 3394 ceterum
921 3344 985 3393 miro
1002 3344 1054 3393 lor-

283 3434 350 3481 orne
364 3442 422 3481 casu
431 3428 534 3491 accidit,
545 3432 574 3481 ut
586 3434 639 3481 turn
649 3430 742 3493 primus
755 3434 808 3481 tum
820 3430 922 3479 ultimus
931 3430 1056 3493 Bpnantini

283 3519 350 3583 regni
363 3518 496 3583 imperetur
506 3519 572 3567 esset
584 3516 760 3567 constantinus
772 3518 871 3566 lielenas
882 3516 956 3567 lilius.
970 3544 1003 3553 -
1015 3521 1053 3565 70.

282 3610 363 3657 Nares
374 3606 486 3669 triginta,
498 3618 554 3669 quse
568 3617 583 3653 a
598 3604 839 3655 Pontificellomano
855 3605 949 3654 auxilio
961 3606 1053 3666 missu,

283 3694 362 3745 ventis
392 3692 520 3743 contrariis
546 3693 577 3743 ad
603 3692 693 3741 chium
724 3691 905 3752 detinebantur,
929 3694 1055 3754 comperta

283 3782 351 3833 urbis
360 3781 554 3847 expugnatione,
566 3780 668 3830 domum
682 3792 788 3829 reverse
804 3781 869 3829 sunt.
880 3804 912 3815 -
921 3782 961 3828 71.
975 3781 1055 3842 Capta

282 3869 505 3933 constantinopolis
516 3871 554 3921 est
575 3868 622 3919 sub
633 3868 802 3929 Gonstmtino,
814 3880 846 3917 ex
859 3867 1000 3931 Palaeologis
1013 3866 1057 3916 im-

282 3960 392 4019 peratore
406 3957 523 4021 septimo,
535 3954 593 4005 Maii
602 3953 691 4005 mensis
698 3954 738 4004 die
752 3953 868 4004 vicesimo
878 3966 958 4013 nono,
971 3952 1056 4001 mnndi

282 4055 345 4091 anno
358 4046 417 4091 otei
432 4079 438 4103 ,
451 4041 556 4091 conditae
571 4041 639 4091 urbis
653 4054 716 4091 anno
728 4044 795 4089 liet.

314 4131 353 4177 72.
368 4130 532 4179 contemno
551 4128 673 4191 cleptum.
691 4126 748 4176 Fuit
766 4127 806 4175 rir
821 4125 940 4195 egregius,
955 4124 1004 4176 iilis
1016 4126 1055 4175 in-

217 4212 223 4222 '
283 4214 346 4279 genii
358 4214 456 4263 dotibus
469 4214 587 4278 preditus
596 4228 658 4276 quas
666 4213 691 4263 in
699 4213 792 4263 Pericle
800 4212 882 4263 laudet
890 4212 1053 4275 Thucydides,

284 4300 327 4351 sed
342 4314 385 4365 per
408 4314 504 4351 omnem
522 4301 598 4351 vitam
621 4300 719 4363 infelix,
735 4302 788 4364 rjus
807 4304 892 4350 aulem
911 4299 1010 4351 virtutis
1026 4304 1056 4351 nt

284 4387 362 4451 perire
373 4399 422 4436 une
439 4399 497 4437 cum
516 4388 595 4451 patria
610 4401 684 4451 quarn
701 4400 753 4437 succ
769 4386 842 4437 saluti
855 4387 982 4437 consulere
1002 4400 1053 4437 ma·

282 4474 363 4525 luerit.

316 4565 354 4612 ⁷³.
370 4560 536 4613 Mechemetes
554 4575 585 4611 ex
598 4561 659 4611 urbe
679 4562 704 4610 in
720 4565 802 4612 castra
818 4574 932 4611 reversus
947 4562 1054 4625 praedam

283 4650 415 4701 distribuit.
428 4651 484 4713 lpse
496 4649 543 4699 sibi
552 4654 641 4713 praeter
651 4653 729 4700 ratam
740 4648 874 4712 spoliorum
884 4654 979 4713 partem
991 4664 1052 4713 prar-

283 4739 332 4789 mia
343 4738 427 4803 selegit
439 4742 493 4787 tum
509 4738 614 4801 virgines
625 4750 764 4801 puerosque
778 4737 912 4795 lormosos,
926 4738 981 4786 tum
995 4750 1053 4788 vero

282 4827 350 4876 viros
370 4825 518 4875 clarissimos
537 4825 600 4875 iuter
619 4838 710 4886 eosque
730 4826 821 4873 Lucam
843 4824 972 4885 lictorem
991 4838 1053 4888 quos

283 4926 367 4962 omnes
379 4913 460 4977 magni
474 4913 532 4963 lecit
543 4916 567 4962 et
585 4912 617 4961 sd
632 4924 742 4961 summos
754 4909 860 4959 bonores
873 4911 1047 4972 promovisset,

283 5000 329 5049 nisi
343 5001 446 5051 aliorum
458 5000 625 5066 impedivisset
640 4998 740 5049 invidia.
755 4997 849 5047 Deinde
862 4997 965 5049 dimisso
978 5012 1050 5048 ener-

283 5086 349 5147 citu,
362 5087 387 5136 in
405 5088 490 5139 urbem
504 5102 618 5140 reversus
635 5089 667 5138 de
685 5085 886 5138 restaurandam
902 5087 928 5136 et
941 5085 1052 5147 augenda

283 5176 308 5223 et
320 5172 352 5223 ad
364 5176 436 5238 regiae
452 5177 517 5226 sedis
532 5178 673 5241 dignitatern
694 5174 850 5240 provehenda
860 5173 984 5239 cogitarit.
1000 5176 1052 5223 Do-

1109 1604 1186 1661 taras,
1198 1600 1238 1649 vir
1249 1600 1333 1649 mullis
1342 1600 1482 1650 nominibus
1491 1597 1615 1662 insignis.
1630 1599 1717 1647 Postea
1730 1596 1838 1655 tannim

1109 1688 1222 1739 iecinoris
1235 1702 1317 1753 regem
1328 1687 1452 1752 penituit,
1466 1691 1493 1737 et
1508 1687 1539 1736 in
1564 1698 1685 1735 suasores
1695 1683 1836 1733 animadrerm
1867 1693 1870 1796 Ι

1108 1780 1154 1827 est.
1170 1778 1245 1827 Urbis
1253 1778 1425 1840 proiecturam
1440 1774 1611 1825 Soleirnanus
1631 1772 1741 1822 obtinuit.
1868 1801 1869 1884 1

1140 1868 1178 1915 74.
1192 1864 1285 1915 Dehinc
1291 1862 1453 1913 lleclremetes
1463 1860 1661 1924 Adrianopolim
1670 1858 1737 1907 rediit
1744 1858 1836 1920 (illam,
1868 1887 1869 1912 ,

1109 1968 1161 2017 quo
1172 1955 1290 2005 venerunt
1303 1951 1371 2001 dere
1385 1949 1447 2000 bene
1457 1952 1533 2013 gesta
1544 1948 1702 2012 gratulantes
1713 1946 1771 2008 lepti
1778 1946 1832 1993 libel
1868 1917 1869 1980 Ῑ

1110 2040 1204 2102 lorum,
1223 2038 1375 2103 lllyriomm,
1398 2036 1660 2101 Peloponnesiorum,
1683 2033 1833 2093 llitrlrneonn.
1869 1999 1871 2076 i

1108 2126 1240 2188 chiorum,
1264 2138 1349 2188 regum
1363 2127 1496 2175 Persarum
1519 2126 1548 2173 et
1569 2120 1671 2185 AEgypti
1688 2132 1728 2168 nec
1738 2132 1776 2166 auu
1791 2118 1832 2165 Can
1869 2085 1870 2172 i

1110 2214 1178 2263 mani
1198 2212 1291 2263 ciliciae
1313 2211 1438 2277 principis.
1457 2214 1478 2261 l:
1497 2208 1615 2273 captivis
1637 2205 1787 2268 nobiligcnere
1799 2204 1833 2250 nl*
1869 2199 1870 2246 I

1107 2315 1151 2351 ren
1161 2300 1270 2365 corporis
1279 2299 1392 2349 custodes
1400 2299 1653 2361 aliarumqnererum
1663 2293 1769 2343 niceros
1775 2290 1828 2351 serpe
1870 2305 1872 2366 p

1141 2392 1180 2439 7⁵.
1188 2387 1282 2437 Eodem
1295 2391 1405 2450 tempore
1413 2385 1488 2449 iegati
1496 2386 1627 2434 venerunt
1638 2394 1670 2431 ex
1679 2374 1830 2429 lmhroetihae
1870 2395 1871 2452 ζ

1109 2480 1135 2525 et
1148 2478 1239 2525 Lemno
1254 2472 1349 2523 insulis.
1363 2472 1490 2535 byzantini
1502 2470 1601 2521 barrem
1615 2468 1742 2518 insularum
1752 2460 1827 2527 prelati
1870 2463 1871 2474 ¹

1107 2564 1191 2614 audita
1204 2563 1272 2613 urhis
1288 2561 1480 2627 expugnatione,
1501 2560 1529 2609 iu
1550 2556 1673 2608 italorum
1690 2552 1774 2603 naribus
1785 2548 1827 2596 arn

1107 2655 1206 2715 gerant,
1223 2664 1268 2700 nec
1290 2663 1339 2699 non
1353 2647 1487 2698 areolarum
1502 2660 1567 2711 pars
1582 2646 1610 2694 in
1624 2642 1709 2693 chium
1721 2642 1741 2689 el
1755 2636 1826 2686 [rheu

1107 2745 1134 2793 et
1145 2743 1243 2792 cretam
1252 2739 1323 2789 sedes
1334 2738 1519 2788 transtulerant.
1536 2738 1605 2784 'rum
1621 2728 1751 2781 critobulus
1763 2724 1824 2783 nitro
1871 2722 1872 2800 l

1108 2828 1177 2878 bonis
1183 2828 1271 2877 animis
1282 2825 1422 2888 essejussit,
1435 2829 1485 2873 eta
1497 2823 1643 2877 chamum,
1655 2812 1760 2877 Callipolis
1768 2814 1824 2867 surae

1108 2916 1242 2978 classisque
1256 2914 1380 2978 prolecto,
1392 2912 1423 2962 ad
1434 2925 1511 2973 quem
1523 2910 1592 2959 clam
1602 2907 1693 2969 legatos
1702 2893 1823 2951 misantoli·
1872 2941 1873 3016 1

1107 3003 1169 3066 nuit,
1180 3007 1208 3052 ut
1217 3002 1283 3051 nullo
1291 3000 1377 3051 insulse
1385 2999 1474 3048 damno
1483 2997 1656 3046 allicerentur.
1668 2992 1720 3039 Post
1730 2987 1776 3042 Mt,
1783 2982 1826 3028 her-

1107 3090 1208 3141 cedente
1225 3088 1366 3150 chamum,
1391 3085 1549 3135 sacerdotem
1565 3085 1593 3132 et
1613 3080 1732 3143 primorem
1745 3063 1823 3119 inhia

1107 3190 1190 3239 regem
1209 3174 1361 3233 amandavit,
1374 3172 1419 3235 qui
1437 3171 1578 3220 insularum
1592 3164 1729 3217 deditionem
1739 3160 1758 3205 ei
1768 3152 1823 3239 Q

1107 3260 1218 3309 olierret.
1228 3261 1280 3308 liex
1291 3269 1350 3307 rero
1362 3254 1454 3304 insulas
1465 3253 1491 3303 in
1506 3251 1598 3302 eadem
1609 3260 1658 3311 qna
1671 3242 1712 3292 sub
1721 3236 1822 3288 cmm

1108 3348 1205 3397 luerant
1214 3344 1350 3395 conditione
1361 3354 1460 3393 manere
1473 3338 1603 3404 permisit,
1618 3334 1678 3383 adeo
1686 3332 1712 3379 ut
1722 3318 1821 3377 [mnan

1107 3433 1211 3495 lauredi,
1224 3432 1280 3482 AEni
1291 3430 1360 3481 urbis
1377 3427 1494 3493 principi,
1514 3426 1617 3476 Thasos
1634 3423 1709 3469 autem
1723 3415 1743 3461 el
1755 3410 1820 3457 Μ

1108 3522 1210 3582 correo,
1222 3519 1349 3582 mtyrnes
1360 3517 1472 3577 annno,
1483 3513 1594 3565 norim
1605 3508 1690 3559 essent.
1703 3490 1820 3585 memh-

1107 3608 1215 3658 lamedes
1231 3611 1256 3656 et
1267 3606 1371 3655 Doricus
1385 3603 1432 3667 ipsi
1443 3614 1543 3665 quoquo
1555 3598 1589 3649 ad
1604 3606 1682 3658 regem
1698 3588 1767 3647 1⁶9¹&
1775 3585 1818 3626 W

1108 3698 1172 3750 rant,
1185 3708 1291 3759 quorum
1306 3692 1407 3741 consilia
1419 3689 1515 3752 adjuvit
1526 3683 1678 3737 critobulus.
1777 3752 1781 3762 Ι

1139 3785 1181 3833 76.
1203 3781 1293 3831 lisdem
1313 3778 1399 3829 diebus
1413 3776 1532 3837 charles,
1553 3783 1665 3825 summus
1681 3763 1732 3825 regis
1743 3753 1816 3805 Q‘s·

1107 3870 1151 3932 qui
1167 3868 1258 3920 bouum
1273 3870 1358 3917 contra
1375 3864 1566 3915 Constantinum
1578 3849 1742 3909 disparente
1754 3834 1813 3926 Q*

1107 3956 1171 4005 stiuo
1185 3956 1216 4005 ab
1229 3954 1337 4005 hostiurn
1356 3950 1467 4017 partibus
1483 3948 1583 3999 stetisse
1596 3940 1740 4007 deprehensis
1752 3924 1816 3974 Μ

1107 4055 1230 4092 carcerem
1247 4041 1371 4104 conjectus
1382 4042 1407 4088 et
1421 4050 1479 4087 mox
1489 4036 1587 4085 occisus
1600 4032 1639 4080 est
1649 4031 1658 4087 (
1665 4030 1674 4075 t
1688 4016 1749 4072 niti·
1762 4010 1813 4101 ⁰l⁸v

1107 4144 1169 4194 quas
1184 4128 1276 4179 multas
1287 4126 1428 4189 reliquerat,
1446 4122 1555 4188 primurn
1571 4087 1815 4181 pmaosuipth

1108 4230 1167 4267 rero
1185 4216 1240 4265 liliis
1258 4211 1412 4265 condemnati
1431 4210 1535 4261 reddtis
1553 4208 1617 4259 sunt.
1640 4202 1666 4251 ln
1678 4174 1812 4245 ΜΨ

1106 4306 1207 4354 rsaaens
1228 4301 1357 4353 sumsit.
1377 4328 1409 4336 -
1424 4302 1467 4347 cr.
1489 4290 1675 4347 raucisonus
1691 4270 1812 4363 reim}

1106 4404 1204 4455 quoque
1213 4402 1335 4440 emanere
1345 4389 1454 4438 remotus
1463 4389 1489 4435 et
1498 4384 1549 4433 filia
1561 4381 1622 4443 ejus,
1631 4356 1809 4458 putrere&

1106 4493 1149 4529 rex
1163 4491 1241 4541 nuper
1250 4478 1388 4539 receperat,
1404 4472 1505 4523 dimissa
1513 4474 1560 4522 est.
1575 4458 1714 4517 nomiminis
1723 4439 1808 4536 ΨΜ

1105 4566 1263 4627 assignatum.
1275 4567 1370 4627 zegano
1380 4559 1500 4611 sullectus
1511 4562 1549 4609 est
1562 4545 1727 4606 mmhumrwr
1736 4522 1807 4621 (ΙΨ

1104 4651 1252 4716 nmngnn
1262 4650 1457 4710 rnamcuxern,
1469 4647 1510 4697 nr
1521 4639 1649 4709 numne
1659 4612 1808 4739 mnemon

1106 4742 1223 4800 Graecus,
1240 4736 1363 4799 nullisque
1389 4748 1438 4785 non
1455 4736 1555 4784 ornatus
1572 4719 1699 4777 nordw-
1717 4704 1760 4757 Μ
1786 4776 1790 4783 ,

1108 4826 1235 4876 auctumni
1260 4828 1372 4888 tempore
1395 4836 1439 4872 rex
1460 4813 1612 4879 ndrlmopoi
1636 4776 1806 4917 Q

1105 4914 1230 4977 protectus
1247 4915 1294 4962 est.
1316 4936 1346 4947 -
1358 4909 1422 4961 mite
1432 4907 1519 4959 mundi
1533 4914 1608 4956 annus
1623 4895 1689 4950 cells
1700 4888 1749 4942 Ψ

1105 5001 1202 5050 tertius.
