3809 5859
451 296 697 357 arnasanans
720 295 848 358 nanus
870 297 922 357 ιιι.
945 300 1022 358 ενοι
1051 270 1232 375 (rma-rasa
1252 298 1288 357 r.
1313 298 1370 377 c).
1671 307 1708 366 ιν

97 433 136 492 τὸ
153 434 182 492 M
186 430 331 509 υριάνδριον
346 430 375 488 οὗ
387 426 477 506 πόρρω
490 432 535 488 τοῦ
546 426 660 506 τείχους,
673 426 733 485 ἀλλ’
747 424 787 485 ότι
803 430 881 505 ἐγγυ-

97 523 181 583 τάτω
200 518 245 579 καί
264 518 322 578 ὅσον
338 516 375 595 μή
389 516 442 576 ίσω
457 520 539 597 βελῶν
551 508 631 590 ε’ίναι,
649 520 751 599 πρῶτον
770 514 817 593 μίν
831 518 884 575 δεῖν

97 612 176 689 έγνω
190 608 275 687 λόγοις
289 606 441 687 χρήσασθαι
458 607 521 685 πρὸς
534 603 699 683 Ῥωμαίους,
713 606 737 663 ελ
749 604 883 683 βούλοιντο

97 696 269 778 παραδόντες
280 697 352 773 αὐτῷ
369 692 416 763 τήν
431 716 459 752 τε
472 692 548 751 πόλιν
559 693 605 753 καί
621 692 728 760 ἑαυτοὺς
740 692 806 770 μετλι
817 692 882 770 ξυμ-

100 786 214 845 θάσεων
229 783 275 841 καὶ
289 780 373 864 θρκων
390 784 491 840 πιστῶν
511 784 641 851 καθῆσθαι
655 778 698 847 ξθν
715 779 815 859 γυναιξί
836 779 883 839 καί

102 872 210 939 τέκνοις
226 871 271 930 καί
285 878 338 937 τοῖς
351 869 500 951 ὑπάρχουσι
514 876 579 928 πᾶσι
594 870 646 935 σῶς
657 862 702 927 καί
714 872 802 927 κακῶν
816 870 884 926 ἀπα·

101 962 171 1031 θείς,
188 957 361 1025 ’ἀπολαύοντες
374 960 426 1017 τῶν
438 956 511 1015 ίδίων
524 958 670 1035 εἰρηνικῶς·
682 954 729 1014 καλ
740 954 840 1031 πίμπει
850 956 881 1029 δὴ

101 1046 168 1115 τοίας
180 1054 265 1107 ταῦτα
274 1048 407 1125 ἐροῦντας,
418 1045 442 1105 ολ
449 1043 706 1123 καλπαραγενόμενοι
716 1041 881 1121 σἰπήγγειλαν

101 1136 140 1196 τθι
155 1135 230 1215 παρὰ
247 1140 292 1195 τοῦ
307 1134 444 1215 βασιλέως.
488 1132 521 1213 (ε)
535 1136 570 1192 Oi
590 1130 618 1191 δί
639 1132 685 1191 οὐκ
700 1130 819 1199 ἐδέξαντο
835 1132 881 1191 tat

102 1224 219 1296 τούτοις,
232 1223 345 1290 εἰπόντες
355 1224 436 1290 ἄλλας
447 1220 559 1288 σπονδίις
570 1221 665 1281 ίθελειν
678 1224 820 1297 ποιεῖσθαι,
835 1218 882 1292 τήν

103 1315 186 1373 πόλιν
201 1312 228 1371 δέ
244 1310 360 1369 ἀδύνατα
375 1300 442 1369 εἶναι
461 1307 628 1389 παραδώσειν
650 1308 731 1387 αύτῷ.
775 1308 806 1385 (a)
827 1310 882 1367 Βα-

105 1398 198 1465 σιλεύς
218 1397 245 1457 δὲ
262 1396 360 1457 τούτων
382 1394 511 1473 ἀκούσας,
532 1393 605 1461 εθθθς
624 1392 708 1473 ἔκειρί
728 1418 756 1452 τε
771 1392 819 1465 τήν
832 1398 883 1471 γῆν

105 1486 155 1545 καί
166 1487 199 1545 τὰ
207 1483 280 1563 πέριξ
295 1486 384 1543 πάντα
396 1487 442 1555 τῆς
451 1482 550 1548 πόλεως
560 1480 668 1561 ίδήωσε.
682 1480 758 1541 Μετὰ
770 1478 797 1539 δὲ
806 1486 883 1541 τοῦτο

107 1570 252 1631 scaletin
263 1572 306 1631 τόν
320 1595 349 1630 τε
368 1570 487 1651 Ζάγανον
500 1569 546 1628 καλ
563 1570 700 1642 Χαλίλην,
716 1567 812 1647 ἄνδρας
830 1572 882 1627 τῶν

108 1658 225 1741 πρώτων
239 1658 302 1739 παρ’
315 1661 402 1741 αὐτῷ,
424 1658 468 1727 ξὺν
490 1658 576 1724 αὐτοῖς
599 1656 626 1716 δὲ
645 1657 691 1715 καί
710 1656 811 1736 ἐτέρους
831 1660 883 1715 τῶν

107 1752 270 1829 σατραπῶν,
290 1747 394 1828 περιῄει
415 1746 517 1806 τὸκατ’
540 1745 650 1825 ἤπειρον
664 1743 741 1823 με’ρος
763 1749 809 1816 τῆς
831 1744 882 1804 πό-

108 1841 190 1911 λεως,
210 1839 386 1896 κατασκοπῶν
403 1834 431 1893 at
444 1832 526 1915 ταύτῃ
546 1838 646 1912 τεῖχος,
663 1824 726 1913 ᾗτε
743 1832 881 1913 ἐπιμαχώ-

108 1948 189 1985 τατον
202 1925 242 1996 είη
258 1928 284 1991 ές
301 1922 452 2005 προσόολήν
462 1912 499 2000 ,ᾖ
519 1946 547 1981 τε
565 1921 723 2001 ἀπόμαχον,
743 1920 790 1980 καί
811 1913 829 1997 θ’)
844 1922 883 1979 δεῖ

975 428 1097 490 xxvii.
1112 426 1193 490 Merit
1205 428 1233 487 δὲ
1245 433 1320 489 τοῦτο
1335 428 1458 489 ίκτοίσσει
1473 438 1561 489 πᾶσαν
1570 431 1618 504 τήν
1630 456 1696 516 στρα

938 516 1016 594 τιδιν,
1032 516 1092 585 τούς
1104 540 1133 575 τε
1142 518 1279 599 σατράπας
1288 518 1332 576 καί
1346 516 1697 601 ίλσίρχαςκαλταγματάρχα

937 606 985 667 καί
1007 603 1137 683 ἡγεμόνας
1150 609 1202 664 τῶν
1224 604 1336 679 τάξεων,
1357 605 1441 675 διδοθς
1454 608 1557 687 ἑκάστῳ
1578 609 1623 667 καλ
1637 610 1707 677 τάξιν

936 694 982 755 καί
993 694 1089 774 τόπον,
1103 688 1173 774 {tsi
1193 696 1332 776 ρυλάττιιν
1352 695 1397 753 καί
1420 696 1569 777 μάχεσθαι,
1592 697 1637 756 καί
1654 722 1709 759 πα·

937 783 1086 863 ραγγέλλων
1102 782 1119 841 ά
1133 784 1172 841 δεῖ
1184 790 1275 841 ποιεῖν.
1318 782 1350 863 (a)
1358 782 1457 843 Διελὼν
1468 784 1571 843 δίκατθι
1581 787 1650 867 μέρη
1660 788 1708 861 τήν

936 871 1011 931 πόλιν
1022 870 1129 929 ἅπασαν
1141 871 1186 929 καί
1204 869 1234 929 ab
1247 874 1333 951 τεῖχος
1345 871 1414 931 κατὰ
1430 876 1478 951 γῆν
1499 897 1527 932 τε
1542 873 1588 933 καί
1608 876 1708 937 θάλασ-

937 980 1003 1034 σαν,
1024 959 1139 1038 Ζαγάνῳ
1152 956 1200 1033 pls
1215 958 1324 1025 καὶτοῖς
1336 962 1381 1018 ὑπ’
1396 960 1474 1020 αὐτὸν
1489 959 1531 1028 ξύν
1545 985 1576 1039 γε
1591 964 1637 1022 καί
1651 964 1708 1025 trt-

937 1067 989 1124 ροις
1006 1044 1059 1103 τισί
1073 1048 1125 1103 τῶν
1139 1045 1261 1122 λοχαγῶν
1275 1046 1461 1107 καταπιστιύει
1484 1048 1532 1118 τήν
1550 1072 1578 1108 τε
1600 1055 1707 1134 πολιορ·

936 1132 995 1191 κίαν
1015 1138 1061 1192 τοῦ
1076 1134 1185 1193 Γαλατδ
1195 1133 1242 1192 καί
1258 1133 1288 1193 τδ
1310 1135 1369 1194 κατ’
1384 1134 1462 1197 αίιτθν
1483 1139 1561 1218 μέρος
1574 1138 1645 1199 ἅπαν
1664 1142 1708 1212 ξύν

935 1225 1022 1301 γετῷ
1047 1220 1149 1301 Κέρατι
1174 1221 1219 1279 καλ
1238 1222 1325 1298 λιμένι
1346 1225 1426 1283 παντί
1446 1224 1546 1285 σἰνιόντι
1562 1228 1641 1307 μέχρι
1663 1234 1710 1302 τῆς

935 1310 1127 1387 ὀνομαζομένης
1137 1308 1250 1382 Ξυλίνης
1261 1310 1346 1382 πύλης
1360 1317 1406 1385 τῆς
1420 1312 1529 1387 πόλεως,
1544 1314 1628 1384 ἐνδοθς
1637 1319 1709 1399 αὐτῷ

935 1395 981 1456 καί
1001 1401 1127 1477 γεφυροῦν
1148 1397 1193 1455 τδν
1216 1396 1299 1475 ταύτη
1319 1400 1435 1481 πορθμὸν
1450 1405 1495 1459 τοῦ
1520 1401 1635 1480 Κίρατος
1656 1404 1709 1464 ἀπό

934 1507 965 1561 γε
989 1488 1042 1543 τῶν
1070 1487 1231 1564 Κεραμεκῶν
1252 1485 1332 1566 μίχρι
1357 1492 1403 1545 τοῦ
1428 1488 1511 1567 πέραν
1536 1488 1581 1547 καλ
1610 1512 1709 1549 καταν·

937 1570 1014 1653 τικρθ
1036 1571 1135 1631 τούτων
1146 1570 1219 1639 ὄντος
1228 1572 1330 1652 τείχους
1343 1576 1390 1645 τῆς
1402 1576 1516 1643 πόλεως·
1531 1575 1644 1654 ἔγνωστο
1657 1577 1708 1655 γίιρ

938 1664 1011 1741 αὐτῷ
1034 1659 1176 1740 καὶταύτῃ
1189 1661 1343 1721 eisteten
1367 1662 1475 1731 θπλέτας
1490 1666 1576 1723 τεκαὶ
1590 1664 1709 1738 τοξότας,

939 1750 974 1815 ῶς
986 1747 1017 1806 ἂν
1035 1753 1200 1827 πανταχόθεν
1216 1750 1424 1830 προσόάλλοιτῇ
1438 1750 1529 1828 πόλει,
1544 1752 1590 1810 καλ
1612 1752 1709 1835 άνριθῖ)

938 1836 987 1907 τήν
1000 1837 1154 1917 πολιορκίαν
1174 1846 1286 1899 ποιοῖτο.
1328 1840 1361 1917 (a)
1384 1840 1521 1920 Καρατζέρ
1545 1841 1573 1899 δὲ
1599 1844 1638 1922 τῷ
1663 1847 1710 1914 τῆς

938 1921 1069 2003 Εὐρώπης
1084 1924 1193 2005 ἐπάρχῳ
1213 1923 1259 1984 καί
1280 1926 1377 2007 ἑτέροις
1392 1930 1443 1986 τῶν
1458 1932 1600 2006 σατραπῶν
1615 1930 1645 1988 ab
1657 1931 1710 1989 σἰπθ

109 2012 253 2094 προσάγειν
269 2012 314 2079 τὰς
330 2011 449 2091 μηχανὰς
463 2009 530 2070 ὥστε
546 2018 701 2069 κατασείσαι
714 2011 787 2068 αύτό.
937 2013 983 2081 τῆς
998 2010 1112 2081 Ξυλίνης
1135 2008 1221 2083 πύλης
1235 2010 1331 2071 ἀνιόντι
1351 2011 1431 2092 μέχρι
1448 2018 1499 2073 τῶν
1515 2015 1655 2094 βασιλείων
1665 2022 1711 2076 τοῦ

141 2183 230 2230 xxvi.
249 2180 263 2243 §
281 2185 302 2229 1.
316 2182 350 2229 Τὸ
364 2175 692 2242 καλούμενον.711ισ,οτείχιω]
714 2176 731 2225 i.
747 2190 769 2227 ο,
790 2176 855 2226 muri
866 2178 987 2238 bactani,
1005 2176 1047 2239 qui
1061 2191 1076 2226 a
1089 2176 1191 2227 cbarsla
1201 2182 1273 2240 porta
1284 2178 1316 2228 ad
1329 2183 1425 2242 portam
1441 2181 1583 2243 Myriandrii
1594 2184 1709 2249 pertinet,

108 2250 147 2300 uti
160 2250 239 2311 liquet
251 2262 266 2298 a
277 2260 331 2311 cap.
342 2250 382 2297 27.
398 2250 490 2297 Vocem
503 2245 552 2297 boc
561 2259 634 2295 sensu
645 2248 787 2309 usurpatam
799 2245 857 2295 alibi
871 2258 911 2294 me
922 2246 1003 2308 legere
1014 2259 1063 2294 non
1072 2246 1182 2295 memini.
1199 2247 1209 2309 Ι)
1220 2274 1252 2285 -
1261 2248 1431 2313 Μαιάνδριον]
1442 2251 1627 2314 emeterium,
1638 2254 1711 2316 quale

109 2318 143 2369 ed
156 2317 271 2380 quamvis
289 2318 342 2367 lere
355 2318 451 2379 portem
466 2314 689 2379 Constantinopolis
702 2314 820 2365 occurnt.
836 2314 923 2364 cndini
939 2314 971 2363 de
986 2314 1090 2364 oovniois
1105 2316 1200 2378 origiue
1212 2317 1420 2368 narratiunculam
1438 2331 1512 2383 supra
1523 2319 1556 2369 ad
1574 2334 1597 2369 c.
1618 2325 1648 2373 23
1665 2336 1711 2386 ap-

110 2388 191 2453 posui.
213 2386 224 2450 ΙΙ
245 2412 277 2423 -
293 2386 386 2449 λόγοις]
405 2387 573 2449 consumptor:
594 2384 663 2435 addit
684 2398 778 2445 margo.
796 2387 832 2433 De
851 2385 899 2435 bac
918 2384 1042 2447 legatione.
1063 2388 1128 2449 apua
1152 2392 1249 2439 ceteros
1271 2388 1403 2451 scriptores
1427 2388 1488 2438 nibil
1506 2390 1603 2453 legitur.
1618 2397 1711 2443 verum

110 2458 197 2521 paucis
216 2455 305 2507 ‹bebus
323 2458 380 2505 ante
399 2456 602 2518 expugnationem
616 2454 685 2503 urbis
700 2454 863 2503 Mecbcmetes
881 2452 1026 2514 ismaelem,
1043 2456 1171 2507 Scenderis
1187 2457 1356 2521 Sinopensium
1370 2457 1479 2521 despota
1492 2458 1585 2519 lilium,
1600 2460 1632 2510 de
1645 2462 1713 2513 dedi·

109 2529 177 2580 bone
194 2528 265 2579 urbis
279 2528 387 2591 legatum
404 2526 501 2577 misisse
519 2526 626 2575 traditur
634 2525 697 2589 apud
714 2524 934 2588 cbalcocondylam
945 2539 972 2588 p.
986 2530 1039 2586 3311,
1056 2532 1092 2575 18.
1105 2528 1144 2577 ci.
1160 2531 1243 2578 Duces
1259 2542 1283 2591 p.
1294 2532 1349 2587 279,
1370 2532 1398 2578 13
1416 2532 1442 2579 et
1457 2531 1598 2579 leonardus
1612 2532 1710 2583 Glriens.

111 2606 139 2662 p.
155 2602 209 2648 324.
229 2598 365 2648 Pbrantses
378 2595 453 2660 hujus
468 2595 596 2658 legationis
613 2608 661 2644 non
674 2594 785 2644 meminit
805 2607 835 2643 eo
861 2596 1008 2644 narrationis
1028 2595 1097 2658 loco,
1112 2599 1158 2648 ubi
1176 2598 1324 2647 mentionem
1346 2599 1399 2661 ejus
1415 2600 1583 2662 expectaveris
1598 2601 1632 2664 (p.
1648 2606 1710 2665 itt),

111 2670 139 2717 at
150 2667 267 2718 indicium
276 2668 330 2731 ejus
339 2666 449 2731 praebent
458 2666 534 2715 rerba
553 2664 720 2727 machametis,
732 2664 775 2727 qui
786 2678 817 2713 ex
829 2668 901 2727 capto
912 2667 1004 2715 Nolara
1014 2668 1103 2727 quant
1115 2687 1122 2716 ι
1133 2668 1161 2719 Τί
1173 2669 1217 2717 ουκ
1226 2667 1365 2723 teutiscam
1378 2668 1418 2717 τὸν
1432 2671 1543 2732 βασιλέα,
1555 2671 1595 2719 ὅτε
1608 2672 1713 2733 {pirosa

111 2738 227 2799 αθτῷ’ίνσι
243 2737 292 2801 μετ’
306 2738 395 2799 ιίρήνης
414 2737 454 2785 καὶ
472 2735 564 2797 ἀγάπης
579 2752 618 2798 μοι
633 2735 698 2796 δώση
710 2736 752 2792 τήν
763 2734 831 2783 πόλιν
848 2736 887 2783 καί
900 2734 969 2783 ἄλλον
981 2734 1030 2783 ἀντ’
1045 2736 1115 2795 αὐτῆς
1127 2737 1200 2786 τόπον
1212 2739 1284 2786 δώσω
1299 2737 1350 2799 μετ’
1360 2737 1451 2798 ἀγάπης
1466 2740 1506 2787 καὶ
1526 2741 1614 2801 ριλίας,
1628 2742 1667 2789 isc
1680 2749 1711 2802 μή

111 2814 220 2858 τοσοῦτοι
237 2810 301 2872 ρόνοι
314 2808 430 2869 ἀναμέσον
448 2810 516 2870 ἡμῶν
530 2806 688 2869 γεννήσωνται)
707 2804 745 2854 (ll.
771 2804 896 2854 Zinlloisen
912 2804 928 2853 l.
951 2803 968 2853 1.
989 2808 1010 2865 1,
1033 2818 1059 2867 p.
1079 2809 1133 2855 eta.
1147 2806 1303 2856 Mordtmann
1316 2820 1339 2869 p.
1349 2810 1390 2858 75.
1408 2807 1419 2870 1)
1435 2837 1465 2849 -·-
1476 2808 1491 2871 5
1501 2816 1524 2857 2.
1540 2812 1561 2858 ol
1578 2808 1616 2872 ὀί]
1634 2813 1712 2874 Supra

112 2876 230 2942 scriptum
241 2878 266 2928 in
279 2878 363 2928 codiee
376 2880 501 2940 Ῥωμαῖοι.
1019 2923 1022 2936 ,

143 2950 242 2999 xxvlt.
257 2947 448 3010 Dispositionena
467 2945 592 3009 copiarum
614 2947 751 2994 'lurcorum
773 2942 915 2994 critobulus
935 2944 1076 2996 accuratius
1093 2959 1167 3012 ηιιοω
1189 2946 1265 2996 ceteri
1288 2946 1420 3011 scriptores
1445 2948 1552 3010 exponit.
1578 2949 1712 3001 Pbrantaes

113 3016 172 3067 nibil
183 3017 230 3067 nisi
243 3018 297 3068 haec
307 3030 331 3081 p.
345 3019 399 3077 237,
415 3020 443 3065 13
459 3034 466 3066 ι
479 3018 541 3075 ὁτῆς
554 3016 665 3073 ἀνατολῆς
675 3015 773 3078 στρατός
781 3014 881 3071 ἐπήξατο
896 3013 938 3069 τοῖς
950 3015 1039 3071 σκηνὰς
1054 3016 1133 3065 αθτῶν
1146 3016 1171 3065 ἐν
1183 3021 1231 3072 τοῖς
1242 3016 1324 3073 δεξιοῖς
1333 3018 1413 3079 μέρεσι
1427 3022 1469 3065 τοῦ
1481 3018 1562 3080 ᾰμηρᾶ
1573 3019 1614 3067 καὶ
1623 3020 1716 3074 έωςτιῖιν

113 3089 190 3137 ἁνιτών
203 3094 243 3148 τῆς
256 3090 374 3145 θαλάσσης
389 3088 462 3145 πύλης
480 3092 521 3145 τῆς
537 3092 638 3150 χρυσῆς,
655 3086 669 3135 ό
684 3085 710 3135 ὄλ
721 3091 762 3145 τῆς
774 3084 888 3148 Εὐρώπης
902 3085 927 3133 έν
938 3089 967 3145 τῇ
981 3085 1091 3151 ἀριστερᾷ
1109 3088 1148 3135 καί
1165 3090 1209 3142 έως
1224 3092 1266 3146 τῆς
1278 3087 1351 3144 πύλης
1367 3093 1408 3145 τῆς
1420 3086 1508 3145 ξυλίνης
1522 3088 1660 3138 τῶνάκτιῖιν
1671 3096 1712 3139 τοῦ

113 3159 228 3223 sparto
244 3160 342 3209 κόλπου.
356 3160 403 3207 Kal
416 3160 429 3208 d
446 3158 535 3221 θμηρσῖς
552 3159 733 3220 περιεκυκλοῦτο
746 3156 851 3219 θρυατοῖς
869 3156 1029 3218 χαρακώμασι
1048 3158 1089 3206 καὶ
1106 3158 1203 3213 iuliani:
1225 3158 1446 3219 περισταυρώμασι,
1459 3160 1499 3207 καὶ
1514 3157 1596 3215 ἔξωθεν
1610 3165 1651 3209 τοῦ
1665 3178 1712 3225 χα-

113 3231 251 3293 ρακώματος
263 3230 410 3294 περιίσταντο
421 3231 443 3278 cl
453 3228 590 3289 ίαν-νιτζόροι
600 3228 643 3276 σὺν
654 3232 702 3283 τοῖς
716 3228 794 3283 ἄλλοις
808 3226 911 3289 aurasica
928 3230 972 3274 τοῦ
985 3226 1101 3277 παλατίσυ
1116 3228 1197 3277 αὐτοῦ.
1215 3228 1246 3277 '0
1260 3227 1285 3276 δλ
1301 3233 1404 3289 μπασιᾶς
1422 3228 1436 3277 ὁ
1450 3228 1585 3290 radiasset
1600 3233 1712 3291 συγγενής

114 3298 247 3363 (teganus)
259 3300 331 3349 ἐλθὼν
342 3299 476 3356 ἐσκήνωσεν
485 3298 536 3361 θμα
545 3302 579 3360 τῷ
590 3296 763 3359 ἐμπιστευθέντι
770 3296 836 3357 αὐτῷ
844 3299 938 3359 στρατῷ
948 3295 1036 3345 ἄνωθεν
1044 3301 1086 3346 τοῦ
1094 3298 1197 3347 Γαλατᾶ.
1207 3299 1289 3347 Duces
1295 3311 1319 3360 p.
1330 3302 1383 3355 233,
1393 3300 1407 3345 3
1416 3316 1422 3345 z
1433 3300 1522 3355 πᾶσαή
1534 3299 1630 3360 δύναμις
1640 3300 1712 3351 αὐτοῦ

113 3372 160 3419 ἀπὸ
175 3375 216 3428 τῆς
232 3369 381 3432 Ξυλοπέριης
397 3370 439 3429 τῆς
453 3368 560 3431 κειμένης
573 3366 640 3429 ίγγθς
654 3373 696 3417 τοῦ
712 3366 828 3415 παλατίου
837 3366 882 3423 ἕως
898 3371 938 3421 τῆς
950 3368 1043 3428 mmm
1052 3369 1125 3426 πύλης
1136 3373 1177 3427 τῆς
1191 3369 1248 3430 πρὸς
1259 3369 1341 3425 νότον,
1351 3371 1391 3416 καὶ
1401 3369 1434 3416 ίτι
1447 3368 1493 3417 ἀπὸ
1508 3374 1548 3427 τῆς
1564 3369 1713 3435 zelantem:

113 3442 157 3496 Ιως
170 3445 211 3489 τοῦ
232 3440 382 3502 Κοσμηδίου,
394 3442 434 3489 καί
450 3440 499 3489 &ab
514 3444 557 3488 τοῦ
569 3438 638 3487 νότου
655 3440 688 3495 τίς
699 3438 784 3493 πλάτος
798 3438 854 3487 ὅσον
872 3438 1003 3499 περιέφερον
1019 3438 1114 3499 κάμπον
1131 3443 1156 3488 al
1177 3440 1287 3501 ἄμπελοι.
1301 3437 1418 3488 Similiter
1441 3437 1604 3489 chalcocoud.
1618 3455 1644 3503 p.
1657 3447 1711 3499 383,

116 3516 179 3561 5-13.
192 3511 232 3561 ct.
248 3510 367 3561 Critobnl.
385 3523 409 3562 c.
424 3516 461 3561 51.
474 3512 511 3559 De
527 3508 674 3559 stationibus
691 3520 754 3571 quas
769 3507 944 3557 Constantinus
958 3507 1016 3570 imp.
1036 3508 1139 3571 siugulis
1153 3508 1259 3559 ducibus
1282 3508 1455 3573 assignaverit,
1471 3508 1613 3559 critobulus
1631 3511 1714 3563 dicere

114 3581 230 3645 ιιερΙωιίί,
243 3580 340 3630 domin
352 3578 393 3630 bis
407 3592 507 3643 operam
519 3581 652 3645 posuerunt
660 3591 747 3642 parum
754 3578 853 3627 interae
862 3577 1041 3627 consentientes
1053 3579 1185 3629 Pbrnntaea
1197 3594 1222 3642 p.
1236 3585 1282 3629 252
1296 3593 1344 3642 ει),
1358 3578 1480 3628 Pusculus
1491 3581 1516 3638 4,
1529 3584 1642 3643 151·195,
1651 3584 1713 3632 Len·

114 3652 205 3703 nardus
215 3665 240 3715 p.
256 3656 301 3701 325
314 3664 363 3715 sq.‚
377 3651 499 3701 Barbarus
508 3663 532 3713 p.
549 3656 585 3701 te.

143 3721 157 3786 §
171 3730 195 3772 2.
210 3724 258 3779 Τήν
277 3722 413 3783 πολιορκίαν
436 3726 478 3771 τοῦ
494 3718 705 3785 Γαλατᾱ]111ιι11σ
725 3718 834 3769 conditio
851 3719 952 3781 θεῖσαι),
975 3718 1023 3769 alia
1036 3719 1259 3783 Constantinopolis
1276 3723 1335 3769 tunc
1351 3722 1412 3769 erat.
1432 3719 1489 3769 Vid.
1508 3722 1591 3769 Duces
1610 3734 1634 3783 p.
1658 3723 1712 3779 287,

115 3790 237 3841 Zbrleisen
250 3797 271 3850 1,
284 3804 308 3854 p.
327 3794 383 3851 837,
397 3790 553 3841 Mordtmann
566 3803 591 3853 p.
606 3794 649 3839 40.
663 3790 673 3852 Ι)
687 3818 715 3830 -
729 3794 841 3852 γεφυροῦν
856 3788 896 3839 τὸν
914 3806 936 3837 τ.
949 3787 1067 3852 πορθμόν]
1082 3790 1246 3839 constructus
1262 3802 1324 3851 pona
1335 3792 1465 3852 postquam
1480 3801 1556 3838 nares
1566 3802 1611 3853 per
1622 3792 1714 3841 terrem

116 3862 246 3923 ellospcro
260 3858 286 3909 in
301 3862 383 3909 cornu
401 3859 484 3910 sinum
504 3859 543 3923 (d.
563 3858 898 3921 intramuraneum
919 3860 998 3917 erant,
1018 3859 1047 3906 ut
1068 3862 1167 3907 narrant
1188 3857 1321 3907 Phraataes
1338 3872 1362 3921 p.
1384 3864 1441 3917 252,
1453 3857 1593 3907 leonardus
1612 3872 1639 3923 p.
1658 3863 1713 3920 325,

116 3932 233 3981 Ριιεσιιλυε
246 3934 274 3991 4,
291 3934 349 3989 bias
365 3930 507 3981 critobulus
527 3933 585 3980 tunc
603 3943 659 3979 eum
677 3930 813 3993 perlectum
833 3942 888 3979 esse
904 3927 1012 3979 trarlitc.
1025 3931 1073 3986 4³3
1087 3928 1291 3992 Gbelcocondylas
1302 3943 1327 3991 p.
1339 3933 1384 3978 388
1403 3931 1526 3979 structum
1543 3932 1641 3991 pontem
1659 3944 1713 3981 ease

117 4002 195 4066 prodit
207 4004 336 4066 postquam
349 4001 442 4051 obsessi
453 4014 528 4051 naves
542 4004 678 4051 'lurcorum
688 4001 713 4049 in
725 4003 824 4064 portum
836 4000 956 4051 deductas
969 3998 1113 4049 comburere
1132 3999 1224 4049 frustra
1240 4003 1394 4049 tentaverant
1406 3998 1491 4063 (April.
1505 3998 1530 4048 d.
1547 4002 1651 4051 xxviii
1662 4015 1712 4052 sec.

117 4074 234 4130 Barbara.
243 4076 289 4123 Dae
300 4074 392 4123 ttllaii
401 4073 500 4124 demum
511 4074 604 4123 lactum
615 4076 713 4137 pontem
722 4072 844 4123 essedicit
852 4073 975 4123 Barbarus
986 4086 1010 4135 p.
1018 4076 1058 4121 43.
1069 4073 1133 4121 Cum
1143 4072 1251 4122 Barbare
1262 4071 1443 4137 componendus
1456 4084 1510 4121 esse
1525 4070 1623 4123 ridetur
1631 4075 1714 4125 numi

118 4158 141 4207 p.
156 4146 209 4203 273,
225 4141 269 4204 qui
285 4142 316 4191 dc
335 4145 409 4206 ponte
425 4140 472 4192 boc
484 4143 579 4205 exponit
594 4144 725 4206 postquam
739 4146 881 4193 narraverat
898 4155 955 4205 quse
974 4155 1013 4205 ap.
1033 4141 1129 4191 critob.
1141 4156 1164 4191 c.
1177 4144 1207 4191 44
1227 4142 1349 4205 leguntur.
1372 4144 1410 4191 De
1432 4143 1557 4191 stnrctura
1569 4140 1650 4205 pcnlla
1663 4155 1714 4207 pre

118 4212 202 4263 ceteris
215 4225 239 4262 ν.
252 4212 385 4263 Phraataes
396 4216 422 4263 et
434 4213 565 4263 Barbarus.
578 4214 588 4277 Ι)
603 4239 634 4251 -
648 4212 696 4263 ἀπό
712 4230 739 4275 γε
752 4219 799 4263 τῶν
816 4212 966 4277 Κιραμικῶν)
979 4212 1027 4262 bart
1039 4228 1065 4261 τι
1073 4229 1095 4261 τ.
1109 4211 1272 4262 Κασθαναοέ.
1285 4211 1448 4263 cbalcocond.
1460 4226 1486 4275 p.
1496 4216 1551 4274 388,
1565 4217 1580 4263 8
1596 4214 1714 4278 ιγέρυραν

118 4285 215 4333 ἐποιεῖτο
229 4282 277 4333 ἀπὸ
285 4288 325 4342 τῆς
338 4285 477 4347 καταντικρὺ
486 4285 582 4349 ἠπείρου
596 4288 643 4333 τῶν
655 4284 822 4347 Κεραμαρεέων
840 4282 1006 4348 (Κρομαρείων
1023 4295 1063 4345 ap.
1077 4281 1178 4332 Gillium
1191 4281 1216 4331 ia
1233 4282 1297 4332 libro
1310 4282 1342 4331 de
1353 4284 1461 4345 Bosporo
1472 4295 1498 4345 p.
1512 4286 1555 4343 ³0)
1569 4286 1715 4345 καλουμένης

119 4354 187 4411 tarsa
201 4352 268 4401 πόλιν
282 4352 404 4413 φέρουσαν.
418 4352 442 4401 in
460 4352 550 4416 quibus
563 4353 714 4417 Κιροιμιίων,
741 4350 913 4418 officinarum
932 4352 1095 4415 stratorum,
1126 4352 1201 4413 legas.
1223 4352 1348 4402 Barbarus
1371 4364 1396 4414 p.
1411 4354 1440 4401 44
1457 4371 1464 4401 ι
1480 4354 1571 4409 werlo
1591 4357 1670 4415 ponte
1688 4366 1716 4404 σε

120 4424 207 4486 υίρνιέσ
219 4435 237 4471 a
254 4420 408 4473 desterrdere
418 4436 468 4486 per
479 4436 552 4473 meac
564 4423 683 4488 inportu
695 4422 739 4473 det
752 4422 868 4487 θίιίιιέρο.
878 4426 961 4473 Duces
968 4436 991 4486 p.
1005 4425 1059 4482 279,
1075 4427 1103 4470 1ο
1116 4424 1231 4485 :steropas
1240 4423 1327 4479 ξύλινον
1339 4422 1387 4471 σιω
1397 4426 1440 4471 τοῦ
1450 4424 1545 4471 ratast
1558 4424 1589 4478 at:
1599 4426 1714 4482 Κυνηγόν.

119 4496 189 4545 Porta
209 4492 307 4557 cynegii
325 4506 390 4543 nunc
411 4495 515 4544 vocatur
528 4498 622 4545 Aluan
641 4495 762 4557 Knpusst.
779 4494 966 4554 suburbanum,
979 4490 1047 4555 quod
1065 4492 1097 4541 ab
1111 4505 1140 4541 ea
1157 4495 1228 4555 porta
1243 4492 1715 4556 juxtasinumextenditur,1tcasnbct

122 4564 314 4627 bjemtetcov'tcr
325 4565 343 4614 i.
356 4579 378 4615 e.
386 4564 542 4617 suburbium
550 4563 702 4631 finctorem,
716 4566 837 4629 Κεραμικὰ
846 4578 890 4615 seu
905 4568 1033 4627 Κιρηιιῑα,
1042 4562 1140 4621 dicitur,
1154 4562 1221 4625 quod
1235 4576 1324 4613 nornen
1339 4576 1389 4613 sec.
1407 4562 1560 4613 Critobulum
1575 4564 1600 4612 et
1611 4563 1715 4613 chalm-

122 4634 246 4697 condylam
258 4636 317 4685 olim
335 4636 445 4687 etiamid
458 4636 569 4701 opposito
586 4635 654 4685 sinus
665 4636 749 4695 litore,
763 4636 806 4685 ubi
817 4650 882 4686 nunc
895 4634 1019 4695 noema,
1029 4633 1165 4685 obtinuisse
1177 4633 1283 4685 videtur.
1298 4634 1336 4685 lbi
1356 4634 1432 4684 etiam
1443 4632 1517 4682 bodie
1534 4632 1603 4682 sinus
1614 4632 1716 4684 intimus

120 4708 188 4767 ponte
199 4706 319 4770 jungitur.
331 4708 446 4759 Latitudo
460 4710 541 4773 pontis
554 4722 583 4759 ea
596 4710 650 4758 erat
660 4708 723 4757 ὥστε
739 4707 831 4765 ἀπόνως
846 4709 915 4757 πέντε
930 4708 992 4757 κατὰ
1010 4710 1097 4761 πλάτος
1111 4706 1243 4771 διέρχεσθαι
1254 4707 1350 4762 πεζούς,
1364 4708 1393 4754 ut
1403 4704 1438 4754 alt
1450 4706 1533 4753 Duces
1545 4718 1570 4768 p.
1586 4707 1630 4755 ato
1651 4708 1716 4755 ion·

120 4774 199 4838 gitudo
216 4777 321 4827 duomm
334 4779 410 4829 terme
423 4779 559 4829 stadiomm
573 4792 627 4828 esse
641 4776 755 4827 debebat.
769 4779 870 4829 certum
888 4781 927 4829 est
941 4777 1003 4827 laisa
1013 4781 1040 4827 et
1051 4779 1165 4840 corrupta
1182 4790 1247 4826 nune
1267 4776 1315 4839 legi
1335 4774 1401 4839 apud
1420 4774 1565 4824 Plrreotzem
1583 4788 1607 4837 p.
1624 4781 1678 4835 252,
1690 4783 1714 4838 8,

120 4846 175 4896 ubl:
188 4848 278 4911 ίχουσα
301 4852 330 4899 τὸ
349 4850 436 4906 πλάτος
463 4850 561 4915 ὀργυιῶν
584 4850 741 4910 πεντήκοντα,
755 4850 782 4899 τὸ
805 4850 830 4897 bl
850 4855 923 4913 sisa
939 4850 1036 4911 έκατόν,
1055 4850 1082 4899 et
1093 4846 1159 4911 apud
1176 4847 1328 4897 bennardum
1341 4861 1365 4910 p.
1383 4850 1427 4894 322
1450 4862 1457 4891 ι
1477 4844 1647 4907 ἱοιιρίίυιίέιιέε
1659 4852 1715 4898 stc·

121 4918 222 4969 attonita
240 4922 343 4971 circiter
356 4920 476 4983 triptota.

150 4988 198 5052 §tt
211 4990 312 5047 Ξυλίνης
333 4990 421 5053 πύλης)
434 4992 494 5040 llaec
511 4993 583 5055 porta
596 5002 660 5039 nunc
674 4988 757 5039 clausa
774 4990 844 5051 iuxta
866 4992 964 5053 portam
976 4989 1084 5053 cynegii.
1099 4988 1109 5051 Ι)
1127 5015 1159 5025 -
1175 4992 1223 5036 τῶν
1240 4984 1381 5051 βασιλίσιν]
1392 4984 1526 5047 11ο1νίοιιιί,
1546 4986 1605 5037 bod.
1619 4988 1717 5053 welfus·

121 5059 205 5177 8ερσ1,
220 5071 296 5124 prope
314 5059 381 5122 quod
400 5060 520 5123 caligaris
533 5063 603 5124 porta
619 5062 681 5112 erat.
697 5059 710 5121 1)
724 5086 754 5095 -
766 5065 806 5119 τῆς
821 5061 951 5126 Χαρισοῦς]
966 5063 1044 5124 porte
1057 5058 1279 5122 adrianopolitana
1290 5070 1335 5107 seu
1355 5054 1458 5106 ndreae
1473 5058 1603 5120 Καριαεῖ,
1614 5063 1644 5109 ut
1657 5059 1717 5111 mibi

122 5128 224 5179 rietur.
237 5132 268 5178 v.
282 5133 333 5178 not.
345 5130 378 5179 ad
386 5142 439 5193 cap.
456 5137 495 5179 23.
