3809 5859
536 363 715 425 HlSTOlRE
737 363 789 423 DU
811 351 939 423 REGNE
963 362 1012 420 DE
1033 360 1224 422 TlRlDATE.
1629 362 1688 422 159

73 511 155 578 οἰΙὸε,
169 518 197 563 et
205 549 214 577 ,
229 516 355 582 prenant
373 506 437 560 leur
450 503 512 572 vol,
521 502 556 555 ils
569 501 682 555 vinrent
695 515 725 553 se
739 497 856 570 joindre
911 508 939 552 et
952 507 1032 552 toute
1044 497 1071 552 la
1082 495 1169 564 loule‚
1180 496 1229 552 des
1243 495 1346 571 qu’elle
1358 495 1427 552 l'sut
1438 497 1582 570 entendu,
1599 517 1628 554 sc
1638 500 1691 553 nrit

73 617 125 654 aux
141 598 276 652 cobortes
287 602 487 668 rayennantcs.
508 593 541 645 Et
552 591 573 644 il
594 589 679 644 ceula
690 607 731 642 un
749 597 858 644 torrent
911 585 1088 642 ardemment
1109 586 1267 641 il’oeuvre.
1281 586 1319 640 ils
1342 585 1530 660 entassdrent,
1554 586 1625 642 dans
1650 588 1690 642 les

74 687 108 742 de
123 686 174 741 feu
192 685 243 759 qui
258 692 390 758 emporta
407 682 446 736 les
460 681 560 753 loups‚
579 689 607 733 et
622 674 654 752 je
673 678 859 750 contemplais
912 673 1040 729 endroits
1051 673 1199 748 indiquds‚
1215 676 1255 730 les
1266 693 1319 730 uns
1329 674 1378 730 des
1391 675 1530 744 cailloux,
1542 676 1582 730 les
1595 687 1690 732 autres

75 786 171 830 tontes
187 792 235 830 ces
255 773 354 828 choses
368 787 437 825 avec
452 770 668 824 e'tonnement...
912 763 948 816 de
958 781 1065 838 grosses
1075 765 1191 837 pierres,
1203 765 1402 838 quelquesuns
1411 763 1461 820 des
1468 764 1597 838 briques,
1609 766 1691 839 quel-

115 857 239 941 [§120,]
317 884 331 909 ι
344 861 381 914 Et
390 876 429 913 on
439 856 614 912 entenditun
624 853 716 931 grand
727 854 859 910 tremble-
913 869 982 925 ques
997 862 1091 906 autres
1114 852 1163 908 des
1174 852 1287 920 cedres‚
1303 864 1332 907 et
1343 851 1378 907 ils
1392 852 1564 927 disposaient
1581 854 1690 926 chaque

75 963 155 1010 ment
166 952 203 1008 de
213 962 302 1022 terre;
313 958 360 1018 et,
374 949 488 1020 lorsque
498 946 523 1001 le
530 943 599 1017 jour
611 951 714 1018 parnt,
729 943 756 998 la
768 943 859 998 vision
913 940 1012 1008 chose,
1028 942 1144 1016 remplis
1157 940 1193 996 de
1206 938 1267 1016 joie
1281 952 1310 997 et
1322 943 1453 1015 penetres
1467 941 1494 997 d’
1504 960 1561 998 nne
1582 942 1692 1017 grande

75 1041 246 1098 srpvanoup,
914 1029 1031 1083 erainte.
1043 1030 1180 1103 Gregoire
1189 1030 1351 1099 lui-meme,
1364 1031 1521 1104 prenuntle
1529 1031 1633 1086 nireau
1643 1030 1693 1087 des

113 1128 147 1207 [ᾗ
164 1126 246 1203 m]
326 1149 339 1175 ι
357 1121 430 1181 C’est
440 1122 587 1197 pourquoi
598 1121 619 1174 il
630 1118 686 1176 m’a
700 1118 812 1176 devoile‘
823 1137 859 1174 en
913 1135 1043 1191 macons,
1057 1116 1141 1187 jetait
1150 1119 1189 1173 les
1203 1117 1382 1174 sondements
1394 1118 1430 1174 de
1442 1120 1470 1174 la
1486 1119 1615 1195 chapelle
1628 1119 1694 1175 des-

75 1237 163 1293 songe
183 1215 311 1284 l'avmir,
331 1231 408 1288 pour
425 1230 481 1286 que
496 1211 525 1282 je
544 1228 617 1266 vous
631 1211 660 1264 le
674 1217 809 1276 raconte‚
832 1217 860 1262 et
914 1207 989 1260 tinee
1002 1223 1040 1261 an
1051 1223 1138 1280 repos
1151 1205 1201 1261 des
1220 1218 1366 1279 martyres.
1387 1209 1478 1264 Toute
1493 1208 1521 1264 la
1539 1208 1693 1264 multitude
1779 1279 1783 1288 Ι
1840 1233 1848 1246 ·

914 1295 983 1347 dtuit
995 1311 1139 1350 aecouruc
1161 1295 1243 1350 'ason
1263 1294 1343 1364 aide;
1359 1297 1393 1350 ils
1411 1298 1549 1354 elevaient
1571 1296 1694 1353 Pedifloe

913 1384 1027 1438 suivant
1046 1403 1087 1438 un
1101 1385 1169 1458 plan
1190 1383 1258 1439 bien
1271 1386 1371 1440 arreti.
1396 1387 1512 1460 Chaque
1532 1387 1648 1443 homme
1664 1405 1694 1441 se

77 1325 132 1380 que
156 1323 187 1361 sa
207 1304 328 1360 volonte'
350 1293 558 1374 s'accomplisse
579 1297 697 1354 aussitdt
718 1315 755 1352 en
778 1313 858 1352 vous.

76 1397 257 1452 iliter-vous
274 1391 368 1466 done,
379 1407 451 1445 vous
464 1389 552 1456 aussi,
567 1387 732 1442 d’exe'cuter
743 1401 786 1440 scs
794 1387 860 1459 prd-

78 1494 185 1557 ceptes.
199 1483 308 1550 Vener,
321 1480 438 1534 elevans
454 1476 503 1532 des
522 1476 662 1550 chapelles
676 1492 752 1549 pour
767 1485 860 1529 trans-

77 1571 153 1627 sirer
168 1572 210 1626 les
223 1579 359 1643 martyres
374 1567 445 1622 dans
456 1567 483 1620 lc
496 1566 555 1620 lieu
568 1564 606 1620 du
621 1581 720 1638 repes,
739 1574 768 1619 et
781 1564 861 1618 elles-

77 1662 184 1716 mdmes
197 1676 268 1714 vous
282 1666 513 1732 encourageront
526 1653 542 1708 a
556 1671 629 1708 vous
643 1652 828 1708 renonveler.·
845 1677 856 1700 ν

431 1829 506 1883 CllI.

119 2006 217 2076 Ayant
232 2001 277 2058 dit
290 2019 335 2056 ces
350 2010 446 2068 mots,
462 1995 602 2072 Gre'goire
618 1997 749 2054 ordonna
774 1998 862 2073 qn’on

77 2092 218 2168 preparat
229 2089 346 2146 aussitdt
359 2087 400 2144 les
412 2088 571 2143 materiam
589 2105 666 2161 pour
685 2090 860 2156 construis-e,

81 2293 107 2352 δὲ
123 2299 208 2353 ταῦτα
221 2294 290 2351 ἄλλα
304 2291 458 2370 γεννήματα
470 2289 660 2370 προετέθησαν,
673 2286 719 2348 καί
730 2287 756 2357 ἐξ
768 2290 855 2347 αὐτῶν

81 2405 152 2457 τινα,
164 2379 314 2440 εἰσελθόντα
326 2381 361 2446 είς
374 2377 513 2451 radiare,
524 2377 667 2458 ἐπέρασαν,
682 2377 729 2437 καί
740 2377 774 2437 eh
785 2380 861 2458 ripale

82 2472 156 2530 λύκοι
167 2469 285 2549 ἐγίνοντο
297 2469 424 2546 piasset,
434 2469 480 2526 καὶ
493 2468 704 2548 ὁρμήσαντεςείς
717 2468 796 2546 μέσον
811 2473 863 2528 τῶν

83 2560 222 2638 ποιμνίων,
233 2558 348 2639 ἤρξαντο
358 2559 479 2640 σροίζειν,
497 2558 543 2615 καί
557 2560 657 2627 πλῆθος
676 2554 787 2634 αίματος
808 2557 864 2626 ἐξε-

83 2648 160 2728 χύθη.
180 2646 233 2707 Καὶ
245 2650 280 2714 ὣς
291 2645 331 2705 ἔτι
349 2646 484 2726 ἐθεώρουν,
499 2643 648 2726 ἀνερύησαν
671 2645 796 2727 πτέρυγες
811 2657 865 2717 τοῖς

83 2736 233 2810 ποιμνίοις,
257 2734 303 2794 καί
327 2733 448 2813 ίγίνοντο
467 2733 606 2813 πτερωτὰ,
629 2734 675 2792 καί
701 2739 864 2799 πεταοθίντα

85 2823 271 2902 ἀνελήρθηοαν
282 2824 316 2889 εἰς
329 2823 376 2889 τὰς
392 2819 517 2900 στρατιὰς
532 2827 577 2880 τοῦ
592 2820 693 2901 φωτὸς,
708 2823 753 2882 καί
770 2823 865 2899 ἀνίστη

85 2911 276 2987 κατακλυσμὸς
287 2911 380 2991 πυρὸς,
390 2910 435 2969 καί
452 2909 531 2990 σύρας
550 2908 672 2971 ἀπώλεσε
689 2909 746 2979 τοὺς
761 2911 866 2981 λύκους·

87 2999 141 3079 ἐγὼ
158 2999 186 3058 δὲ
197 2999 319 3068 ἀτενίζων
333 2998 482 3075 ἐθαύμασα.

127 3091 146 3165 S
172 3108 241 3147 rao.
266 3129 331 3149 ......
352 3088 411 3166 περὶ
440 3089 483 3146 τὸν
506 3086 599 3169 ὄρθρον
619 3087 726 3166 σεισμὸς
747 3091 865 3170 ἐγένετο,

86 3175 132 3237 καί
149 3177 288 3250 παρῆλθεν
302 3176 332 3234 τὸ
345 3175 441 3256 ὅραμα.

913 1471 1024 1526 mettait
1038 1491 1075 1527 au
1090 1474 1205 1541 travail;
1220 1473 1259 1527 les
1276 1472 1391 1528 femmes
1401 1476 1472 1529 aussi
1482 1475 1625 1550 prdtaient
1634 1476 1695 1530 leur

914 1561 1079 1630 assistance,
1101 1563 1222 1616 suivant·
1235 1563 1263 1616 la
1281 1561 1411 1617 laiblesse
1432 1562 1469 1618 de
1489 1564 1566 1619 leurs
1590 1563 1693 1622 forces.

914 1649 1039 1704 Ainsiiis
1058 1651 1248 1705 travaillaient
1262 1662 1327 1706 tous
1348 1651 1493 1708 ensemble
1513 1669 1582 1709 avec
1606 1653 1647 1708 foi
1668 1664 1697 1708 et

913 1738 991 1791 saisis
1005 1737 1042 1792 de
1057 1740 1182 1813 crainte,
1194 1737 1251 1794 afin
1261 1739 1332 1812 qu’il
1342 1759 1378 1795 ne
1392 1741 1480 1796 restat
1491 1759 1633 1815 personne
1647 1742 1701 1814 qni·

913 1843 950 1880 ne
960 1827 1114 1902 participat
1128 1845 1184 1882 aux
1205 1829 1303 1904 graces
1321 1829 1477 1886 salutaires
1494 1832 1530 1885 Et
1544 1830 1578 1885 ils
1598 1828 1695 1884 eleve-

915 1925 979 1968 rent
990 1916 1060 1970 trois
1071 1914 1220 1990 chapelles,
1235 1916 1310 1971 l’une
1318 1916 1358 1972 du
1368 1918 1433 1972 cdte
1447 1917 1523 1974 dela
1535 1918 1604 1974 ville
1616 1928 1698 1974 entre

915 2001 941 2055 lc
951 2002 1027 2057 nord
1039 2012 1067 2057 et
1079 2003 1104 2057 le
1115 2004 1226 2072 levant,
1238 2003 1266 2059 lis
1277 2005 1316 2059 oh
1324 2004 1367 2059 fut
1377 2007 1697 2080 martyriseeHripsime

915 2109 984 2146 avec
998 2109 1042 2147 ses
1051 2095 1230 2148 trente-trois
1243 2112 1430 2169 compagum,
1442 2106 1472 2150 et
1482 2089 1520 2151 ils*
1529 2096 1696 2152 construisi-

917 2299 995 2350 aqnas
1013 2289 1111 2339 inerant
1127 2289 1244 2353 mnan,
1261 2291 1442 2352 hausiverunt,
1458 2294 1485 2342 et
1495 2291 1550 2356 agni
1568 2293 1627 2344 laeti
1640 2295 1699 2344 sunt

917 2375 995 2439 nigri,
1012 2377 1184 2442 ἰττυευίεορυο
1196 2378 1223 2428 in
1236 2379 1347 2430 medium
1362 2394 1478 2446 gregum,
1493 2384 1620 2445 ooepemnt
1645 2396 1695 2432 ma·

917 2465 997 2524 ctare,
1007 2467 1033 2515 ct
1050 2465 1158 2516 multum
1175 2467 1300 2531 sanguinis
1311 2468 1419 2519 etinsum
1438 2471 1486 2518 est.
1500 2471 1532 2519 Et
1547 2483 1605 2520 eum
1617 2469 1698 2521 mbae

919 2553 1104 2616 contemplarer,
1115 2554 1229 2619 gregibus
1235 2557 1301 2606 nata
1312 2561 1372 2608 sunt
1379 2557 1434 2619 ale,
1444 2557 1551 2621 laetique
1561 2559 1621 2610 sunt
1629 2559 1697 2620 elati,

919 2643 944 2690 et
956 2641 1069 2691 volantes
1082 2640 1115 2691 ad
1134 2642 1231 2706 agmina
1247 2643 1312 2694 lueis
1327 2645 1450 2709 assumpti
1463 2647 1522 2696 sunt
1543 2666 1550 2695 ι
1574 2648 1601 2696 et
1613 2648 1698 2696 ortum

919 2733 959 2779 cst
972 2729 1095 2780 diluvium
1107 2731 1186 2795 ignis,
1198 2732 1349 2796 habensque
1362 2733 1471 2797 perdidit
1480 2734 1564 2798 lupos.
1575 2736 1628 2798 Ego
1640 2730 1700 2784 iero

921 2818 1042 2883 aspiciens
1058 2820 1161 2870 miratus
1172 2833 1237 2870 sum.

953 3111 968 3175 §
983 3117 1034 3162 120.
1051 3149 1099 3162 .....
1111 3113 1182 3163 Circa
1193 3127 1307 3164 aumram
1319 3119 1404 3166 motus
1414 3119 1557 3179 estractus,
1570 3124 1595 3170 et
1606 3121 1702 3171 transiit

922 3211 993 3248 visre.

706 3361 829 3423 CAPUT
850 3365 1090 3426 UNDECIMUM.

131 3525 258 3602 Templa
272 3523 420 3598 edificata
434 3539 446 3580 .·
460 3539 519 3582 rea
529 3529 653 3584 sanativa
667 3545 733 3587 cum
750 3527 862 3606 populo
876 3546 887 3584 .·
901 3527 984 3586 idola
1000 3528 1101 3586 matta
1115 3530 1148 3588 in
1168 3532 1332 3605 memoriis
1346 3530 1503 3608 confracta
1517 3541 1546 3594 et
1560 3543 1662 3612 penten

819 3626 975 3684 institute.
1073 3621 1084 3637 ⁴

130 3824 231 3898 5121.
258 3868 318 3887 .....
344 3825 396 3885 Διὰ
413 3834 490 3888 τοῦτο
510 3829 556 3888 καί
574 3829 622 3901 τὴν
643 3831 696 3888 τῶν
723 3825 871 3906 μελλόντων

93 3911 182 3989 ὅρασιν
197 3911 292 3982 ἔδειξέν
308 3937 352 3990 μοι
368 3915 546 3995 διηγήσασθαι
556 3921 630 3996 ὑμῖν,
642 3915 712 3978 ὥστε
725 3917 755 3977 τὸ
768 3915 872 3993 θέλημα

94 4003 171 4057 αὐτοῦ
190 4003 216 4059 lv
237 4007 299 4074 ύμῖν
314 4008 358 4062 νῦν
386 4007 606 4080 ἀποτελεσθῆναι.
624 4007 719 4084 Ὑμεῖς
738 4003 766 4064 δὲ
786 4005 872 4063 σπεύ-

94 4110 156 4146 σατε
172 4089 236 4168 πρὸς
255 4089 305 4162 τλν
326 4092 454 4173 διαταγῆν
480 4095 528 4168 τὴν
548 4101 613 4177 παρ’
637 4099 717 4154 αὐτοῦ
739 4097 872 4174 ῥηθεῖσαν.

93 4179 177 4234 Δεῦτε
193 4177 392 4256 μετενίγκωμεν
411 4181 470 4250 τοὺς
494 4184 628 4264 μάρτυρας
650 4187 685 4249 εἷς
711 4182 872 4253 ἀνάπαυσιν,

93 4263 168 4331 ὅπως
185 4266 231 4324 καὶ
244 4267 317 4326 αὐτοὶ
335 4271 403 4346 ὑμᾶς
416 4273 607 4350 μετενίγκωσιν
627 4276 663 4340 εἰς
687 4270 873 4330 ἀνακαίνωσιν.

136 4355 226 4413 Τοῦτο
237 4353 264 4413 dl
278 4355 371 4432 εἰπὼν,
378 4359 499 4421 ἐκέλευσε
510 4363 544 4419 τὰ
555 4363 620 4443 πρὸς
632 4361 680 4434 τὴν
695 4359 834 4436 οἰκοδομὴν
846 4363 872 4418 ἐν

93 4442 151 4508 τοῖς
173 4444 393 4524 προτεταγμένοις
407 4448 516 4516 τόποις·
534 4449 685 4528 κομίζοντες
694 4452 718 4507 ol
731 4448 778 4526 μὲν
790 4447 873 4522 λίθον,

93 4528 160 4587 οἶδὲ
179 4529 298 4608 πλίνθον,
311 4535 335 4593 οἱ
355 4532 383 4592 δὲ
403 4534 509 4614 κέδρινα
525 4537 587 4607 ξύλα
604 4541 629 4597 ἐν
643 4537 788 4616 σἰγαθότητι
807 4561 875 4618 καρ*

94 4617 152 4684 δίας
163 4619 211 4676 καί
228 4620 329 4700 σπουδῇ
343 4621 389 4680 καί
408 4623 492 4707 ρόὸῳ.
509 4627 593 4693 Αὐτὸς
604 4626 631 4684 δὲ
646 4631 659 4685 ὁ
681 4625 753 4705 ἅγιος
774 4623 877 4704 Γρηγύ-

95 4727 164 4783 ριος,
182 4706 325 4766 ἀναλαὸὼν
347 4709 377 4768 τὸ
389 4714 441 4770 τῶν
459 4713 603 4791 οἰκοδόμων
620 4715 764 4795 σπαρτίον,
781 4713 814 4772 τὰ
836 4721 877 4774 θε-

95 4795 177 4870 μέλια
189 4797 243 4852 τῶν
253 4799 325 4854 ναῶν
338 4797 461 4879 ἐχάραξε,
476 4802 520 4861 καί
538 4803 648 4870 ἕκαστος
662 4806 690 4862 ἔκ
702 4807 748 4862 τοῦ
762 4801 877 4872 πλήθους

94 4881 223 4962 ρροντίδα
243 4884 453 4962 ἀναδεξάμενος,
474 4891 608 4972 καλλίστῳ
621 4891 778 4972 χαράγματι
802 4893 878 4970 εὐαρ-

95 4971 204 5047 μόστως
218 4971 276 5042 τοὺς
284 4973 420 5050 θεμελίους
435 4978 575 5038 κατέθεντο
587 4981 622 5046 εἷς
632 4979 820 5056 ἐκδωμάτωσιν
831 4983 878 5052 τῆς

96 5061 257 5137 οἰκοδομῆς,
273 5061 379 5123 πάντων
394 5074 472 5144 χεῖρα
488 5066 631 5145 ὀρεξάντων
651 5069 687 5134 εἷς
711 5067 742 5126 τὸ
764 5066 838 5146 ἔργον
851 5069 878 5124 ἐν

94 5144 187 5205 πίστει
197 5149 244 5207 καί
257 5149 332 5231 ρύὸῳ
348 5153 469 5235 μεγάλῳ,
482 5155 572 5223 δεδιὼς
583 5147 796 5232 ἕκαστος’μήπως
808 5155 879 5214 dora·

960 3825 975 3889 §
994 3828 1047 3875 tat.
1066 3863 1113 3874 .....
1123 3827 1176 3875 Hae
1190 3826 1221 3876 da
1230 3839 1305 3876 causa
1316 3829 1343 3878 et
1357 3827 1498 3880 futurorum
1513 3831 1632 3881 visionem
1643 3829 1704 3882 mibi
1739 3893 1743 3897 ,

927 3913 1048 3973 ostendit,
1058 3915 1087 3962 ut
1099 3916 1154 3962 eatn
1165 3913 1234 3963 vobis
1246 3927 1401 3978 enarrarem,
1415 3931 1466 3980 qno
1485 3919 1600 3968 voluntas
1611 3919 1664 3983 ejus
1677 3920 1703 3969 in

928 4001 999 4050 vobis
1007 4002 1080 4051 modo
1090 4003 1239 4066 perficiatur.
1249 4008 1300 4054 vos
1312 4018 1370 4056 vero
1384 4006 1499 4057 festinate
1511 4006 1544 4056 ad
1552 4008 1706 4071 implendum

928 4091 1072 4142 mandatum
1083 4092 1114 4141 ab
1123 4106 1152 4141 eo
1162 4092 1234 4143 vobis
1242 4094 1401 4145 decimatum.
1412 4096 1514 4158 Venite,
1528 4097 1706 4148 transieramus

928 4184 1048 4242 martyres
1060 4181 1091 4230 ad
1104 4182 1233 4244 requiem,
1247 4184 1314 4234 utet
1327 4184 1363 4234 illi
1376 4197 1421 4235 vos
1438 4185 1574 4249 perdurant
1588 4187 1619 4236 ad
1632 4199 1704 4237 reno·

930 4271 1062 4323 rationem.

960 4365 1014 4412 lloe
1031 4361 1075 4412 nbi
1095 4361 1206 4422 ductat,
1229 4364 1356 4415 mandavit
1383 4366 1520 4416 neumata
1541 4365 1572 4415 ad
1597 4365 1706 4416 aedifica·

932 4451 1023 4502 tionem
1050 4451 1077 4500 in
1105 4452 1239 4516 desigmtis
1266 4452 1335 4503 loeis.
1362 4453 1514 4504 adserebant
1536 4453 1579 4504 alii
1600 4455 1707 4518 lapides.

930 4539 971 4588 alii
983 4539 1087 4601 lateres,
1101 4538 1142 4589 alii
1155 4539 1221 4604 ligna
1231 4539 1339 4602 cedrina
1352 4554 1409 4592 curn
1421 4539 1531 4593 bonitate
1544 4542 1638 4604 cordis,
1653 4543 1708 4593 dili-

930 4629 1012 4692 gentia
1025 4631 1051 4679 et
1062 4629 1160 4679 timore.
1170 4633 1226 4692 lpse
1237 4643 1297 4679 vero
1308 4631 1410 4680 saneim
1422 4630 1569 4694 Gregorius,
1579 4635 1708 4696 assumpto

931 4717 1106 4768 aedificantium
1120 4718 1242 4780 ianiculo,
1256 4717 1415 4770 fundamenta
1423 4720 1572 4783 templorum
1585 4719 1706 4784 signavit,

931 4809 958 4856 et
970 4807 1058 4871 singuli
1071 4821 1086 4858 e
1098 4807 1264 4871 multitudine,
1281 4823 1366 4861 euram
1376 4808 1527 4872 exhibentes,
1542 4809 1709 4873 pulcherrimo

932 4895 1017 4947 ordine
1035 4895 1128 4960 lapides
1143 4895 1337 4950 fundamentales
1353 4898 1469 4948 concinna
1488 4897 1657 4962 deponebant,
1676 4895 1708 4945 ad

933 4987 1084 5038 structuram
1097 4984 1209 5047 aedilicii,
1222 4985 1338 5038 omnibus
1349 5000 1450 5037 manum
1468 5000 1541 5050 opere
1554 4983 1708 5036 admoventi-

932 5074 982 5124 bus
990 5088 1048 5126 cnm
1058 5075 1140 5126 iideet
1148 5075 1237 5126 timore
1245 5089 1343 5140 magno,
1353 5076 1421 5138 qued
1435 5074 1603 5137 unusquisque.
1613 5065 1710 5122 melue-

934 5165 974 5214 ret
982 5200 989 5225 ,
996 5177 1028 5214 ne
1039 5165 1120 5214 lorsan
1131 5166 1218 5228 postea
1231 5165 1334 5215 salutari
1346 5162 1425 5228 gratia
1433 5161 1565 5212 sanationis
1573 5159 1707 5211 excideret.
