3809 5859
186 400 190 403 -
234 353 292 414 {34

232 478 446 591 κατακαιγόντων
455 477 612 550 stitione
596 479 698 537 ανοικτί
706 524 714 550 ,
723 482 776 536 τῶν
787 504 819 557 με
820 504 835 537 ν
848 478 1009 557 βιαζομένων

221 578 300 629 πᾶσι
314 567 420 650 τρόποις
433 566 491 627 ἔσω
503 571 548 626 τοῦ
562 566 704 646 τειχίσματ
694 589 732 634 ος
746 570 900 648 παρελθεῖν,
912 571 965 627 τῶν
983 569 1010 629 δὲ

233 656 407 735 ἀμυνομένων
426 654 580 737 ἐρρωμένως
601 653 646 712 καὶ
669 656 717 713 οὐκ
742 654 853 713 ἐώντων.
877 658 919 732 (ι)
929 657 1011 722 Τέλος

236 744 461 825 ὑπερισχύσαντες
472 748 495 803 οί
507 768 553 803 του
536 740 698 816 βασιλέως
711 742 840 802 κτείνουσί
854 767 884 803 τε
899 744 1012 810 πολλοὺς

232 834 320 891 αὑτῶν
333 832 379 891 καί
401 831 557 911 βιασάμενοι
572 829 625 888 ἔσω
643 835 689 888 τοῦ
706 830 811 909 πρώτου
825 830 870 889 καί
890 832 1011 910 δευτέρου

203 990 206 998 ¹
234 917 685 999 γίνονταιτείχους,καίμαχόμινοι
697 918 1012 998 ἰσχυρῶςκαταδιώκουσί

232 1030 262 1066 τε
272 1004 365 1075 αὑτοὺς
378 1007 447 1067 καί
434 1012 588 1077 ,υνωθοῦσιν
601 1007 626 1071 ές
637 1003 712 1076 τὴν
695 1028 795 1085 ακραν
805 1028 830 1064 οι
820 1004 870 1064 ’δέ
884 1008 911 1073 ές
922 1007 1011 1065 στενὸν

233 1097 330 1172 κομιδῆ
344 1094 464 1163 ξυνελαθέ
452 1118 521 1161 ντες
535 1116 581 1153 και
570 1092 635 1169 μί
631 1092 751 1171 ,ἔχοντες
764 1092 780 1151 ό
791 1116 818 1152 τι
829 1092 875 1152 καί
889 1096 1012 1173 δράσαιεν

234 1182 359 1249 ὑδατος’
344 1184 442 1264 απορίφ
461 1181 559 1240 καί
524 1205 576 1239 των
600 1180 765 1259 ἀναγκαίων,
781 1182 868 1239 ἄλλ’
855 1183 1011 1261 απογνόντες

231 1279 286 1343 τοῖς
310 1271 381 1338 ὅλοις
401 1269 577 1349 παραδιδόασι
593 1276 659 1348 σφᾶς
676 1268 771 1335 αὐτοὺς
787 1271 891 1348 βασιλεῖ
907 1272 1008 1350 χρήσα·

236 1363 296 1417 σθαι
310 1360 325 1418 δ
335 1382 360 1416 τι
367 1358 413 1418 καί
423 1356 551 1438 βούλοιτο.
569 1358 599 1434 (ο)
610 1354 738 1421 Βασιλεύς
748 1354 775 1413 δέ
786 1355 844 1422 τοὺς
856 1354 903 1432 μὲν
916 1355 1012 1436 ἄνδρας

237 1446 372 1507 ἐκέλευσεν
391 1448 580 1525 ἀποσφαγῆναι
598 1440 698 1509 πάντας
718 1441 791 1509 εύθὺς
805 1441 861 1501 ὅσοι
880 1444 1011 1522 περιελεί·

236 1538 338 1614 ιρθησαν
361 1536 399 1614 τῷ
421 1532 547 1611 πολέμῳ,
567 1531 727 1610 τριακοσίους
751 1529 841 1603 ὄντας,
862 1532 959 1599 παῖδας
983 1532 1010 1591 δέ

235 1621 278 1681 καὶ
293 1630 418 1699 γυναῖκας
430 1620 657 1701 ἠνδραποδίσατο,
671 1617 721 1690 τῆν
737 1616 765 1677 δέ
786 1618 914 1697 πολίχνην
928 1623 1009 1681 κατέ-

235 1732 286 1769 σκα
308 1734 331 1767 ε.

274 1713 368 1858 λίίΧΙΙ.
391 1795 469 1857 Μετδ
493 1792 522 1854 δέ
548 1800 625 1854 τοῦτο
656 1796 697 1873 ἔφ’
718 1791 804 1873 ἕτερον
838 1793 1009 1874 προσελαύνει

234 1885 355 1967 φρούριον
370 1884 393 1944 Ι
395 1882 512 1963 αρδικιον
525 1882 700 1959 καλούμενον,
713 1882 898 1939 ἀνάλωτον’
860 1905 947 1955 παντη
963 1882 1009 1942 καί

234 1972 419 2054 ὀχυρώτατον·
439 1972 507 2051 άκρα
525 1962 606 2050 γδρ
589 1995 620 2043 ην
640 1968 765 2080 ιβλίῆατος
775 1970 848 2049 παρὰ
860 1969 908 2042 τὴν
919 1970 1009 2031 ἔσοδον

234 2068 280 2120 τοῦ
298 2060 444 2139 μεγάλου
429 2083 503 2138 ορους
522 2064 618 2131 τῆς..
593 2057 735 2137 Σπάρτης,
750 2060 765 2116 δ
783 2058 815 2128 δὴ
834 2058 918 2136 Ζυγδς
934 2060 1009 2137 λέγε-

233 2173 297 2227 ται,
318 2149 405 2228 ἄκρως
428 2148 560 2226 α’νίχουσα
585 2169 630 2205 και
648 2144 821 2225 ὑπερκειμένη
848 2150 958 2227 κρημνῷ
980 2169 1010 2206 τι

234 2238 352 2317 μεγίστῳ
380 2235 427 2296 καὶ
453 2238 569 2316 φάραγγι
595 2233 701 2314 βαθεία,
724 2236 751 2291 έν
772 2232 861 2292 κύκλω
882 2236 1009 2294 πάντοθεν

182 2354 193 2375 ⁰
233 2324 431 2437 περιειργομένη
446 2324 491 2382 καί
501 2322 747 2404 κατησφαλισμένη,
761 2331 810 2402 μεθ
822 2296 898 2379 δέ’
837 2345 930 2401 μονγΙ
941 2346 1011 2403 παρ-

233 2416 285 2495 όδιμ
303 2414 349 2473 καί
367 2412 452 2492 ταύτῃ
468 2410 629 2505 βραχεία
601 2434 649 2483 την
672 2409 762 2470 ἔσοδον
781 2412 895 2489 ἔχουσα·
916 2434 971 2489 παρ
973 2411 1009 2470 ’δ

234 2507 280 2565 καὶ
295 2500 364 2561 πολύ
376 2524 402 2560 τι
417 2486 563 2571 πλῆθος
527 2523 580 2558 των
593 2496 783 2577 ἀστυγειτόνων
798 2498 898 2576 ἀνδρῶν
916 2522 946 2558 τε
964 2499 1009 2557 καί

234 2592 365 2670 γυναικῶν
380 2589 427 2648 καί
456 2588 558 2647 παίδων
578 2589 689 2646 ἐνταῦθα
715 2580 1010 2697 ξυγκαταπεφευγδςῆν

234 2679 313 2739 διὰ
290 2702 320 2741 το
332 2678 450 2788 δρφαλές
463 2700 509 2736 του
527 2676 635 2757 χωρίου·
645 2678 747 2734 τοδτοδ
750 2666 841 2746 ἦν’
813 2678 899 2741 αυτοῖς
908 2673 1012 2755 όλεθρος

233 2767 379 2874 προφανής.
399 2764 433 2844 (ν)
451 2763 580 2832 Βασιλεύς
594 2765 646 2843 γάρ
660 2762 755 2830 έλάσας
768 2764 852 2842 τοιύτγΙ
867 2763 913 2823 και
929 2787 962 2821 στ
952 2788 1009 2842 ρα-

234 2854 344 2912 τόπεδον
354 2853 460 2929 θέμενος
468 2851 502 2910 τδ
512 2852 559 2928 μέν
569 2856 664 2931 πρῶτα
672 2851 786 2929 λόγοις
774 2860 895 2931 επειρᾶτο
904 2851 1010 2917 τούτους

235 2940 436 3020 ὑπαγαγέσθαι,
454 2944 505 3006 σῶς
519 2931 585 2999 ε’ίναι
602 2939 759 3020 βουλόμενος
776 2940 822 2999 καί
835 2942 924 2999 κακῶν
942 2941 1010 2997 ἀπα·

235 3031 304 3104 θεῖς,
317 3031 353 3094 ώς
371 3026 393 3087 δ’
407 3029 455 3087 ούκ
477 3026 579 3099 ἔπειθε,
594 3028 683 3105 κύκλῳ
707 3024 841 3106 περισχὼν
865 3024 959 3093 αύτούς
973 3030 1009 3105 τῷ

235 3117 342 3195 στρατῷ
354 3114 398 3173 καὶ
412 3113 587 3180 κατακλείσας
601 3117 714 3192 ἰσχυρῶς
728 3114 871 3190 ἐφύλαττε,
881 3114 952 3191 λιμῷ
964 3114 1009 3171 καί

235 3203 305 3281 δίψει
326 3202 431 3268 τούτους
455 3204 659 3281 ἐκπολιορκῆσαι
680 3198 852 3276 βουλόμενος,
867 3201 913 3257 καί
932 3198 969 3275 μὴ
985 3201 1010 3267 ἐς

233 3289 322 3369 χωρία
337 3288 497 3369 ἀπόκρημνα
510 3288 555 3348 καί
571 3285 669 3360 ἀνάντη
684 3289 741 3365 εἰκῇ
757 3286 803 3347 καί
818 3289 904 3362 μάτην
921 3290 1007 3345 όπολ-

235 3377 311 3438 λύναι
326 3375 386 3445 τοὺς
406 3377 580 3455 στρατιώτας.
602 3375 634 3457 (t)
648 3379 684 3436 Οί
699 3376 726 3435 δέ
742 3377 807 3453 μίαν
820 3374 853 3445 δὴ
867 3375 912 3433 καί
927 3375 1009 3451 μόνην

236 3466 338 3544 ἡμέραν
352 3462 582 3530 κατακλεισθέντες
597 3466 693 3534 αὑτοῦ,
708 3462 794 3521 οὑκίτι
808 3461 927 3540 ἀντέχειν
942 3462 1009 3533 ἠδύ-

236 3577 330 3627 ναντο,
345 3552 414 3611 αἰλλδι
429 3553 500 3631 λιμῶ
512 3551 557 3610 καί
572 3552 641 3632 δίψει
659 3550 705 3610 καί
720 3551 805 3627 πνίγει
823 3550 957 3627 καύματος
971 3550 1010 3609 θέ-

236 3665 295 3722 ρους
315 3641 371 3722 ώριρ
394 3641 439 3700 καλ
460 3640 577 3722 τῇᾶλλῃ
594 3638 764 3717 κακοπαθείᾳ
786 3637 948 3716 σωζόμενοι,
966 3638 1011 3697 ἅτε

236 3732 335 3801 πλῆθος
350 3728 421 3795 ὄντες
438 3729 503 3787 πολύ
517 3729 617 3808 ἀνδρῶν
632 3749 660 3785 τε
674 3726 864 3804 καὶγυναικῶν
884 3725 929 3783 καὶ
948 3748 1010 3783 παι·

237 3817 318 3893 δίων,
329 3819 374 3875 καί
385 3818 411 3883 ἔς
424 3814 595 3895 βραχυτάτην
606 3812 690 3891 οίκραν
707 3810 903 3885 ξυνελαθέντες,
916 3812 1009 3878 ὑδατος

237 3905 335 3985 ἀπορία
346 3903 392 3963 καί
405 3904 499 3962 σπάνει
512 3907 565 3962 τῶν
580 3901 730 3978 ἀναγκαίων
743 3900 790 3959 καί
805 3902 937 3977 μηδεμίαν
955 3904 1010 3958 έπι·

236 3992 343 4073 κουρίαν
359 3988 437 4050 ποθέν
452 3991 468 4061 ἢ
484 3991 615 4072 έχοντεςῆ
630 3987 776 4059 δλωςέξειν
791 3988 949 4059 ἐλπίζοντες,
967 3989 1012 4047 καὶ

238 4078 345 4146 ἄκοντες
365 4086 550 4158 προσχωροῦσι
575 4082 613 4158 τῷ
639 4077 760 4156 βασιλεῖ,
777 4076 823 4136 καί
836 4075 1014 4154 παραδιδόασι

237 4271 271 4335 δὲ]
284 4273 392 4328 πεσόντε·
401 4271 457 4321 cod.
469 4271 547 4335 ll-§

647 347 850 411 CRITOBULI
870 349 1132 411 HiSTORlAiiUM
1154 349 1228 409 ΗΒ.
1251 348 1300 422 111,
1321 350 1429 409 21-24.

1065 490 1131 587 σφβς
1147 477 1240 545 αὑτοὺς
1253 478 1297 539 καί
1312 479 1373 538 ἄνευ
1386 478 1535 560 ὁμολογίας.
1555 478 1589 560 (ν)
1608 473 1758 541 Βασιλεύς
1774 475 1804 533 δὲ
1822 477 1865 533 αι’·

1067 567 1174 633 τούτους
1195 566 1295 633 πάντας
1317 566 1472 642 ἀπέκτεινε,
1488 570 1585 633 παῖδας
1602 566 1634 625 δὲ
1658 562 1714 623 καί
1738 571 1865 639 γυναῖκας

1067 680 1099 728 ην
1073 656 1293 735 ’δραποδίσατο,
1307 652 1337 712 τδ
1353 654 1381 713 δέ
1394 653 1513 735 φρούριον
1534 654 1718 732 κατέσκαψε.
1738 651 1865 710 Tonzos·

1068 744 1190 814 ε’ποίησεν
1212 744 1238 801 ἐν
1257 745 1310 808 τοῖς
1333 742 1461 822 φρουρίοις
1479 743 1568 802 τοῖσδε
1593 742 1688 822 ὀργῆν
1722 739 1801 817 ἔχων
1822 738 1864 797 κτλ

1067 835 1146 907 μῆνιν
1161 830 1281 904 δικαίαν,
1296 839 1349 895 τοῖς
1366 829 1414 908 μέν
1430 831 1470 891 ότι
1483 828 1718 910 προκαλουμένου
1737 850 1854 907 σφας
1825 852 1863 885 ε
1900 845 1901 921 γ

1067 917 1250 995 ξυμόοίσεις’
1222 942 1316 994 αυτου,
1329 915 1738 994 ώστεμηδένακίνδυνονέν”
1695 938 1742 995 τῳ
1755 914 1864 993 πολέμεν
1900 922 1901 1005 γ

1067 1016 1120 1075 τοῖς
1134 1004 1307 1087 στρατιώταις
1320 1006 1457 1084 γενέσθαι,
1471 1007 1532 1099 οὐχ
1541 1008 1734 1077 ὑπηκουσαν,
1751 1004 1861 1060 ἀλλ’ά·

1067 1097 1141 1155 λοντο
1156 1093 1293 1172 μᾶλλον
1269 1118 1312 1153 τον
1327 1094 1458 1173 πόλεμον,
1473 1097 1527 1154 έν“
1511 1120 1534 1175 ω
1514 1086 1670 1159 πολλοὺς
1686 1114 1740 1149 και
1727 1091 1863 1167 ἀγαδόες

1066 1184 1162 1264 ἄνδρας
1189 1182 1385 1256 άπεύιδλήκει,
1405 1192 1459 1250 τοῖς
1483 1181 1525 1255 δέ,
1548 1170 1765 1263 Ἰλλυριοῖς
1730 1202 1796 1238 αυσν
1817 1188 1863 1245 τοίς

1065 1274 1183 1344 πλείοσι,
1196 1272 1264 1330 διά·
1248 1271 1333 1337 τετδις
1343 1269 1536 1348 δυστροπίας’
1508 1274 1594 1331 αοτῶν
1607 1269 1657 1327 καί
1670 1267 1757 1335 τὰς
1744 1290 1808 1335 ςυνε
1795 1270 1858 1347 ,χεῐς

1066 1360 1256 1426 ἐπαναστάσεις
1278 1381 1307 1417 τε
1326 1358 1372 1417 καί
1386 1357 1486 1435 κλοπέις
1508 1382 1553 1417 και
1542 1357 1726 1437 λῃστείας,
1741 1378 1793 1412 και
1782 1354 1860 1429 ἅμα

1066 1453 1175 1524 θροῆσοιι
1197 1448 1297 1514 πάντας
1318 1446 1364 1507 καί
1385 1446 1552 1517 καταπλῆξαι
1577 1446 1756 1525 βουλόμενος
1780 1444 1860 1507 ruit:

1066 1534 1146 1614 φόδον
1160 1534 1200 1593 ότι
1214 1538 1337 1595 πλεῖστον
1351 1534 1398 1594 καὶ
1413 1536 1525 1611 ἀγωνίαν
1541 1533 1699 1610 ἐμόαλεῑν,
1717 1532 1797 1591 ὥστε
1811 1558 1857 1609 μς-

1065 1621 1122 1681 κέτι
1140 1622 1296 1682 ιἰντιδαίνειν
1311 1623 1418 1690 ἐθέλειν,
1433 1622 1501 1699 μηδὲ
1514 1624 1618 1697 τολμᾶν
1634 1620 1714 1687 όλιινς
1734 1624 1857 1679 ἀπανθε-

1066 1712 1180 1780 δίζεσθαι
1194 1718 1240 1770 τοῦ
1252 1713 1361 1788 λοιποῦ,
1377 1710 1445 1769 οἰλλδι
1455 1714 1622 1792 προσχωρεῖν
1636 1709 1765 1777 ἑτοίμως
1774 1710 1853 1777 atri,

1063 1799 1227 1876 θηρωμένους
1258 1798 1305 1871 τὴν
1333 1798 1513 1879 σωτηρίαν·δ
1539 1801 1611 1870 δῆτα
1654 1797 1709 1856 καὶ
1742 1797 1853 1875 γέγονεν.

1066 1886 1100 1963 (ε)
1113 1884 1257 1964 Ὁρμηθείς
1269 1886 1321 1963 γδρ
1334 1887 1430 1945 ίκείθεν
1443 1890 1457 1945 ό
1468 1887 1589 1965 βασιλαὺς
1599 1888 1649 1945 καί
1659 1884 1853 1965 προσελαύνων

1065 1973 1109 2031 ἐπι
1130 1972 1164 2031 τδι
1188 1972 1279 2051 πρόσω
1294 1978 1340 2044 τῆς
1363 1974 1469 2054 χώρας,
1489 1973 1578 2033 ούκέτι
1600 1972 1768 2032 ἀντιὸαῖνον
1789 1965 1853 2052 ε’·τχα

1064 2061 1093 2118 οὐ
1095 2060 1137 2119 δέν
1095 2062 1288 2138 δούδαμοῶ,
1305 2062 1376 2123 titt
1387 2062 1474 2120 πάντα
1490 2052 1517 2120 οἷ
1533 2059 1714 2141 προσεχώρει
1728 2059 1850 2135 ἑτοίμως,

1067 2150 1100 2208 τδι
1115 2148 1199 2208 πλείω
1213 2152 1307 2229 σχεδδν
1318 2150 1363 2209 καὶ
1373 2150 1436 2209 ἄνευ
1450 2150 1611 2227 ὁμολογίας,
1624 2148 1852 2231 προλαμὸάνοντι

1063 2235 1192 2297 τὰπολλὰ
1204 2242 1249 2298 καὶ
1260 2238 1307 2310 τὴν
1320 2240 1399 2298 αὑτοῦ
1411 2238 1512 2317 ἔφοδον,
1521 2238 1567 2297 καί
1577 2238 1673 2303 πόλεις
1685 2237 1737 2295 καὶ
1746 2237 1852 2319 φρούρια

1064 2325 1109 2384 καί
1125 2334 1200 2387 πᾶσα
1221 2330 1238 2397 ἡ
1259 2330 1286 2385 ἐν
1308 2328 1385 2387 ποσὶν
1408 2318 1463 2387 εἷκε
1485 2326 1532 2385 καί
1552 2326 1688 2406 ὑπεχώρει
1714 2328 1786 2407 πρὸς
1807 2326 1849 2383 τδι

1063 2412 1155 2472 τούτου
1177 2413 1273 2492 δρόμον
1295 2416 1340 2473 καὶ
1360 2414 1410 2487 τῆν
1431 2412 1626 2492 δρμήν·οὑτως
1637 2413 1745 2471 ἅπαντα
1760 2434 1848 2470 κατε·

1063 2500 1159 2578 πτήχει
1174 2502 1220 2559 καὶ
1234 2500 1412 2581 προσεχώρει,
1426 2500 1495 2571 πλὴν
1509 2504 1532 2560 εί
1547 2502 1586 2577 μή
1600 2500 1647 2558 πού
1661 2523 1732 2566 τινες
1744 2500 1851 2579 κουφό-

1066 2610 1127 2658 τητι
1136 2587 1242 2665 γνώμης
1250 2588 1409 2664 δντέδησαν,
1418 2589 1443 2648 οἵ
1455 2589 1501 2647 καί
1510 2586 1586 2668 παρδ
1594 2589 1673 2654 πόδας
1683 2597 1739 2653 ταῖς
1750 2587 1851 2652 ὅπλοις

1067 2676 1304 2756 ἔσωφρονίσθησαν.
1322 2678 1375 2737 Καί
1395 2676 1484 2753 μέντοι
1499 2676 1545 2736 καλ
1565 2680 1579 2734 δ
1599 2673 1726 2755 βασιλεύς
1741 2675 1774 2732 fo
1796 2674 1852 2733 ιἀπδ

1067 2764 1141 2821 τοῦδε
1155 2773 1223 2841 πᾶσι
1236 2763 1411 2843 προσεφέρετο
1427 2765 1515 2830 καλῶς
1528 2771 1582 2829 τοῖς
1599 2786 1631 2837 γε
1645 2762 1792 2833 τοιούτοις,
1807 2762 1849 2819 καί

1065 2852 1166 2918 πάντας
1188 2852 1316 2933 ἐφύλαττε
1339 2857 1391 2919 σῶς
1413 2854 1439 2911 έν
1466 2863 1519 2920 τοῖς
1540 2850 1696 2931 ὑπάρχωσι
1720 2860 1788 2909 πᾶσι
1807 2852 1847 2909 καί

1066 2942 1163 3007 άσινεῐς
1182 2939 1250 3008 ὅλως
1263 2946 1316 3000 τῶν
1331 2940 1383 2999 άπδ
1398 2945 1445 3013 τῆς
1460 2949 1586 3021 στρατιᾶς
1598 2941 1648 2999 καί
1667 2947 1720 3000 τοῦ
1735 2940 1846 3017 πολέμια

1065 3031 1166 3088 κακῶν.
1185 3028 1218 3107 (ο)
1234 3026 1347 3107 Περιιὼν
1362 3028 1389 3087 δέ
1407 3036 1497 3086 πᾶσαν
1515 3026 1564 3099 τὴν
1580 3028 1710 3093 Πέλοπος
1729 3028 1775 3087 καὶ
1796 3052 1846 3105 χει-

1065 3114 1198 3195 ρούμενος,
1210 3116 1260 3176 όσα
1275 3116 1323 3193 μέν
1336 3115 1420 3174 έδόκει
1438 3108 1463 3173 οἶ
1473 3118 1526 3174 τῶν
1539 3138 1568 3173 τε
1582 3115 1722 3195 φρουρίων
1743 3115 1790 3173 καὶ
1801 3138 1846 3173 τα·

1067 3204 1201 3277 λισμάτων
1224 3206 1359 3273 ἐπιτήδεια
1382 3194 1448 3261 εἶναι
1467 3203 1513 3261 καλ
1531 3204 1640 3282 ἀσφαλῆ
1656 3204 1707 3262 καί
1722 3202 1788 3283 πρδς
1800 3227 1843 3281 φν-

1068 3290 1152 3361 λακὴν
1165 3294 1262 3358 ἱκανῶς
1276 3292 1346 3370 ἔχειν
1363 3294 1410 3361 τῆς
1424 3289 1527 3369 χώρας,
1542 3288 1709 3359 ἐπεσκεύαζε
1732 3298 1845 3367 φρουροῖς

1069 3379 1114 3437 καὶ
1133 3376 1311 3460 φρουράρχαις
1334 3378 1380 3438 καὶ
1402 3378 1504 3447 σιτῆσει
1526 3376 1572 3436 καί
1593 3376 1689 3445 ὅπλοις
1708 3377 1755 3436 καί
1771 3388 1846 3435 πᾶσιν

1068 3466 1156 3533 ἄλλοις
1169 3466 1292 3547 ἐξήρτυε,
1308 3465 1358 3525 ὅσα
1382 3464 1408 3525 δέ
1423 3465 1460 3543 μὴ
1476 3464 1577 3535 ἐδόκει,
1589 3464 1782 3537 κατέσκαπτε,
1793 3464 1845 3531 τοὶς

1067 3555 1090 3612 δ’
1099 3554 1235 3631 οἰκήτορας
1247 3552 1289 3612 εία
1301 3554 1386 3629 μένειν
1398 3555 1424 3611 έν
1437 3554 1490 3617 τοῖς
1502 3554 1589 3610 αὐτῶν
1603 3553 1652 3611 καὶ
1662 3554 1750 3611 οίκείν
1762 3551 1845 3631 ῶσπερ

1067 3638 1137 3701 κατδι
1152 3641 1261 3719 κώμας,
1278 3641 1359 3708 ένίους
1373 3643 1400 3701 δέ
1415 3638 1562 3700 αὐτῶνκαὶ
1583 3644 1731 3707 ἀποικίσας
1752 3642 1844 3718 ἤγαγεν

1068 3732 1093 3796 ές
1107 3729 1153 3799 την
1170 3728 1381 3789 Κωνσταντίνου.

1104 3818 1209 3879 ΧΧΙΙΙ.
1223 3817 1315 3879 Καὶτδι
1325 3816 1534 3895 μέναδτόύ[τού]
1545 3817 1678 3895 βασιλέως
1685 3816 1770 3883 οὑτως
1780 3808 1839 3893 fige,

1072 3904 1199 3978 δεσπότης
1214 3905 1240 3964 δέ
1252 3908 1367 3981 Θωμᾶς,
1377 3902 1467 3973 ἐπειδὴ
1481 3902 1529 3974 τὴν
1543 3902 1631 3983 ἀρχὴν
1644 3904 1756 3963 ἐπίθετο
1765 3904 1842 3974 τὴνές

1073 3990 1273 4062 Πελοπόννησον
1295 3991 1384 4069 ἔφοδον
1402 3998 1447 4049 τοὺ
1468 3990 1609 4070 βασιλέως,
1627 3992 1840 4057 ἔπισκευάσαςτέ

1073 4100 1132 4135 τινα
1145 4080 1197 4135 τῶν
1213 4081 1290 4136 αὐτοῦ
1305 4078 1434 4158 φρουρίων
1454 4080 1556 4151 καλῶς,
1572 4076 1618 4135 καί
1631 4078 1757 4160 φύλακας
1769 4082 1839 4156 ἐγκε-

556 4270 844 4336 οτρεακοσίους]ῦὺαίο.
858 4283 884 4334 p
877 4272 952 4327 474,
968 4274 1014 4319 40·
1030 4269 1117 4325 πάντας
1135 4272 1265 4355 ἀπαγαγὼγ
1284 4273 1315 4327 εἰς
1329 4271 1371 4321 Ινα
1390 4278 1468 4334 χῶρον
1490 4272 1619 4334 κατέσφαξε
1638 4275 1780 4335 γενομένους
1795 4276 1839 4323 roi:

237 4343 393 4406 ξύμπαντας
383 4358 406 4397 ες
419 4342 582 4404 τριακοσίους,
594 4344 636 4390 και
650 4344 690 4391 τὸν
704 4341 896 4405 ἀρχοντααύτῶν
908 4347 937 4403 τῇ
949 4339 1062 4402 ὑστεραίᾳ
1073 4342 1143 4405 χωρὶς
1156 4341 1222 4403 ἔτεμε
1239 4342 1267 4390 τό
1285 4346 1357 4403 σῶμα
1374 4342 1531 4405 ποιησόμενον
1545 4342 1839 4409 (πριίόμενονὲίεειγιιεείί

238 4418 292 4464 tum
306 4412 420 4477 supplicii
431 4413 540 4475 genere).

268 4486 346 4535 xxii.
360 4482 375 4547 §
392 4489 413 4533 t.
429 4482 562 4547 Γαραίτιον]
573 4483 697 4545 serviretur
710 4482 796 4533 chale.
808 4496 833 4545 p.
844 4486 900 4543 474,
913 4487 950 4538 10,
964 4482 1079 4541 Γαςδίνην
1090 4482 1230 4533 Ptrrnntres.
1245 4484 1273 4531 ln
1284 4481 1349 4531 huno
1359 4483 1442 4532 leeunr
1450 4483 1537 4533 ineolae
1546 4484 1670 4534 Leontnrii
1679 4485 1755 4535 urbis
1762 4487 1841 4535 ritino

238 4555 406 4618 confugerant.
421 4552 432 4617 ΙΙ
446 4578 479 4589 -
491 4552 507 4616 §
520 4558 543 4603 3.
560 4552 725 4616 ξννελαίὲντες]
739 4566 809 4613 παρος
823 4554 991 4607 σννειλνθέντες
1011 4553 1072 4602 ίενιί.
1089 4550 1100 4615 n
1115 4578 1147 4587 -
1160 4554 1227 4601 tritor
1239 4551 1313 4601 rerba
1326 4557 1373 4600 τῶν
1391 4553 1525 4613 ἀναγκαίων
1538 4556 1565 4603 et
1578 4556 1618 4603 ναὶ
1635 4556 1757 4617 μηδεμίαν
1772 4556 1840 4606 ταὼν

238 4626 313 4676 habet
328 4626 498 4689 ιδιεφθείροντο
509 4623 550 4672 οὑν
565 4626 656 4682 καλῶς,
673 4636 729 4683 quae
739 4621 804 4671 linea
817 4623 961 4673 transducto
982 4623 1061 4673 deleta
1073 4625 1139 4672 tunt.
1154 4622 1165 4687 ΙΙ
1178 4648 1208 4659 -
1221 4620 1408 4687 β4ύμολογίας]
1424 4623 1514 4687 ὁμιλίας
1526 4624 1604 4687 0⁰11.ss
1617 4650 1652 4663 -
1662 4626 1753 4682 παῖδας
1770 4630 1793 4677 δὲ
1810 4630 1841 4677 ταἱ

237 4703 349 4760 γυναῖκας
368 4692 567 4759 ἠνδραποδίσατο]
580 4693 655 4742 Aliter·
667 4693 798 4741 Pnrnnrres
812 4706 836 4755 p.
848 4696 905 4751 405,
924 4699 954 4743 23
968 4713 974 4743 ι
987 4696 1051 4751 τέλος
1063 4694 1089 4743 δί
1100 4693 1277 4751 ἐδουλώθησαν,
1291 4694 1352 4753 μετὰ
1364 4695 1479 4751 συνθήκης
1501 4696 1541 4743 καὶ
1552 4695 1625 4757 ὅρκου
1648 4697 1841 4759 tirannidem

239 4769 318 4823 αὐτοῖς
333 4768 374 4815 ῑνα
389 4766 478 4828 μηδένα
491 4765 569 4814 αύτιῖνν
579 4764 719 4826 ένοχλήσηῆ
732 4763 855 4824 θανατώσῃ
867 4766 882 4820 ἣ
896 4765 1076 4826 αἰχμαλωτίσι·
1088 4766 1158 4820 αὑτός
1167 4765 1192 4813 δὲ
1203 4762 1256 4819 τοὺς
1268 4763 1350 4825 όρκοιις
1361 4764 1475 4821 ἀθετήσας
1486 4766 1525 4812 καὶ
1540 4770 1569 4827 τῇ
1579 4768 1732 4831 μνησικακίᾳ
1741 4772 1782 4817 καὶ
1794 4771 1842 4831 ὀργῆ

239 4840 388 4902 κινούμενος,
401 4837 426 4886 ἔν
436 4853 481 4885 τινι
496 4836 571 4898 πεδίῳ
584 4840 661 4896 μικρῷ
673 4832 772 4890 συνάξας
787 4835 875 4889 αὑτοὺς
887 4835 976 4891 πάντας
989 4838 1029 4884 καὶ
1042 4836 1173 4896 δεσμεὺσας
1185 4833 1346 4896 παρανάλωμα
1360 4840 1400 4893 τῆς
1413 4833 1530 4898 μαχαίρας
1542 4836 1586 4884 σὺν
1598 4836 1689 4897 γυναιξὶ
1707 4840 1749 4885 καὶ
1763 4842 1844 4891 τέκνοις

238 4910 363 4967 πεποίηκε.
380 4910 418 4957 De
437 4919 540 4956 numero
552 4916 674 4954 eaesorum
685 4918 709 4953 ν.
724 4902 806 4955 chale.
818 4918 842 4966 p.
853 4906 909 4953 475.
924 4903 935 4966 [Ι
947 4902 1002 4966 -—§
1016 4910 1040 4953 5.
1052 4908 1116 4962 Qun
1133 4906 1189 4969 post
1203 4902 1325 4953 Gardicin
1345 4904 1548 4967 expugnationem
1561 4903 1735 4957 Meehometes
1748 4909 1844 4971 ejusque

241 4980 318 5029 dures
329 4980 353 5028 in
367 4978 535 5042 Peloponneso
547 4975 683 5041 gesserint,
695 4974 838 5025 critobulus
850 4974 927 5024 verbo
940 4974 1140 5038 comprehendit,
1152 4976 1265 5040 pluribus
1276 4976 1388 5039 exposuit
1401 4976 1546 5027 Phrnntnins
1562 4990 1587 5039 ρ.
1598 4979 1645 5026 407
1661 4989 1713 5039 τις,
1726 4979 1844 5029 uberr'nne

240 5052 323 5098 narrat
337 5046 544 5111 Chalcoeondylns
566 5059 591 5109 p.
605 5048 652 5095 474
664 5058 718 5109 sqq.
731 5045 742 5111 [Ι
756 5072 788 5082 -
802 5052 862 5097 πᾶσι
882 5047 1037 5111 προσεφέρετο
1051 5048 1143 5111 καλῶς,
1156 5053 1203 5105 τοῖς
1215 5064 1244 5111 γε
1256 5047 1369 5105 τοιούτοις
1388 5046 1439 5113 καὶ]
1456 5046 1517 5099 edd.
1531 5060 1597 5111 tngo.
1613 5046 1624 5112 ΙΙ
1642 5072 1675 5085 -
1693 5050 1706 5112 Ι
1720 5053 1746 5099 0.
1758 5048 1843 5115 ὥσπερ]

242 5118 300 5170 add.
317 5132 382 5181 mgo.

250 5186 891 5253 ¹ittt111.§t.itorrrtrerrrr]ttontinennrrrtsinum
904 5187 1082 5241 Messeniorum
1096 5188 1121 5239 in
1141 5188 1261 5241 Demetrii
1282 5188 1374 5242 ditione
1395 5188 1469 5243 είίιυι
1482 5189 1590 5243 Thomas
1609 5192 1669 5242 ente
1683 5190 1845 5243 ttedrernetis
