3809 5859
800 308 1094 375 baoariorum.
1295 384 1297 388 .
1694 318 1738 397 νῇ

141 436 222 497 testis
235 436 367 496 oculatus
382 437 570 517 descripserit
586 439 625 515 (v.
641 438 670 511 5,
689 441 747 517 ab),
764 460 885 519 eamque
899 460 952 521 per
971 441 1170 504 hlaoedoniam
1186 460 1216 505 et
1231 445 1387 506 Thraciam
1408 460 1437 507 et
1451 448 1577 507 vicinam
1592 445 1670 507 Asiae
1686 449 1741 508 rui·

142 530 234 593 noris'
244 547 358 613 partem
372 548 563 628 propagatam
581 536 675 609 dicat,
687 538 799 596 insulas
812 556 884 622 uero
894 539 985 598 maris
997 540 1084 617 AEgaei
1100 542 1242 602 invasisse
1261 563 1322 602 non
1341 544 1435 618 dicat,
1450 547 1518 621 jure
1530 557 1580 603 tuo
1599 544 1669 603 inde
1681 546 1742 603 col-

141 631 214 707 ligas
228 630 413 690 Critobulum
426 645 495 691 tunc
509 632 542 691 in
554 633 721 693 continente
734 634 859 712 degisse.
878 634 973 695 Porro
987 642 1088 716 quum'
1097 636 1286 698 historiarum
1307 658 1400 698 annus
1412 652 1577 717 postremus
1593 642 1667 715 1467
1680 661 1741 699 non

142 728 229 787 modo
241 728 408 813 pestilentia
423 728 626 801 calamitosus,
639 729 689 788 sed
707 729 795 790 rebus
811 743 912 790 contra
924 731 1054 793 Albanos
1075 735 1151 792 male
1163 736 1252 811 gestis
1270 736 1359 794 etiam
1379 736 1526 811 inglorius
1552 749 1643 809 esset,
1661 737 1740 797 haud

140 824 319 888 substitutus
331 828 363 885 iu
375 846 411 885 eo
424 825 526 885 fuisset
545 840 647 886 auctor
659 828 737 903 regis
752 827 832 886 lamae
849 828 1099 902 studiosissimus,
1112 832 1138 890 si
1152 830 1327 891 Venetorum
1340 832 1452 891 cladem
1464 833 1673 892 internecivum
1686 854 1736 892 an.

146 930 232 996 147⁰,
250 942 309 1000 qua
322 922 417 1000 gloria
429 934 458 981 et
472 923 605 1000 potentia
621 922 810 983 Mechcmetis
822 942 970 983 summum
985 925 1133 1008 fastigium
1152 928 1261 1003 attigit,
1275 928 1468 1007 colophonem
1486 928 1570 1005 operi
1590 928 1741 1007 imponere

142 1021 292 1099 potuisset.
802 1030 806 1036 '
1168 1032 1173 1037 '

180 1118 224 1175 De
238 1118 352 1177 ratione
371 1118 491 1197 operis,
506 1118 586 1196 qnod
608 1117 693 1178 libris
710 1118 841 1197 quinque
857 1137 903 1177 res
921 1138 940 1177 a
953 1118 1129 1178 blechemete
1143 1138 1197 1197 per
1212 1140 1305 1180 anuos
1325 1120 1520 1199 septendecim
1541 1135 1635 1198 gestas
1657 1143 1739 1181 coru-

140 1214 288 1293 plectitur,
304 1216 369 1293 ipse
383 1227 484 1274 auctor
497 1216 529 1274 in
548 1204 672 1293 epistola
682 1213 812 1293 exponit,
828 1232 887 1292 qua
904 1215 967 1291 regi
982 1213 1148 1273 'lurcorum
1162 1215 1299 1275 historias
1313 1218 1428 1275 dedicat
1447 1231 1548 1295 atque,
1565 1218 1593 1277 si
1612 1238 1740 1297 praesens

139 1310 302 1371 studiorum
316 1311 464 1390 specimen
477 1310 631 1389 probatum
649 1312 751 1385 fuerit,
766 1313 852 1371 etiam
864 1332 899 1370 ea
911 1332 977 1390 quae
989 1312 1127 1392 deinceps
1141 1313 1213 1374 deus
1227 1314 1396 1373 blechemeti
1417 1315 1594 1393 perficienda
1608 1314 1738 1388 dederit,

141 1408 234 1467 literis
247 1427 278 1466 se
292 1408 532 1485 consignaturum
546 1428 609 1467 esse
623 1408 788 1487 pollicetur.
803 1408 883 1467 ldem
897 1412 928 1467 in
941 1410 1087 1486 prooemio
1111 1411 1241 1489 priorem
1256 1430 1374 1489 quoque
1389 1410 1552 1470 'lurcorum
1569 1411 1738 1485 historiam,

140 1505 250 1584 quippe
265 1524 330 1582 quae
343 1504 494 1582 hucusque
506 1504 583 1563 baud
597 1517 675 1587 recte
687 1516 807 1563 tractata
820 1508 874 1577 sit,
890 1506 1032 1584 peculiari
1042 1507 1152 1585 scripto
1165 1508 1305 1585 prosequi
1317 1507 1373 1567 sibi
1386 1509 1568 1587 propositum
1579 1528 1642 1568 esse
1655 1509 1737 1568 dicit.

139 1602 215 1663 Num
237 1620 339 1681 reapse
361 1620 435 1679 opus
457 1598 605 1660 Critobuli
626 1602 658 1659 in
677 1619 780 1661 manus
800 1602 876 1677 regis
898 1603 1028 1678 venerit,
1044 1615 1073 1661 et
1091 1623 1217 1680 quonam
1239 1606 1336 1663 animo
1350 1604 1388 1663 ab
1406 1606 1460 1663 illo
1474 1618 1624 1683 exceptum
1639 1606 1693 1675 sit,
1713 1619 1742 1664 et

142 1717 211 1756 num
225 1697 380 1775 promissis
392 1697 455 1756 suis
465 1708 566 1756 auctor
577 1698 707 1770 steterit,
720 1698 875 1757 nescimus.
887 1696 1021 1757 Ceterum
1031 1700 1122 1757 sensit
1132 1699 1300 1759 Critobulus
1311 1714 1418 1778 quanta
1428 1700 1484 1760 sibi
1496 1701 1619 1760 crimina
1631 1717 1742 1761 crearet

139 1795 231 1854 homo
255 1814 366 1872 grauem
385 1795 522 1872 idemque
539 1794 673 1853 laudator
692 1794 770 1870 regis
787 1792 906 1851 barbari
920 1794 972 1870 qui
988 1814 1166 1853 summarum
1182 1796 1293 1855 Graecis
1310 1798 1505 1856 calamitatum
1520 1812 1620 1857 auctor
1633 1800 1743 1858 exstitit

141 1905 170 1951 et
182 1893 230 1951 cui
245 1893 336 1952 coaevi
348 1894 505 1971 scriptores
519 1892 615 1952 nullas
627 1912 687 1951 non
706 1890 864 1951 inurebant
877 1902 960 1949 notas
973 1891 1115 1971 infamiae,
1128 1890 1252 1973 τύραννον
1264 1893 1380 1966 barcaei
1394 1908 1548 1967 vocantes,
1561 1894 1742 1974 ἐχθρὸνπσμ·
1798 1888 1802 1893 “

143 1988 256 2071 pisper,
272 1991 386 2071 ὀλετῆρα
400 1996 448 2049 τοῦ
458 1990 546 2067 γένους
560 1992 650 2066 ἡμῶν,
666 1987 844 2068 ἀντίχριστον,
859 1986 951 2067 ἐχθρὸν
967 1992 1012 2048 τοῦ
1032 1995 1159 2070 σταυροῦ,
1174 1989 1294 2067 μαθητὴν
1313 1998 1359 2051 τοῦ
1382 1999 1484 2049 assari
1492 2019 1505 2065 ‚·
1513 1990 1626 2066 δαίμονα
1644 2016 1742 2074 σαρκο-

144 2086 220 2167 6όρον
239 2086 306 2146 etsi
321 2085 393 2165 quid
407 2086 488 2145 bisce
502 2084 623 2145 eradius
639 2088 686 2164 (Ἴ.
703 2085 929 2145 criminationes
944 2086 1015 2146 istas
1037 2101 1168 2147 avertere
1191 2087 1361 2147 Critobulus
1377 2090 1416 2166 (ι,
1434 2089 1463 2165 3)
1482 2088 1593 2162 studet,
1613 2089 1699 2166 louge
1712 2109 1744 2149 se

143 2184 244 2244 abesse
258 2201 422 2243 asseverans
437 2196 469 2242 ut
483 2183 576 2259 gentis
593 2202 652 2241 suae
666 2182 836 2242 infortuniis
851 2202 887 2241 ex
901 2178 1000 2242 'rerum
1014 2184 1207 2245 humanarum
1222 2198 1323 2245 natura
1338 2199 1367 2244 et
1381 2187 1467 2245 sortis
1485 2187 1681 2245 inconstantia
1690 2188 1743 2245 're-

142 2282 277 2361 petendis
292 2282 434 2341 insultare
447 2282 533 2354 velit,
544 2281 680 2341 historici
694 2301 765 2340 sero
780 2301 885 2340 munus
897 2301 960 2341 esse
973 2282 1004 2341 rb
1016 2285 1150 2362 προσῆκον
1165 2282 1256 2352 σώζειν
1269 2280 1315 2341 καὶ
1329 2279 1375 2353 τὴν
1390 2282 1523 2351 ἀλήθειαν.
1536 2285 1578 2340 Ac
1591 2300 1661 2341 sane
1674 2303 1743 2341 nus·

142 2399 230 2458 quam
246 2380 418 2456 religionem
438 2380 519 2455 genti
533 2398 593 2437 suae
605 2378 733 2437 debitam
749 2378 838 2436 violat
849 2392 877 2437 et
898 2378 955 2436 iata
972 2378 1241 2457 Constantinopolis
1250 2379 1368 2458 prolixa
1381 2377 1533 2437 threnodia
1544 2380 1743 2456 prosequitur.

142 2476 253 2549 immo,
265 2476 291 2535 si
306 2476 378 2554 quid
390 2473 427 2533 ab
438 2475 494 2533 bac
507 2489 588 2554 parte
606 2476 639 2533 in
651 2475 793 2535 historico
805 2474 994 2547 desideretur,
1010 2476 1040 2534 id
1052 2475 1084 2533 in
1096 2495 1132 2535 eo
1146 2476 1244 2554 potius
1258 2476 1384 2554 positum
1397 2466 1530 2552 estquod
1549 2475 1623 2533 vitia
1636 2475 1744 2552 quibus

142 2573 373 2652 Byzantinorum
397 2572 554 2651 imperium
571 2572 740 2651 laborabat,
756 2591 817 2630 non
840 2572 910 2629 satis
929 2571 1055 2631 sensisse
1076 2572 1194 2630 videtur
1208 2591 1302 2649 neque
1319 2572 1463 2631 intellexit
1483 2591 1542 2630 non
1561 2584 1619 2629 tam
1637 2572 1741 2630 iason·

142 2672 255 2731 stantiae
269 2690 357 2748 quam
371 2670 457 2748 quasi
466 2670 589 2748 justitias
601 2671 688 2730 sortis
702 2668 819 2741 deberi,
837 2682 869 2727 ut
879 2668 1023 2747 juvenilis
1043 2668 1137 2743 gentis
1156 2666 1272 2726 viribus
1287 2681 1463 2726 everteretur
1480 2667 1595 2726 tandem
1621 2687 1742 2741 reguum

144 2768 235 2828 senile
249 2781 278 2827 et
292 2768 471 2846 decrepitum
487 2781 516 2826 et
530 2768 686 2847 putredine
699 2765 836 2825 diffluens
852 2785 949 2824 rerum
965 2765 1148 2844 publicarum
1162 2778 1191 2822 et
1203 2763 1300 2840 plebis
1314 2764 1480 2841 degeneris,
1496 2784 1561 2843 quae
1576 2766 1608 2823 in
1630 2784 1744 2824 summo

144 2863 315 2923 discrimine
329 2863 450 2930 salutem
472 2864 575 2942 patriae
589 2864 710 2923 misellis
723 2861 961 2922 altercationibus
974 2863 1183 2941 postposuerit.
1203 2865 1240 2920 At
1254 2881 1313 2939 quo
1328 2862 1425 2920 minus
1446 2861 1631 2941 premebatur
1645 2882 1745 2922 rerunt

136 2980 305 3037 graecarum
323 2960 527 3032 imbecillitas,
547 2974 627 3020 tanto
642 2964 734 3037 magis
749 2958 944 3019 extollebatur
956 2960 1050 3017 virtus
1064 2958 1141 3035 regis
1160 2956 1296 3031 victoris,
1309 2977 1395 3036 quem
1416 2957 1621 3017 celebrandum
1644 2958 1744 3017 Crito-

145 3057 234 3117 bulus
248 3056 306 3117 sibi
321 3070 476 3132 sumserat,
489 3058 596 3137 cuique
609 3057 793 3139 προσκυνήσας
807 3056 895 3125 δοῦλος
910 3055 1014 3127 εὐτελὴς
1024 3055 1160 3114 historias
1171 3074 1238 3114 suas
1250 3067 1385 3133 tanquam
1399 3054 1533 3132 obsequii
1546 3056 1745 3114 testimonium

146 3154 294 3232 captandae
308 3153 521 3213 benevolentiae
533 3175 620 3215 causa
639 3156 747 3214 olierre
761 3153 964 3216 meditabatur.
977 3157 1086 3233 Sponte
1097 3153 1168 3211 binc
1177 3153 1297 3228 colligas
1308 3154 1339 3211 τὸ
1352 3150 1400 3226 τὴν
1414 3150 1537 3223 ἀλήθειαν
1553 3149 1645 3221 σώζειν
1659 3153 1745 3211 certis

145 3252 289 3311 contineri
313 3251 442 3327 linibus,
458 3272 531 3331 quos
553 3253 678 3329 migrare
696 3251 826 3312 conditio
844 3263 874 3309 et
892 3251 1014 3309 consilia
1038 3249 1168 3309 auctoris
1185 3248 1339 3323 vetabant,
1351 3267 1446 3326 neque
1460 3247 1618 3325 quidquam
1638 3248 1670 3305 in
1692 3247 1745 3305 illo

145 3368 234 3428 opere
245 3349 373 3425 proferri
387 3349 466 3427 quod
481 3349 575 3408 labem
591 3351 653 3426 regi
668 3350 843 3428 adspergere
856 3364 885 3409 et
896 3351 1001 3409 laedere
1015 3363 1113 3428 posset
1130 3350 1215 3408 aures
1229 3349 1346 3427 patroni
1366 3346 1577 3428 iracundi.·Sic
1599 3344 1744 3405 Critobuli

143 3466 218 3526 opus
237 3446 337 3505 colore
359 3466 412 3506 suo
427 3460 456 3506 et
472 3462 573 3506 tenore
587 3450 691 3507 mirum
707 3460 847 3525 quantum
868 3448 1016 3524 discrepat
1029 3466 1046 3505 a
1059 3446 1211 3504 Phrantaae
1229 3459 1258 3504 et
1277 3445 1366 3503 Ducae
1388 3456 1417 3502 ct
1440 3428 1679 3520 Chalcocoddylae
1696 3444 1745 3501 hi-

143 3544 260 3621 storiis,
280 3563 346 3619 quae
360 3563 398 3601 ex
419 3544 652 3603 adversariorum
673 3544 775 3603 castris
788 3544 926 3621 proiectae
944 3556 1013 3603 sunt
1024 3556 1053 3602 et
1065 3563 1102 3602 ex
1117 3542 1172 3602 hac
1193 3542 1308 3619 origiue
1326 3561 1379 3600 sua
1396 3541 1527 3619 quaedam
1550 3540 1623 3599 vitia
1646 3536 1746 3600 traxe-

143 3652 223 3701 runt.
572 3635 575 3645 ¹

185 3738 387 3818 Dispositione
401 3739 500 3817 operis
513 3736 683 3797 Critobulus
695 3736 895 3815 Thucydidem
911 3737 1040 3796 imitatus
1053 3738 1156 3796 seriem
1169 3756 1264 3795 rerum
1276 3735 1435 3795 secundum
1446 3754 1548 3809 annos,
1563 3735 1745 3811 singulorum

144 3856 215 3896 vero
225 3857 368 3897 annorum
385 3850 484 3916 partes
499 3836 625 3909 hiemis,
636 3835 730 3907 veris,
746 3834 852 3893 aestatis
870 3846 900 3893 et
917 3834 1065 3893 auctumni
1079 3830 1296 3911 tempestatibus
1310 3845 1443 3891 accurate
1458 3831 1610 3908 distinguit
1620 3829 1682 3910 (μ).
1700 3830 1746 3889 Ab
1813 3899 1815 3908 Ι

176 4006 210 4070 t*)
224 4008 292 4057 Inter
304 4006 351 4057 hos
364 4006 471 4071 palmam
485 4003 570 4055 tulisse
583 4003 681 4052 ridetur
693 4002 813 4052 Puscutus
824 4006 908 4066 poeta,
923 4002 967 4065 qui
980 4003 1005 4051 in
1018 3999 1203 4065 constantinop.
1218 4006 1242 4063 2,
1253 4005 1295 4050 tot
1313 4010 1394 4050 mores
1405 3999 1549 4098 ltscbmetti
1557 3999 1592 4049 ita
1602 3997 1680 4064 pingit
1692 4015 1700 4047 a

403 4091 461 4137 Vita
475 4090 522 4139 tuit
531 4118 565 4133 ....
576 4088 684 4143 dissuendi
694 4100 787 4143 corpore
795 4092 875 4144 uasto,

399 4152 532 4206 insuescas
543 4150 697 4207 quodcunque
707 4148 761 4203 rapi
771 4149 798 4193 de
807 4161 870 4192 mure
879 4148 971 4202 serino,

398 4212 491 4257 eredere
502 4210 567 4255 nihil
581 4210 693 4263 uetitum,
707 4210 823 4266 placitum
833 4209 988 4265 qrtodcuuque
1002 4208 1083 4263 licere,

399 4274 482 4319 ducere
492 4286 534 4317 nec
545 4272 610 4329 turpi
621 4273 748 4329 quicquam
759 4271 889 4315 discernere
898 4271 1033 4325 honestum,

400 4336 464 4394 quod
476 4336 551 4381 brutis
564 4336 649 4380 nativo
658 4338 739 4388 uetat,
750 4346 798 4377 nors
809 4338 876 4388 turpe
885 4337 982 4387 putum·

397 4398 502 4455 iusticie
511 4399 636 4453 insensatu
648 4397 721 4454 pietas
729 4396 777 4441 sibi
785 4396 855 4440 nullu
864 4396 979 4453 fidesque,

399 4462 440 4506 sed
451 4460 550 4519 fraudes
559 4460 764 4511 innontturrs'mos
774 4471 823 4503 non
838 4459 922 4507 toednu
931 4458 1003 4515 firmo

356 4576 357 4579 Ἴ
400 4526 511 4578 nouerat,
521 4524 624 4567 incertus
633 4520 767 4579 promissis,
775 4519 891 4577 perfidus,
900 4532 982 4573 asper,

401 4586 523 4640 periurus,
533 4584 612 4634 saltas:
618 4614 626 4636 ,
634 4581 784 4638 furibundus
792 4581 913 4637 ,sesuldus
922 4592 974 4635 ara,

402 4646 514 4693 terribilis
524 4647 621 4703 cupiens
635 4646 726 4691 cunctis
736 4645 848 4702 dirusque
859 4644 934 4689 uideri
940 4673 948 4698 ‚

402 4711 500 4764 paudere
510 4723 526 4753 o
536 4709 622 4755 terreris
632 4708 736 4753 humano
747 4709 876 4764 sanguine,
887 4708 966 4752 multa

404 4773 465 4818 code
476 4773 554 4818 etrum
565 4773 617 4817 (σεο
624 4770 691 4827 puscs'
698 4782 768 4827 saper
775 4768 855 4815 omnia
865 4770 951 4824 eslim·

406 4838 502 4880 emerat
513 4834 539 4878 irs
553 4836 654 4877 merrtem
663 4832 781 4889 quidquid
791 4831 899 4887 [eruebat
908 4831 985 4887 obire,

402 4898 425 4942 sl
438 4896 532 4943 crudele
542 4894 743 4951 torst‚·sessusibt
757 4897 844 4939 cuncta
860 4894 956 4939 domare

404 4971 513 5015 sperans,
526 4958 598 5002 hostis
609 4961 660 5002 erat
669 4956 747 5013 paris,
753 4954 809 5010 seru
822 4955 884 5000 betta
892 4955 1019 5011 placebunt

405 5034 502 5079 seraper,
511 5026 535 5067 et
544 5021 663 5072 intermissa
675 5018 765 5065 Christi
772 5018 816 5063 sub
824 5022 918 5074 pectore
929 5030 1015 5063 nomen

404 5082 492 5141 impius
503 5082 620 5140 imprimis
631 5081 717 5139 gentili
726 5092 791 5125 more
798 5080 899 5136 serebat.
1642 5092 1652 5110 ι

181 5146 232 5213 (”)
246 5150 355 5199 Mensem
368 5146 444 5200 send
456 5148 578 5199 memorat
592 5146 635 5197 ltb.
652 5150 672 5210 t,
685 5158 709 5195 c.
724 5146 764 5209 71,
774 5144 817 5195 ubi
828 5142 886 5194 Maii
896 5156 930 5197 m.
941 5144 982 5196 dle
993 5148 1024 5196 29
1034 5143 1267 5209 comununopoum
1285 5148 1381 5209 captam
1393 5155 1446 5194 esso
1457 5139 1528 5190 dicit
1627 5162 1632 5169 ·
