3809 5859
423 325 670 387 rrrcflrtrrrrs
692 326 820 388 ANNUS
842 329 892 389 ιιι.
915 331 993 391 ενοι
1018 329 1205 407 (ωτι-ωτι
1227 330 1264 391 r.
1284 331 1344 408 οι.
1645 335 1682 395 ω

84 459 183 530 καὶτῆς
195 458 327 538 Εὐρώπης
338 482 368 517 τε
379 458 424 518 καλ
438 457 526 527 Ἀσίας
537 462 607 535 ἡμᾶς
617 456 749 535 ἐκβαλεῖν,
762 460 784 517 εί
792 457 855 537 μὴἡ

43 556 47 573 ·
83 552 129 606 τοῦ
139 545 358 617 Παῖαζὴτουτύτε
367 546 512 626 στρατηγία
520 547 565 605 καλ
579 544 757 625 ε’μπειρίακαλ
767 546 855 623 τόλμη

84 639 161 691 τοῦτο
179 633 321 694 διεκώλυσε
344 633 389 693 καί
410 634 525 707 διέλυσε,
556 632 624 693 κατδι
648 632 741 713 κράτος
766 632 857 700 αὐτσύς

82 719 213 791 νικήσασά
227 745 255 780 τε
268 721 314 781 καῖ
325 726 481 795 καθελοῦσα,
498 719 543 781 καῖ
554 718 614 786 τούς
624 720 670 797 μέν
681 720 759 777 αὐτοῦ
770 742 856 778 κατα·

82 812 211 887 κοπῆναι,
222 806 281 876 τούς
291 811 314 867 δ’
330 812 537 889 ἐναποπνιγῆναι
546 810 582 886 τῷ
592 804 692 886 Ἴστρῳ
704 805 855 879 πεποίηκεν,

83 897 113 954 ἐκ
125 894 195 955 πάνυ
207 900 311 957 πολλῶν
324 901 430 977 βραχεῖς
443 921 514 962 τινας
525 896 570 955 καί
581 895 686 963 τούτους
696 894 771 972 μόγις
782 918 855 977 περι-

82 984 220 1053 σωθέντες.
262 988 311 1063 (ιο)
322 984 377 1045 Καὶ
390 985 470 1045 πάλιν
483 983 550 1063 μετά
563 982 655 1062 μικρδν
667 983 797 1063 Τιμήριυν
811 982 855 1042 τδν

83 1072 188 1145 Σκύθην
203 1074 255 1134 άπδ
270 1076 423 1140 Βαύυλῦινος
438 1072 611 1144 α’ναστήσασα
625 1076 684 1130 καθ’
700 1076 777 1149 ἡμῶν
787 1071 854 1148 ήγα·

82 1184 136 1236 γεν·
152 1161 194 1241 ὑφ’
206 1154 236 1223 οὐ
249 1163 416 1241 πεπόνθαμεν
435 1152 477 1221 οἶα
493 1160 568 1231 ῖστε,
582 1160 628 1218 καῖ
643 1162 678 1228 ώς
694 1162 758 1239 παρ’
780 1161 853 1220 οὐδέν

83 1248 200 1326 ἤλθομεν
220 1250 279 1309 τότε
292 1250 380 1319 πάσης
402 1254 448 1320 τῆς
464 1247 593 1324 ἡμετέροις
613 1249 697 1325 ἀρχῆς
710 1246 756 1304 καῖ
777 1246 855 1305 δυνά·

83 1354 153 1408 μεως
163 1330 294 1389 ἐκπεσεῖν.
338 1330 385 1409 (17]
404 1328 457 1387 Καὶ
473 1330 503 1387 τὸ
516 1326 542 1394 ἐξ
555 1326 655 1385 ἐκείνου
671 1324 752 1405 μέχρι
767 1330 812 1383 νῦν
827 1327 854 1383 οὐ

83 1419 200 1478 διέλιπεν
214 1415 378 1495 έπεξάγουσά
391 1440 420 1475 τε
442 1416 487 1475 καῖ
503 1415 646 1481 θπλίζουσα
660 1412 722 1472 κατ’
733 1411 856 1483 ἀλλήλων

83 1508 142 1574 τούς
156 1506 297 1585 ἡμετέρους
311 1505 356 1563 καὶ
371 1503 549 1584 ξυγκρούουσα
562 1502 608 1561 καῖ
624 1502 790 1583 ταράττουσα
809 1500 856 1560 καῖ

84 1596 240 1677 βλάπτουσα
264 1594 311 1666 τὴν
335 1592 465 1673 ἡμετέραν
485 1592 581 1672 δρχήν,
605 1590 667 1670 χθές
686 1612 714 1648 τε
736 1588 782 1646 καῖ
804 1588 855 1668 πρὸ
881 1543 885 1647 1

914 459 1073 541 βιασάμενος
1085 461 1129 520 τδν
1145 462 1253 541 έχθρόνς
1265 466 1374 522 τοιαῦτα
1385 460 1437 542 γδρ
1451 460 1484 521 ed
1494 470 1540 523 τοῦ
1553 464 1681 540 πολέμου·

912 554 960 609 οὐκ
973 550 1037 611 είσῖν
1056 551 1100 609 tri
1121 554 1221 633 ῥητοῖς,
1238 552 1308 623 ἀλλ’,
1328 553 1363 619 ὡς
1378 551 1411 610 τδι
1426 553 1520 623 πολλδ,
1535 559 1580 613 τοῦ
1601 554 1683 612 δυνα-

912 639 992 717 μένου
1015 639 1061 699 καί
1082 639 1239 718 βουλομένου
1271 642 1359 699 λαθεῖν
1385 638 1567 721 ἡπρολσύεῖν
1589 664 1616 700 τι
1638 644 1683 702 καὶ

912 734 1119 801 πλεονεκτῆσαι,
1133 728 1202 788 οὓτω
1216 728 1370 809 παρασχὸν,
1387 732 1404 799 ἡ
1419 728 1478 801 νίκη
1493 728 1629 808 γίνεται..

951 816 1026 876 xvl.
1042 842 1054 869 ι
1066 815 1140 895 Ἐγώ
1149 816 1197 892 μὲν
1207 806 1252 875 οὐν
1263 818 1332 875 otro>
1342 814 1449 894 γνώμης
1463 806 1571 895 έχων,ώ
1583 814 1682 897 ἄνδρες,

911 903 958 961 καί
980 902 1104 971 τοιούτοις
1128 903 1182 962 τισῖ
1197 907 1330 983 λογισμοῖς
1349 903 1394 961 καὶ
1417 904 1511 970 αἰτίαις
1530 905 1681 985 χρώμενος,

911 991 1019 1071 προσέτι
1044 990 1071 1049 δέ
1094 991 1140 1048 καῖ
1161 989 1292 1069 μεγίστοις
1318 990 1467 1067 έγκλήμασι
1494 992 1680 1068 κεκινημένος,

912 1076 1053 1155 ξυνήγαγον
1067 1075 1157 1137 ἐνθάδε
1171 1080 1258 1154 ὑμᾶς,
1273 1076 1371 1136 οὐκέτι
1390 1078 1525 1157 ἀνασχετά
1538 1079 1682 1158 ἡγούμενος

911 1154 991 1223 εῖναι·
1012 1164 1058 1223 καῖ
1078 1164 1171 1223 δικαιῶ
1194 1164 1295 1230 πάντας
1312 1166 1528 1241 άναπεεθομένους
1550 1170 1680 1229 κοινωνεῖν

910 1256 956 1324 τῆς
969 1251 1076 1331 γνώμης
1085 1251 1156 1329 ἐμοί·
1172 1252 1218 1309 καῖ
1228 1252 1395 1332 ἐπιχειρητέα
1410 1245 1477 1312 εἶναί
1489 1278 1557 1335 φημι
1572 1257 1618 1316 καῖ
1631 1274 1681 1319 πο·

910 1340 1028 1415 λιμητέα
1043 1342 1069 1399 ἐν
1083 1338 1177 1418 τάχει,
1198 1338 1244 1398 καί
1255 1337 1302 1410 τὴν
1319 1338 1395 1399 πόλιν
1413 1340 1512 1413 ταύτην
1525 1344 1680 1426 ι’ἡαιρητέα,

911 1428 984 1504 πάση
1003 1425 1134 1506 προθυμία
1149 1426 1194 1486 καλ
1211 1427 1312 1505 σπουδῇ
1331 1427 1375 1485 τδν
1392 1428 1508 1505 πολεμον
1524 1432 1683 1510 ἀραμένους,

911 1504 928 1576 ἡ
941 1505 1008 1584 μηδὲ
1014 1509 1061 1578 vir<
1075 1505 1204 1584 ἡμετέρας
1218 1508 1302 1586 ἀρχῆς
1311 1504 1351 1563 ἔτι
1364 1506 1410 1566 καῖ
1423 1510 1475 1566 τῶν
1486 1510 1581 1583 ταύτης
1594 1514 1682 1573 καλῶν

911 1598 945 1659 ὡς
967 1593 1069 1653 οἰκιέων
1093 1596 1280 1653 δντιποιεῐσθαι
1302 1592 1369 1671 μηδὲ
1383 1580 1496 1667 νομίζειῖι
1520 1603 1567 1656 τοῦ
1588 1601 1682 1659 λοιποῦ

83 1683 172 1762 ὀλίγου
185 1682 229 1741 τδν
244 1681 329 1753 Γέτην
341 1681 466 1753 Ἰωάννην
482 1680 549 1758 μετὰ
566 1678 687 1741 Παιόνων
699 1702 727 1736 τε
739 1674 784 1735 καῖ
799 1681 856 1735 Λα·
913 1682 1008 1761 βέβαια
1019 1672 1096 1742 εῖναι.
1139 1680 1170 1762 (2)
1185 1680 1323 1741 Ἀδύνατον
1338 1680 1389 1758 γάρ
1403 1684 1500 1756 ταύτην
1514 1709 1542 1744 τε
1560 1688 1683 1767 άτρεμεῖν

83 1774 137 1831 κῶν
157 1770 287 1842 κινήσασα
302 1769 362 1827 καθ’
376 1772 469 1844 ἡμῶν,
484 1768 511 1835 θς
527 1767 564 1834 δίς
578 1790 608 1826 τε
627 1766 672 1825 καὶ
687 1766 743 1845 τρὶς
754 1764 799 1825 τὸν
813 1764 855 1823 ''1-
911 1769 957 1828 καὶ
971 1770 1005 1828 τδι
1017 1770 1132 1848 ἡμέτερα
1147 1767 1184 1845 μὴ
1200 1770 1227 1827 έν
1242 1770 1399 1851 άμριύολοις
1416 1762 1500 1848 εῖναι,
1515 1774 1553 1850 μὴ
1568 1779 1615 1845 τῆς
1629 1776 1680 1836 πό·

84 1882 162 1937 στρον
184 1856 277 1923 tradi<
295 1855 337 1925 ίύν
354 1857 463 1931 δυνάμει
477 1857 524 1915 καῖ
543 1859 568 1923 ές
586 1855 634 1926 τήν
659 1854 790 1933 ἡμετέραν
812 1858 856 1914 ίσ-
911 1852 976 1915 ὐῑίνέ
990 1845 1117 1921 mitrii
1133 1847 1272 1928 λῦθθῖῖσῖκ
1282 1849 1346 1926 ἡμῖν
1358 1849 1375 1920 it
1389 1853 1523 1929 ῖῑῖθνυίαῖ
1540 1855 1570 1910 ἐκ
1586 1854 1678 1930 μέσου·

84 1944 189 2017 ῦαλών,
218 1944 305 2003 πολλὰ
334 1943 405 2003 κακδ
429 1944 473 2001 τὸν
494 1943 557 2021 έμδν
583 1942 685 2023 πατέρα
714 1941 851 2011 πεποίηκε.

84 2034 131 2113 (ιε)
144 2032 198 2094 Καὶ
211 2032 327 2111 παρίημι
340 2030 433 2092 αὐτῶν
446 2030 599 2108 αὐτομόλων
610 2039 721 2111 πρᾶγμα
733 2036 853 2089 τοσοῦτον

83 2121 130 2179 καὶ
158 2120 207 2192 τήν
235 2119 287 2179 άπὸ
308 2118 399 2180 τούτου
425 2120 528 2197 βλάβην
553 2142 582 2177 τε
607 2120 652 2179 καῖ
677 2117 773 2195 ζημίαν
796 2118 853 2175 καθ’

85 2210 188 2288 ἡμέραν
201 2205 368 2285 ἐγγενομένην
379 2211 456 2284 ἡμῖν,
472 2208 502 2265 οὐ
516 2205 592 2283 μόνον
604 2205 719 2278 δούλων,
731 2204 790 2265 ἀλλ’
802 2204 853 2277 ἡδη

83 2297 130 2355 καῖ
144 2296 296 2375 ἐλευθέρων.
339 2296 386 2375 (ευ)
403 2294 509 2373 Βραχύς
526 2293 637 2370 δλόγος·
656 2291 709 2353 οὐθ’
720 2292 853 2370 ἡσύχασεν

82 2382 137 2442 οὐθ’
153 2384 217 2453 did<
239 2381 368 2461 ἡσυχάσει
380 2378 443 2439 ποτέ
462 2378 638 2454 άνθεσταμένη
661 2377 706 2437 καλ
725 2379 857 2437 ἐναντιου-

83 2470 151 2547 μένη
165 2478 219 2539 τοῖς
239 2470 392 2548 ἡμετέροις,
418 2468 477 2528 οὐδέ
499 2466 625 2539 στήσεται
642 2470 687 2527 τοῦ
709 2466 767 2525 καθ’
780 2468 856 2541 ἡμῶν

82 2559 199 2634 πολέμου
211 2557 257 2616 καλ
268 2561 314 2630 τῆς
325 2557 467 2629 κινήσεως,
482 2556 530 2623 έως
537 2554 569 2614 διν
579 2554 666 2632 μένειν
678 2555 762 2630 ἐῶμεν
773 2552 855 2625 αὐτὴν

82 2646 128 2707 έπῖ
141 2651 193 2707 τῶν
208 2648 309 2715 αὐτῶν,
325 2643 370 2703 καῖ
385 2643 422 2724 μή
435 2644 521 2717 πάντη
537 2642 665 2720 έξελωμεν
678 2641 696 2713 ’ἡ
709 2640 760 2699 tri
775 2644 853 2721 χεῖρα

82 2737 156 2814 σριῗιν
176 2732 358 2809 ποιησώμεθα.
375 2760 387 2783 ν

124 2813 188 2874 XV.
200 2814 328 2883 «Ταύτης
339 2810 423 2871 τοίνυν
435 2855 443 2882 ,
453 2798 554 2890 ώιρίλοι
565 2809 670 2889 ἄνδρες,
681 2807 751 2889 [καὶ]
762 2806 846 2866 τοιαύ-

84 2922 133 2970 της
154 2902 254 2966 πόλεως
274 2899 521 2971 άντικαθεστηκυίας
534 2902 597 2977 ἡμῖν
610 2898 655 2956 καῖ
668 2896 755 2956 πάντα
768 2918 852 2977 πρατ·

83 2990 180 3062 τούσης
193 2990 253 3051 καθι
269 2993 343 3066 ἡμῶν
362 2992 479 3070 φανερῶς
501 3012 529 3047 τε
548 2988 594 3047 καῖ
614 2989 717 3061 άρανιῦς
740 2987 786 3045 καλ
805 2985 853 3057 τήν

82 3079 214 3157 ἡμετέραν
236 3076 455 3149 έπιόουλευούσης
467 3076 569 3158 οῖρχὴν,
584 3076 661 3151 ἡμεῖς
680 3075 854 3152 διαμέλλομεν

81 3166 125 3225 καῖ
149 3165 225 3244 λόγον
249 3164 339 3224 οὐδένα
363 3162 521 3239 ποιούμεθα,
548 3162 610 3221 οὐδέ
635 3160 735 3241 πρῖνὴ
766 3163 854 3229 κακῶς

82 3257 178 3335 δρᾶσαι
192 3258 276 3329 ἡμᾶς,
296 3254 442 3331 σπεύδομεν
461 3252 542 3323 αὐτὴν
564 3250 675 3323 ἐξελεῖν,
693 3247 762 3309 titt
778 3249 853 3326 νομί·

83 3346 161 3419 ζομεν
176 3342 214 3423 ἐρ’
230 3347 296 3417 ἡμῖν
313 3333 379 3402 εῖναι
402 3340 443 3400 riri
464 3339 623 3427 διατίθεσθαι
637 3338 680 3397 τδν
702 3337 818 3413 πόλεμον
834 3328 853 3415 ἡ

83 3431 258 3510 βουλοίμεθα;
273 3430 317 3488 καὶ
329 3433 376 3489 οὐκ
390 3428 498 3506 οἴδαμεν
511 3432 545 3494 ὡς
559 3426 594 3485 τδι
603 3429 656 3485 τῶν
671 3424 795 3501 πολέμων
808 3427 853 3485 καὶ

80 3521 134 3580 τῶν
157 3520 255 3598 καιρῶν
280 3516 343 3597 ἔργα
364 3519 394 3576 οὐ
420 3516 532 3593 μινετά,
554 3514 599 3573 καλ
619 3517 656 3594 τῷ
680 3512 766 3591 χρόνῳ
781 3510 852 3569 οὐδέν

80 3607 234 3664 άνέλπιστον
245 3649 253 3679 ,
265 3603 311 3663 καλ
325 3604 357 3663 τδι
373 3608 419 3675 τῆς
435 3603 516 3682 τύχης
530 3601 619 3674 ἄδηλα
635 3604 790 3678 πανταχοῦ,
807 3597 853 3656 καῖ

79 3692 112 3752 τδ
125 3697 176 3752 τῶν
187 3692 351 3773 πραγμάτων
360 3691 433 3759 τέλος
446 3690 613 3766 ἀστάθμητον
621 3689 667 3748 καὶ
682 3690 854 3766 ἀτέκμαρτον,

80 3782 127 3841 καῖ
151 3782 189 3841 δεῖ
208 3781 242 3840 τδι
261 3784 370 3839 τοιαῦτα
388 3778 586 3859 προλαμβάνειν
606 3800 635 3835 τε
657 3776 698 3837 δελ
718 3776 778 3841 τούς
793 3778 853 3833 νοῦν

82 3869 205 3949 ἔχοντας,
221 3867 365 3948 καίκαιρδν
379 3868 488 3947 ἔχοντας
503 3865 663 3927 ἐπιτίθεσθαι
676 3868 728 3931 τοῖς
743 3862 853 3941 ἐχθροῖς,

82 3959 127 4015 καὶ
140 3958 177 4031 μή
193 3956 330 4035 ἀναμένειν
343 3962 436 4016 παθεῖν
451 3957 538 4021 κακῶς
552 3954 598 4013 καῖ
609 3953 668 4013 τότε
681 3950 832 4029 ἀμύνασθαι
843 3994 851 4023 ,

83 4046 150 4105 ἀλλὰ
164 4046 215 4125 πρδ
227 4051 273 4104 τοῦ
288 4049 379 4105 παθεῖν
396 4047 497 4123 μᾶλλον
512 4044 603 4111 αὐτούς
614 4044 676 4123 δρᾶν
688 4041 732 4102 καῖ
744 4062 853 4120 προεπι·

84 4131 217 4193 ὐουλεύειν
230 4133 247 4205 ἡ
258 4131 456 4193 άντεπιῦουλεύι
462 4157 493 4207 ιν,
501 4132 546 4191 καῖ
556 4136 632 4191 τοῦτο
644 4131 757 4205 νομίζειν
766 4128 855 4207 κέρδος

83 4223 110 4281 έν
127 4225 183 4289 τοῖς
196 4222 320 4289 τοιούτοις
332 4222 348 4281 δ
361 4246 386 4280 τι
401 4222 432 4281 διν
449 4220 578 4302 προλάβοι
592 4242 631 4286 τις
653 4217 819 4289 ἐξαπατήσας
837 4216 855 4287 ἡ

914 1937 944 2014 (α)
966 1936 1076 2005 Ἅπλοῦς
1093 1936 1212 2014 δλόγος·
1230 1934 1385 2015 αίροῦμαιῆ
1405 1941 1462 2015 μετ’
1477 1941 1558 2011 αὐτῆς
1572 1941 1617 1999 καῖ
1634 1944 1683 2013 τὴν

912 2024 1043 2103 ἡμετέραν
1056 2023 1125 2103 ἔχειν
1143 2023 1241 2103 οῖρχὴν,
1254 2021 1272 2095 ἢ
1286 2024 1382 2098 ταύτης
1392 2025 1473 2105 χωρὶς
1485 2026 1531 2085 καῖ
1544 2026 1641 2098 ταύτην
1653 2054 1681 2109 γε

910 2111 1114 2180 ξυναπούαλεῖν·
1138 2114 1197 2186 μετ’
1209 2114 1290 2182 αὐτῆς
1307 2110 1368 2193 γδιρ,
1384 2104 1414 2171 εὐ
1427 2112 1498 2185 ἴστε,
1514 2114 1559 2172 καί
1571 2115 1604 2172 τά
1619 2114 1684 2175 ὄντα

910 2204 974 2276 ἡμῖν
992 2198 1088 2277 βίόαια
1101 2198 1147 2257 καλ
1165 2197 1198 2258 τδι
1213 2196 1251 2274 μὴ
1271 2199 1334 2258 ὄντα
1351 2198 1450 2273 κτητά,
1463 2199 1523 2259 άνευ
1543 2199 1570 2259 δέ
1586 2201 1684 2273 ταύτης

911 2286 928 2357 ἡ
945 2286 1057 2366 ἐχούσης
1069 2288 1103 2348 ώς
1118 2282 1191 2365 ἐχει,
1211 2288 1262 2344 τῶν
1279 2308 1309 2344 τι
1329 2285 1463 2366 ἡμετέρων
1484 2286 1557 2346 οὐδέν
1573 2288 1685 2365 πιστὸν,

911 2378 963 2433 τῶν
977 2398 1006 2433 τε
1026 2373 1113 2432 ἄλλων
1135 2372 1206 2432 οὐδέν
1222 2372 1358 2433 ἐλπιστόν·
1402 2373 1433 2451 (ι)
1446 2372 1498 2433 εἴτε
1511 2376 1562 2454 γὰρ
1581 2375 1686 2457 ἔχοντες

911 2454 982 2522 οὐτοι
995 2462 1093 2534 ταύτην
1116 2461 1162 2521 καῖ
1177 2458 1326 2540 βιαζόμενοι
1340 2461 1403 2543 παρ’
1418 2466 1510 2539 ἡμῶν,
1531 2462 1685 2544 ξυμμαχίαν

911 2550 1081 2631 ἰσχυροτέραν
1096 2548 1242 2617 έπέξωνται
1255 2548 1300 2609 καί
1317 2554 1365 2621 τῆς
1381 2552 1441 2609 καθ’
1464 2555 1536 2627 ἡμᾶς
1548 2552 1683 2626 θαλάσσης

910 2640 1091 2719 κρατήσωσιν,
1114 2640 1141 2696 ίν
1161 2635 1285 2705 πολέμοις
1301 2637 1341 2696 δεῖ
1353 2636 1388 2695 τίε
1407 2638 1523 2718 ἡμέτερα
1544 2640 1618 2699 ἔσται
1637 2640 1683 2699 καῖ

910 2727 1035 2790 κινδύνοις
1047 2724 1093 2784 καῖ
1102 2725 1229 2791 δαπάναις
1240 2724 1395 2800 ἐπιζημίοις,
1406 2728 1451 2785 καῖ
1458 2727 1488 2785 εδ
1496 2726 1578 2807 πέρας
1587 2726 1684 2799 άδηλον

910 2819 956 2871 τοῦ
970 2813 1098 2889 πολέμου·
1116 2812 1202 2871 πολλὰ
1216 2812 1267 2892 γδιρ
1287 2813 1333 2871 καῖ
1351 2814 1425 2892 παρδι
1442 2815 1519 2894 λόγον
1538 2816 1682 2891 πολλάκις,

910 2900 955 2960 καὶ
977 2892 1014 2959 ὧν
1029 2902 1077 2960 οὐκ
1097 2900 1129 2959 άν
1153 2924 1192 2967 τις
1210 2898 1418 2982 προσεδόκησεν,
1438 2905 1465 2961 ἐν
1487 2911 1540 2972 τοῖς
1559 2904 1685 2974 τοιούτοις

913 2988 1062 3067 ξυμθαίνειν
1077 2987 1181 3071 ριλεῖ,δ
1192 3012 1220 3047 τε
1233 2990 1348 3066 πολεμος
1362 2991 1540 3067 μηκυνόμενος
1558 2992 1585 3057 ἐς
1599 2990 1680 3071 τύχας

908 3076 943 3136 τδε
972 3076 1057 3137 πολλά
1083 3075 1266 3154 περιίσταται·
1308 3079 1341 3155 (ε)
1364 3076 1416 3137 εῖτε
1437 3078 1516 3139 πάλιν
1541 3078 1579 3155 μὴ
1600 3078 1678 3138 δυνά-

910 3188 983 3242 μενοι
997 3164 1087 3234 σώζειν
1103 3163 1200 3237 αὐτήν,
1221 3164 1317 3247 ἑτέροις
1337 3165 1513 3247 ἰσχυροτέροις
1536 3169 1608 3245 σρῖιν
1623 3169 1680 3226 ἐπι-

911 3252 1041 3334 τρέψωσι,
1061 3252 1106 3311 καῖ
1123 3252 1229 3330 σώμασι
1248 3252 1293 3311 καλ
1304 3252 1425 3334 χρήμασι
1443 3254 1489 3313 καλ
1504 3253 1621 3334 τριήρεσι
1636 3255 1681 3315 καλ

910 3342 1000 3408 ὅπλοις
1019 3341 1140 3408 καὶτοῖς
1169 3351 1248 3400 πᾶσιν
1276 3340 1371 3423 άριστα
1392 3343 1587 3423 ἐξηρτυμένας,
1612 3348 1636 3403 οί
1660 3344 1682 3403 δ’

909 3428 1129 3511 ἐρρωμενέστερον
1149 3429 1306 3498 άνθέξωνται
1327 3433 1378 3489 τῶν
1400 3433 1564 3510 πραγμάτων
1581 3432 1626 3491 καί
1647 3434 1682 3499 ὣς

908 3516 1009 3575 οἰκιέων
1023 3515 1075 3589 ἡδη
1086 3515 1313 3591 δντιποιήσαιντο,
1326 3519 1447 3578 σκοπεῖτε
1455 3520 1482 3577 έν
1494 3516 1556 3586 οῖοις
1568 3518 1600 3576 τά
1610 3523 1682 3595 ἡμέ-

909 3626 971 3681 τερα
980 3603 1063 3663 ἐσται.
1106 3605 1139 3681 (ε)
1151 3604 1232 3665 Πόλιν
1244 3602 1312 3663 οὐτω
1328 3604 1446 3684 μεγάλην
1457 3608 1484 3662 ἐν
1495 3605 1624 3687 ἐπικαίρῳ
1634 3612 1680 3684 γῆς

909 3692 953 3751 καὶ
969 3691 1102 3764 θαλάσσης
1110 3691 1249 3769 κειμένην,
1264 3692 1428 3772 ἐρσρμοῦσάν
1443 3715 1469 3750 τε
1482 3701 1536 3759 τοῖς
1546 3695 1682 3775 ἡμετέροις

910 3780 949 3837 δεῖ
971 3780 1017 3837 καί
1038 3788 1089 3847 τοῖς
1103 3784 1178 3858 ἡμῶν
1196 3780 1369 3859 έπιρυομένην
1391 3786 1511 3861 σαθροῖς,
1527 3780 1636 3857 δύναμίν
1653 3806 1681 3842 τε

909 3866 1077 3945 κτησαμένην
1097 3867 1250 3947 ἀντίρροπον
1265 3865 1317 3926 ιἰπδ
1328 3873 1381 3949 1τοῦ
1399 3866 1457 3927 ἴσου
1472 3871 1535 3945 ἡμῖν
1556 3870 1680 3948 πολεμεῖν

910 3955 1024 4033 ἐγὼμὲν
1046 3947 1139 4034 οἶμαι,
1160 3958 1218 4014 ἀλλ’
1234 3956 1264 4014 οὐ
1280 3955 1410 4032 βούλομαι
1423 3956 1509 4033 λέγειν
1530 3956 1603 4015 οὐδέν
1618 3960 1681 4016 δυσ-

910 4038 1000 4115 χερές,
1019 4035 1141 4116 τρέποιτο
1163 4036 1186 4092 δ’
1200 4036 1236 4101 ιές
1256 4033 1302 4101 rt<
1321 4038 1373 4093 τῶν
1397 4038 1496 4113 ἐχθρῶν
1516 4035 1631 4116 κεραλδις
1653 4035 1683 4095 εδ

912 4124 1084 4205 βλάσφημον,
1098 4122 1169 4193 πλὴν
1183 4126 1206 4181 εί
1221 4124 1267 4181 καὶ
1281 4121 1363 4182 δεινόν
1379 4146 1417 4201 τῳ
1430 4127 1558 4199 ἀκοῦσαι,
1572 4126 1602 4183 οὐ
1620 4126 1684 4204 πρὸς

912 4216 986 4289 ἡμῶν
1011 4213 1100 4291 γεκαὶ
1121 4216 1166 4270 τοῦ
1189 4210 1318 4291 ἡμετέρου
1341 4214 1423 4271 καλοῦ
1451 4212 1537 4291 τάγε
1564 4218 1682 4272 τοιαῦτα.

113 4404 128 4469 §
151 4410 187 4454 td.
205 4403 367 4467 Τιμὴριον·]τι
385 4406 466 4468 μὴρων
490 4402 578 4453 codex.
597 4404 710 4451 Fortasse
728 4402 781 4451 erat
796 4398 878 4462 μικρόν
895 4414 917 4447 τι
933 4397 1060 4458 Τιμὴριον.
1083 4394 1188 4444 ἐτνίτας.
1216 4399 1253 4451 1ο.
1275 4398 1304 4444 10
1322 4395 1401 4445 ωδειι
1421 4396 1500 4445 habet
1520 4397 1635 4458 Τεμήρτις
1657 4398 1683 4446 ci

85 4476 127 4527 tit.
150 4480 174 4537 θ,
189 4488 210 4524 c.
225 4478 251 4536 ἐ,
272 4480 286 4525 3
304 4492 310 4523 :
327 4475 421 4539 Τύμιρις
440 4474 583 4537 (Τέμιρεεέ)
601 4474 614 4520 i
628 4474 793 4532 Μασσαγετῶν
812 4486 837 4517 τε
858 4470 898 4518 καὶ
921 4470 1017 4517 Σκυθῶν
1032 4465 1148 4529 βασιλεύς.
1160 4464 1232 4528 Apud
1244 4465 1408 4515 ctatoooend.
1418 4479 1442 4529 p.
1459 4468 1489 4515 tt
1502 4468 1527 4516 ei
1541 4467 1632 4531 passim
1642 4470 1686 4516 Το·

84 4548 170 4610 μέρος,
183 4545 251 4608 apud
268 4545 405 4595 Phrantzen
415 4560 440 4609 p.
450 4549 490 4606 dt,
499 4550 528 4594 2ο
540 4543 667 4606 Ντεμίρης,
681 4541 748 4606 apud
758 4543 851 4590 Ducam
861 4554 884 4603 p.
899 4542 938 4599 57,
950 4542 981 4588 23
990 4537 1119 4601 Τεμὺρχᾰν
1129 4539 1254 4593 αουλτᾶνος
1263 4538 1366 4601 Περσίας
1377 4539 1418 4587 καὶ
1427 4539 1566 4594 Βαθυλῶνος
1573 4540 1684 4586 vocatur.

83 4618 170 4667 Timur
189 4616 214 4665 in
235 4618 398 4666 osmanorurn
415 4616 532 4667 ditionem
553 4613 642 4677 irrupit
662 4626 726 4663 anno
741 4614 810 4662 1100.
826 4612 889 4659 Eum
905 4624 921 4658 α
939 4607 1077 4671 Byzantinis
1097 4609 1182 4657 contra
1199 4609 1294 4657 Τατοοο
1314 4606 1448 4658 excitatum
1460 4621 1528 4666 σανα,
1542 4620 1602 4656 num
1623 4605 1685 4655 aliu·

84 4687 192 4751 scriptor
204 4684 346 4746 tradiderit,
361 4699 455 4749 quaero.
475 4685 485 4748 11
503 4711 533 4721 -
551 4686 606 4748 παρ’
622 4683 687 4732 οὐδέν
700 4684 799 4743 ἤλθομεν
820 4678 944 4742 ἐκπεσεῖν]
966 4691 1002 4727 sc.
1023 4680 1079 4740 post
1098 4675 1212 4739 proetium
1232 4676 1265 4726 ad
1283 4681 1380 4739 tagora
1396 4690 1480 4727 memo
1494 4675 1605 4725 tuttirn.
1626 4677 1685 4724 1402

85 4756 261 4817 commissum,
280 4769 330 4819 quo
344 4755 469 4817 Batasidrs
482 4756 568 4819 captus
587 4755 634 4803 est.
647 4753 658 4816 ἡ
672 4779 703 4788 -
721 4752 736 4815 §
759 4754 796 4799 17.
816 4748 941 4813 Ἰωάννην]
958 4750 1077 4799 ioannem
1093 4746 1252 4810 Ηυπγεθοω,
1271 4761 1311 4798 εει.
1335 4749 1391 4797 rttt
1414 4759 1451 4811 rq.
1463 4748 1495 4796 V.
1512 4744 1638 4795 zinkeiseu
1661 4750 1683 4795 t.

86 4840 103 4891 ρ
130 4831 174 4878 εον
186 4838 243 4889 sqq.

115 4900 167 4948 XV.
183 4898 230 4947 Καὶ
244 4900 300 4947 ante
318 4903 417 4947 rotatim
435 4894 535 4945 inserui.
551 4893 562 4957 ἡ
578 4920 606 4929 -
628 4894 717 4943 πατῶν
735 4894 843 4954 πολέμων
863 4892 965 4940 καὶτῶν
981 4892 1070 4951 καιρῶν
1091 4888 1147 4952 έργα
1166 4889 1195 4938 οὐ
1211 4888 1311 4953 μενετά]
1328 4886 1439 4950 Thucyd.
1457 4890 1479 4949 1,
1494 4889 1546 4946 142,
1564 4889 1574 4934 1
1590 4905 1597 4935 2
1615 4885 1683 4934 τοῦδε

85 4969 191 5031 πολέμου
214 4969 236 5016 oi
252 4969 329 5029 καιροὶ
347 4968 375 5017 οὐ
390 4966 489 5029 μενετοί.
511 4965 522 5029 ΙΙ
541 4990 571 5000 -
587 4964 617 5012 τὰ
627 4969 669 5022 τῆς
687 4961 759 5026 τύχης
775 4961 864 5026 οῖδηλα]
888 4962 967 5010 Thuc.
988 4964 1052 5019 2,11,
1066 4962 1082 5006 i
1105 4978 1112 5007 r
1129 4958 1203 5017 άδτλα
1214 4960 1259 5021 γὰρ
1275 4960 1306 5008 τὰ
1318 4964 1365 5007 τῶν
1376 4958 1493 5019 πολέμων.
1513 4956 1524 5021 ΙΙ
1543 4981 1574 4992 -
1593 4956 1620 5004 τὸ
1637 4960 1684 5003 τῶν

86 5038 227 5103 πραγμάτων
235 5037 298 5093 τέλος
306 5034 556 5099 ὐστάθμητσν]ΤΙιιιο.
570 5036 594 5093 θ,
609 5036 648 5093 59,
664 5037 674 5082 1
691 5049 698 5079 ·.
713 5031 860 5093 ἀστάθμητον
872 5032 899 5080 τό
913 5037 955 5089 τῆς
968 5031 1090 5092 ξυμφορᾶς.
1105 5028 1117 5091 11
1130 5056 1161 5064 -
1172 5030 1216 5078 οὐκ
1226 5031 1286 5079 ιῖαίν
1305 5030 1343 5077 ἐπὶ
1355 5026 1448 5092 ῥητοῖς]
1458 5025 1536 5076 Thur.
1555 5031 1576 5087 1,
1587 5029 1638 5086 122,
1652 5032 1678 5075 1:

87 5112 176 5168 ἡκιστα
188 5108 233 5169 γὰρ
249 5108 263 5156 δ
280 5106 381 5170 πόλεμος
393 5108 432 5157 ἐπὶ
447 5109 526 5171 ῥητοῖς
545 5106 631 5167 χωρεῖ,
650 5103 719 5159 αὐτὸς
736 5102 761 5151 δέ
773 5103 811 5166 ἀφ’
826 5104 901 5151 αὐτοῦ
915 5104 945 5151 τὰ
958 5100 1033 5150 πολλὰ
1046 5106 1152 5163 τεχνᾶται
1164 5102 1221 5164 πρὸς
1235 5101 1264 5149 τὸ
1276 5098 1466 5162 παρατυγχάνον.

116 5180 181 5228 xvt.
194 5176 209 5241 §
224 5182 244 5226 t.
256 5178 349 5237 Ταύτην
358 5180 414 5241 post
428 5189 454 5226 τ.
465 5178 507 5235 τὴν
520 5174 587 5225 πόλιν
598 5172 720 5237 supplevit
728 5185 822 5236 margo.
843 5171 854 5235 ἡ
870 5202 896 5215 -

178 5279 323 5315 intertum
341 5278 438 5315 utstott.
455 5278 533 5315 cttaec.
552 5288 584 5302 ··
601 5272 656 5313 wia.
675 5273 700 5310 V.

911 5172 925 5236 §
943 5179 966 5221 d.
982 5172 1010 5220 Et
1024 5172 1064 5219 καὶ
1078 5171 1152 5221 δεινόν
1165 5187 1199 5235 τῳ
1216 5169 1331 5233 ἀκοῦσαι]
1345 5168 1382 5219 ci.
1400 5168 1479 5219 Titne.
1494 5172 1515 5232 1,
1526 5174 1566 5230 tt,
1582 5173 1597 5219 2
1615 5184 1622 5219 ε
1640 5167 1683 5227 τήν

1575 5264 1589 5309 ὓ
