3809 5859
833 587 1281 693 ΚΡΙΤΟΒΟΥΛΟΥ

767 814 1000 875 ΞΥΓΓΡΔΦΗΣ
1020 814 1202 875 ΙΣΤΟΡΙΩΝ
1220 766 1351 872 ΙΤΡΙΤΠ.

924 996 1184 1022 ψ

245 1188 355 1251 Περιέχε,
371 1186 412 1243 ᾖδε
423 1184 465 1235 τόν
477 1202 503 1236 τε
523 1186 626 1249 πόλεμον
641 1192 689 1236 τῶν
709 1188 907 1246 Πελοποννησίων
925 1192 966 1237 καῖ
984 1190 1026 1247 τήν

276 1260 371 1321 πρώτην
382 1259 423 1307 καὶ
434 1258 543 1320 δευτέραν
556 1258 656 1318 ἐσδολὴν
668 1262 712 1307 τοῦ
729 1259 845 1321 βασιλέως
860 1261 901 1307 καὶ
915 1262 958 1318 τὴν
969 1277 1027 1309 παν-

276 1331 333 1388 τελῆ
347 1329 510 1390 καταστροφὴν
528 1330 569 1376 καὶ
589 1328 695 1379 δουλείαν
709 1327 799 1378 τούτων
819 1331 859 1379 καί
873 1332 952 1394 ἐτέρας
965 1331 1025 1395 πρά-

276 1401 321 1457 ξεις
335 1401 360 1451 ῖν
373 1406 407 1462 τῷ
421 1399 514 1461 μεταξύ.
532 1400 624 1462 Χρόνου
633 1402 720 1459 πλῆθος
729 1400 771 1457 έτη
782 1400 843 1464 τρία.

286 1540 342 1598 Τοῦ
369 1538 392 1597 δ’
403 1540 481 1598 αἰετοῦ
495 1542 625 1618 χειμῶνος
639 1538 683 1598 καὶ
699 1539 819 1619 βασιλεὺς
832 1540 933 1618 πέμπει
958 1565 1026 1622 πρε·

247 1625 339 1685 σόείαν
355 1628 380 1692 ἐς
400 1625 618 1701 Πελοπόννησον,
640 1630 759 1687 ἀπαιτῶν
782 1628 856 1709 παρὰ
876 1633 929 1689 τῶν
942 1629 1025 1708 ταύτῃ

246 1714 383 1793 ἡγεμόνων
403 1714 463 1780 τοὺς
481 1715 613 1782 ἐπετείους
631 1716 742 1794 ρόρους,
757 1715 800 1785 οθς
822 1716 932 1799 ὤρειλον
954 1722 1026 1799 αὐτῷ

246 1806 325 1881 τριῶν
340 1804 405 1862 ἐτῶν
423 1824 474 1861 που
490 1802 667 1879 μάλιστα.οἰ
685 1801 736 1883 γδρ
754 1808 801 1875 τῆς
823 1808 1026 1881 Πελοποννήσου

245 1889 385 1961 δεσπόται,
398 1893 445 1957 τῆς
456 1888 613 1958 Βυζαντίδος
627 1889 741 1964 ἀλούσης
748 1936 757 1965 ,
769 1894 841 1961 εὐθὺς
855 1895 1026 1975 νεωτερισάν·

244 2001 297 2038 των
307 1980 360 2039 τῶν
370 1981 397 2037 έν
410 1977 605 2059 Πελοποννήσῳ
617 1978 753 2059 Ἰλλυριῶν
764 1982 810 2040 καλ
823 1984 1025 2044 ἐπαναστάντων

245 2069 349 2143 αύτοῖς,
358 2068 482 2127 καλοῦσιν
497 2068 523 2133 ές
536 2066 688 2146 ἐπικουρίαν
704 2069 747 2128 τδν
764 2070 891 2150 βασιλέα,
902 2075 1021 2152 ὑπεσχη-

246 2153 318 2231 μένοι
333 2152 418 2234 τούτῳ
432 2153 531 2231 δασμδν
546 2155 650 2227 ἀτήσιον
664 2156 804 2238 ἀποφέρειν
818 2157 870 2218 ἀπὸ
885 2161 1023 2220 Πελοπον-

245 2242 325 2313 νήσου
338 2243 447 2323 χρυσίου
468 2248 602 2323 στατῆρας
621 2242 822 2325 ἑξακισχιλίους.
846 2244 879 2326 (ο)
895 2246 1024 2313 Πασιλεθς

246 2331 273 2390 δέ
288 2331 395 2410 δέχεται
404 2329 503 2398 τούτοις
518 2329 768 2411 ξυμμαχήαειν,καὶ
779 2334 889 2415 παρέχει
899 2334 1026 2413 στρατιάν

244 2418 337 2489 ίκιινήν
350 2420 448 2486 αὐτοῖς.
461 2422 496 2479 Οἰ
509 2421 524 2478 δ
529 2418 540 2476 ὲ
557 2417 599 2489 ξδν
613 2418 696 2499 ταύτῃ
710 2421 955 2501 καταγωνισάμενοι
967 2420 1026 2490 τοθς

245 2505 389 2585 Ἰλλυριούς
411 2507 564 2565 δουλοῦνται
586 2507 691 2575 τελείως
713 2507 759 2568 καί
782 2508 861 2589 ρόρου
889 2516 1026 2569 ποιοῦνται

244 2594 387 2661 ύποτελεῖς.
398 2592 475 2655 Μιτδι
483 2594 567 2653 τοῦτοί
578 2618 607 2674 γε
619 2595 681 2673 μήν,
689 2595 733 2655 τδν
744 2597 843 2673 δασμὸν
854 2599 1026 2666 ἀπαιτοῦντος

243 2684 291 2738 τοῦ
307 2681 451 2760 βασιλέως,
466 2685 515 2741 οῦκ
529 2684 665 2742 ἀπεδίδουν
681 2683 790 2766 ῥρδίως,
804 2685 983 2764 πλαττόμενοί
996 2711 1025 2746 τε

243 2769 321 2833 κενάς
339 2770 425 2835 αἰτίας
451 2770 492 2829 ἀεί
506 2770 552 2829 καί
567 2770 697 2839 ἀναάολδις
720 2773 749 2831 ού
770 2772 870 2847 καλάς,
887 2775 975 2835 καίτοι
994 2799 1025 2855 γε

244 2856 425 2934 λαμάάνοντες
432 2858 555 2918 αύτοίτδν
566 2859 665 2937 δασμδν
674 2858 747 2939 παρδι
757 2862 808 2919 τῶν
820 2863 955 2941 Ἰλλυριῶν
964 2865 1026 2935 ἰτη-

246 2945 308 3013 σίιος
323 2948 362 3025 ἐρ’
377 2936 400 3026 ᾧ
414 2945 592 3006 καταδάλλειν
606 2951 645 3029 τῷ
660 2949 776 3028 βασιλεῖ·
790 2950 813 3007 οἰ
835 2948 862 3010 δὲ
883 2949 1024 3021 ἀνήλισκον

244 3036 271 3102 ἰς
285 3033 408 3115 ἀκαίρους
427 3035 544 3103 δαπάνας
560 3036 643 3113 ἰδίας,
668 3035 894 3117 παρακρουόμενοι
914 3038 958 3098 τὸν
975 3043 1025 3118 βα-

244 3120 331 3183 σιλέα.
376 3124 409 3200 (ι)
426 3121 546 3199 Πίμπων
561 3114 605 3181 σ’ύν
620 3124 746 3190 πολλάκις
760 3125 825 3206 πρὸς
841 3126 934 3194 αὐτοὺς
949 3128 1023 3186 οὐδέν

243 3210 337 3281 ήνυεν·
348 3213 378 3270 οὐ
392 3215 468 3269 τοῦτο
482 3206 510 3268 δέ
526 3209 605 3287 μόνον
618 3202 666 3283 ήν,
679 3210 737 3269 ἀλλ’
750 3210 790 3271 ὅτι
804 3211 850 3270 καὶ
863 3212 928 3291 πρὸς
940 3213 1022 3285 ἀλλή·

243 3298 304 3363 λους
321 3296 502 3365 στασιάζοντές
516 3319 546 3354 τε
558 3288 625 3369 ήσαν
640 3298 686 3357 καί
698 3297 825 3369 ἠκούοντο
839 3302 863 3357 οἱ
878 3300 1020 3379 δεσπόται,

244 3386 289 3445 καί
304 3384 434 3461 πολέμους
447 3374 518 3464 εἰχον
535 3385 673 3466 ἰμρυλίους
688 3386 735 3443 καί
751 3387 856 3466 μάχας,
877 3389 921 3446 καὶ
935 3396 1024 3469 χεῖρον

245 3465 301 3553 εἶχε
312 3474 345 3531 τά
354 3476 401 3543 τῆς
413 3472 616 3542 Πελοποννήσου
623 3474 656 3532 δι’
665 3472 765 3551 αἰτίας,
776 3472 806 3540 θς
816 3474 908 3555 μικρὸν
916 3473 1023 3555 ὕστερον

245 3563 364 3640 ἀροῦμεν.
404 3563 439 3641 (a)
461 3560 532 3641 Πρδς
554 3559 660 3629 τούτους
679 3552 724 3622 σύν
746 3560 807 3629 τοὺς
829 3561 951 3642 πρέσόεις
971 3564 1024 3632 ἐξέ-

243 3670 361 3727 πεμπεν,
377 3648 435 3726 ἅμα
451 3647 499 3724 μὲν
515 3651 634 3707 ἀπαιτῶν
658 3649 702 3709 τδν
723 3650 841 3728 δασμὸν,
855 3652 912 3727 άμα
932 3650 960 3710 δὲ
978 3652 1023 3711 καὶ

245 3742 321 3797 τάκεῖ
334 3736 565 3817 κατασκεψόμενος
585 3740 686 3806 καλῶς·
704 3739 795 3797 ἰδεδίει
810 3740 862 3819 γάρ
886 3739 990 3817 μήποτε
1006 3746 1022 3814 ἡ

244 3825 308 3904 πρδς
327 3827 456 3899 ἀλλήλους
472 3823 538 3897 αθτη
557 3824 655 3885 τούτων
681 3829 794 3908 διαφορά
815 3852 845 3887 τε
865 3830 910 3888 καί
930 3828 1023 3897 στάσις

244 3913 410 3993 ἐπαγάγηται
422 3912 482 3982 τοδς
495 3912 613 3982 Ἰταλούς
628 3916 653 3982 ές
667 3916 870 3989 Πελοπόννησον
883 3916 901 3987 ή
916 3918 981 3975 άλλο
995 3942 1021 3977 τι

215 4074 221 4083 ⁴
243 4003 316 4081 γένος
337 4008 389 4061 τῶν
405 4006 548 4084 ἑσπερίων,
561 4005 606 4064 καί
622 4006 834 4083 προκαταλαόεῖν
850 4006 927 4073 αἰιτδς
947 4005 1024 4066 έόού-

1081 1193 1140 1249 λετο
1155 1187 1268 1266 ταύτην,
1284 1187 1375 1269 χώραν
1389 1212 1417 1247 τε
1440 1180 1520 1249 οὖσαν
1536 1187 1715 1269 ἐχυρωτάτην
1734 1188 1815 1267 ρύαει
1829 1204 1868 1247 καί

1080 1279 1169 1345 πολεις
1178 1276 1292 1359 ἔχουσαν
1300 1276 1398 1357 ὀχυράς
1410 1300 1440 1336 τε
1453 1276 1499 1337 καί
1513 1276 1592 1355 λόγου
1606 1275 1684 1345 ἀξίας
1699 1274 1751 1335 καὶ
1765 1278 1868 1356 φρούρια

1081 1368 1192 1426 πλεῖστά
1206 1389 1235 1426 τε
1250 1366 1296 1425 καί
1315 1364 1467 1438 δυσάλωτοι,
1481 1366 1526 1424 καὶ
1547 1366 1600 1433 τοῖς
1622 1374 1711 1424 πᾶσιν
1737 1364 1868 1447 αὐτάρκεις

1081 1452 1194 1534 ίχουσαν
1208 1453 1273 1535 πρός
1285 1476 1314 1513 τι
1328 1454 1443 1531 πολεμον
1462 1452 1508 1513 καὶ
1523 1452 1642 1535 εἰρήνην,
1660 1451 1768 1519 θέσεείις
1783 1477 1813 1511 τε
1828 1456 1866 1511 λε·

1079 1548 1180 1623 χοῦσαν
1195 1541 1333 1621 ἐπικαίρου
1347 1542 1417 1602 κατδι
1427 1546 1476 1619 γῆν
1491 1565 1520 1602 τε
1534 1542 1580 1601 καὶ
1591 1542 1741 1601 θάλασσαν
1763 1543 1813 1599 καὶ
1832 1544 1868 1600 δι-

1080 1630 1195 1709 νοιμὲνην
1213 1629 1401 1711 παραπέμπειν
1416 1630 1504 1697 καλῶς
1514 1630 1574 1696 τούς
1588 1652 1616 1687 τε
1631 1629 1688 1687 ἀπὸ
1699 1628 1819 1709 Θρηίκης
1831 1634 1868 1688 και

1081 1719 1245 1786 Μακεδονίας
1267 1720 1292 1784 ἐς
1311 1718 1442 1791 Ἰταλίαν,
1455 1718 1514 1786 τούς
1527 1742 1556 1777 τε
1571 1717 1597 1787 ἰξ
1611 1718 1738 1784 Ἰταλίας
1762 1708 1869 1784 αάθιςίς

1079 1806 1189 1888 Θρᾴκην
1213 1830 1243 1865 τε
1264 1806 1310 1866 καί
1333 1806 1512 1869 Μακεδονίαν.
1559 1807 1594 1887 (ε)
1609 1807 1790 1887 Ἀρικόμενοι
1811 1808 1867 1865 δὲοὶ

1080 1893 1202 1975 πρίσόιις
1216 1897 1241 1962 ές
1257 1895 1457 1966 Πελοπόννησον
1472 1894 1518 1953 καί
1531 1894 1565 1953 τθι
1579 1896 1655 1975 παρὰ
1674 1900 1727 1955 τοῦ
1742 1896 1868 1975 βασιλέως

1081 1983 1286 2061 ἀπαγγείλαντες
1309 1980 1368 2041 οὔτε
1390 1984 1434 2043 τδν
1459 1982 1559 2060 δασμὸν
1591 1982 1692 2041 έλαῦον
1720 1984 1771 2041 καὶ
1798 1986 1868 2042 τάκεῖ

1081 2070 1168 2129 πάντα
1192 2062 1264 2149 εὗρον
1287 2070 1468 2151 ξυγκεχυμένα
1481 2095 1509 2131 τε
1524 2071 1570 2130 καὶ
1587 2072 1757 2143 νενοσηκότα
1773 2076 1866 2136 κακῶς.

1083 2158 1276 2231 Ἐπανήκοντες
1290 2150 1335 2219 οῦν
1348 2160 1511 2237 ἀπήγγειλαν
1524 2158 1614 2219 πάντα
1629 2163 1668 2241 τῷ
1679 2162 1806 2239 βασιλεῖ·
1818 2162 1867 2218 θέλ

1080 2247 1212 2327 προύργου
1221 2247 1373 2325 ποιούμενος
1382 2246 1430 2319 τὴν
1438 2248 1868 2328 π’ήςΠελοποννήσουκατάσχεαιι

1082 2334 1124 2393 διίι
1148 2335 1193 2395 τδν
1216 2335 1395 2413 μελετώμενόν
1419 2338 1443 2395 οἰ
1466 2335 1513 2395 καὶ
1533 2337 1594 2396 ὅσον
1610 2338 1641 2395 ού
1665 2336 1733 2416 πρδς
1748 2337 1868 2401 Ἰταλούς

1081 2422 1204 2500 ἐσόμενον
1217 2424 1351 2500 πολεμον,
1367 2426 1453 2491 καλῶς
1474 2447 1502 2482 τε
1518 2423 1657 2505 παράπλου
1669 2423 1801 2501 κειμένην
1818 2428 1869 2492 τῆς

1080 2510 1210 2585 Ἰταλίας,
1226 2514 1261 2577 ύις
1272 2512 1336 2591 έρην
1346 2556 1354 2587 ,
1366 2512 1411 2570 καί
1424 2510 1533 2587 λιμένας
1548 2513 1656 2591 ἔχουσαν
1668 2514 1802 2591 ἀσπαλεῖς
1814 2512 1868 2569 καὶ

1080 2599 1239 2679 ὁρμητήριον
1250 2589 1330 2659 οὖσαν
1341 2602 1379 2679 τῷ
1388 2598 1496 2679 πολέμῳ
1505 2598 1868 2677 οτρατευμάτιιεντεπολλῶιι

1080 2686 1126 2744 καί
1138 2690 1219 2758 νεῶν,
1234 2688 1322 2748 οὐκέτι
1337 2687 1442 2764 μέλλειν
1456 2686 1522 2767 ᾤετο
1534 2688 1605 2764 δεῖν,
1619 2686 1689 2746 ἀλλά
1707 2686 1866 2765 στρατεύειν

1080 2774 1106 2839 ές
1120 2772 1167 2845 τήν
1183 2773 1396 2847 Πελοπόννησον.

1121 2863 1160 2923 ll.
1183 2861 1231 2923 Ἐν
1245 2861 1329 2942 τούτῳ
1344 2862 1372 2921 δί
1387 2863 1432 2921 καί
1446 2864 1469 2922 οἰ
1485 2864 1511 2921 ἐν
1533 2860 1697 2945 Σαμανδρίκ
1719 2862 1793 2929 ὄντες
1816 2865 1863 2920 τῶν

1080 2949 1106 3007 ἓν
1129 2948 1200 3008 τέλει
1220 2948 1266 3008 καὶ
1288 2948 1319 3022 δὴ
1335 2948 1380 3009 καί
1394 2952 1412 3019 ἡ
1427 2944 1550 3033 Λαζάρου
1565 2949 1648 3027 γυνὴ,
1666 2948 1765 3022 ἐττειδέ·Ι
1786 2950 1862 3008 πολῶν

1080 3036 1131 3110 ήδη
1145 3036 1239 3118 χρόνον
1254 3036 1470 3118 πολιορκούμενοι
1486 3041 1534 3097 οὐκ
1548 3041 1692 3118 ἀντεῖχον,
1718 3038 1859 3110 ξυνέδησεν

1079 3128 1218 3208 ὁμολογία,
1231 3125 1298 3186 ὥστε
1309 3127 1434 3194 λαάόντες
1445 3127 1532 3186 πάντα
1547 3128 1580 3186 τδι
1592 3128 1701 3187 ἑαυτῶν
1716 3132 1763 3187 τοῦ
1778 3128 1860 3192 άοτεος

1080 3214 1190 3283 ἐξελθεῖν
1204 3219 1256 3283 σῶς
1269 3216 1315 3275 καί
1334 3218 1423 3275 κακῶν
1442 3217 1563 3282 ἀπαθεῖς·
1581 3220 1616 3293 τῇ
1634 3215 1664 3274 δέ
1690 3238 1723 3293 γε
1743 3215 1860 3292 Λαζάρει

1078 3304 1182 3383 γυναικὶ
1194 3304 1347 3380 πολίἀματα
1367 3304 1413 3364 δύο
1426 3304 1558 3384 παρέσχεν
1579 3305 1605 3370 ές
1618 3302 1711 3383 ἀρχὴν
1725 3302 1782 3362 ἀντὶ
1804 3301 1860 3361 Στ-

1080 3394 1207 3472 μανδρίας
1228 3398 1254 3460 ές
1276 3392 1433 3469 Δαλματίαν
1466 3391 1513 3451 καί
1532 3391 1668 3473 Βόατρονς
1691 3396 1705 3451 δ
1727 3390 1858 3469 βασιλεύς

1080 3481 1114 3560 (υ)
1131 3481 1166 3542 'H
1190 3480 1217 3539 δί
1241 3481 1360 3540 λαδοῦσα
1384 3481 1433 3551 τήν
1452 3505 1481 3540 τε
1505 3479 1636 3560 θυγατέρα
1653 3480 1706 3541 καί
1718 3481 1806 3538 πάντα
1820 3480 1861 3539 ’.δ-ν

1081 3569 1136 3648 βίον
1152 3570 1248 3641 αιἰτῆς,
1265 3568 1372 3651 ἀφίκετο
1384 3572 1409 3636 ἐς
1424 3568 1570 3649 Βόστρους,
1581 3571 1659 3627 κάκεῖ
1679 3567 1807 3637 ξυνάπτει
1818 3569 1861 3637 τήν

1079 3656 1209 3735 θυγατέρα
1223 3660 1261 3736 τῷ
1276 3654 1374 3715 τούτων
1389 3654 1514 3735 ἡγεμόνι,
1525 3652 1606 3715 δοῦσα
1617 3656 1668 3715 καλ
1681 3656 1784 3738 φερνήν
1798 3658 1859 3734 ἀπ’]
1902 3658 1903 3663 “

1078 3743 1112 3804 τί
1126 3743 1295 3820 πολίσματα,
1313 3744 1358 3802 καί
1371 3746 1465 3823 χρόνον
1478 3744 1568 3803 ίκαυδν
1590 3744 1674 3802 αὐτοῦ
1701 3747 1858 3823 διαγαγοῦσα

1079 3832 1187 3912 ὕστερον
1201 3832 1365 3893 ἀπέπλευσεν
1379 3836 1404 3899 ές
1417 3834 1553 3913 Κέρκυραν
1564 3831 1638 3911 παρά
1649 3846 1683 3891 τε
1698 3830 1750 3905 τήν
1765 3833 1859 3913 μητέρα

1079 3919 1123 3979 καί
1139 3918 1199 3988 τοὺς
1215 3920 1352 4002 ἀδελφούς.

1257 4127 1856 4161 .-.....-.,,-.

276 4172 297 4229 Ι,
309 4168 589 4235 ]1.πέμπειπρεσάείεν
602 4173 662 4237 σία]
674 4175 756 4223 Πιιοιιε
770 4187 794 4237 p.
807 4178 862 4233 339,
877 4185 887 4224 1
906 4194 912 4223 :
929 4174 971 4224 Ἐν
985 4176 1009 4224 δὲ
1024 4180 1057 4233 τῷ
1068 4176 1153 4239 ,ςηξῌ
1163 4176 1208 4225 ἔτει
1219 4178 1308 4225 στέλλει
1321 4177 1378 4240 πρὸς
1387 4176 1441 4233 τοὺς
1453 4177 1568 4232 δεσπότας
1583 4179 1777 4235 Πελοποννήσου
1788 4180 1861 4227 δοῦ-π

247 4241 309 4298 ἕνα,
321 4237 351 4287 δι’
366 4242 465 4303 ὁρισμοῦ
479 4243 606 4304 φρικώδους
625 4244 790 4306 διαλαμάάνων
805 4264 817 4287 ο
830 4252 881 4301 πῶς
892 4247 958 4305 ὑμεῖς
972 4246 1117 4301 οἰκειοθελῶς
1129 4248 1272 4309 ύπεσχέθητε
1283 4250 1325 4296 τοῦ
1338 4247 1419 4297 δοῦναί
1436 4264 1476 4309 μοι
1489 4247 1574 4311 φόρους
1587 4248 1642 4296 κατ’
1657 4250 1713 4306 ἔτος
1726 4251 1859 4311 νομάσμπ

244 4308 351 4374 χιλιάδας
365 4311 436 4372 δέκα,
448 4314 488 4359 νῦν
501 4312 526 4360 δῖ
538 4313 586 4375 δρῶ
597 4316 659 4376 υμᾶς
671 4316 872 4377 καταρρονοῦυτάς
885 4334 926 4379 με,
939 4316 980 4365 καὶ
994 4322 1041 4365 τῶν
1055 4319 1178 4376 συνθηκῶν
1190 4318 1333 4381 ἠμελήσατε.
1344 4318 1387 4367 Ἐκ
1399 4323 1447 4367 τῶν
1464 4318 1506 4368 δύο
1520 4316 1561 4366 οὖν
1580 4319 1661 4367 ἕλεσθε
1674 4321 1703 4367 τὸ
1715 4322 1859 4383 κρεῖττον]

243 4382 274 4429 τά
285 4381 483 4443 κεχρεωστημένσ
493 4384 646 4446 πληρώσατε,
656 4386 696 4433 καί
712 4385 778 4435 έσιιιι
788 4386 869 4448 ἀγάπη
882 4390 907 4437 έν
920 4390 987 4451 με’σῳ
999 4392 1066 4449 ήμῶν
1079 4388 1120 4437 καὶ
1132 4390 1199 4451 ὑμῶν
1208 4391 1240 4449 ,ἢ
1254 4390 1347 4451 ταχέως
1362 4390 1467 4445 ἐξέλθατε
1481 4388 1574 4451 άρίντες
1588 4390 1628 4437 τὸν
1641 4390 1721 4438 τόπον
1739 4392 1766 4439 ἐν
1782 4397 1812 4453 τῇ
1823 4392 1861 4450 ἐμέ,

244 4450 404 4513 δεσποτεία.»
416 4451 462 4499 Καὶ
476 4452 522 4514 γάρ
535 4452 598 4511 ἦσαν
611 4460 782 4516 χρεωστοιῖντες
795 4463 865 4519 τριῶν
880 4458 938 4506 ἐτῶν
957 4459 1029 4513 τέλος.
1043 4457 1080 4507 Cf.
1093 4458 1207 4508 Chalooc.
1222 4471 1247 4522 p.
1262 4462 1323 4518 442,
1336 4460 1362 4509 ελ
1374 4471 1399 4522 p.
1415 4462 1471 4515 414,
1486 4460 1510 4516 4,
1523 4458 1565 4508 ubi
1581 4476 1587 4506 :
1604 4458 1651 4507 ’Πν
1675 4460 1764 4514 αὐτοῖς
1785 4462 1859 4509 δέπ-

243 4537 304 4577 τειος
315 4520 383 4584 φόρος
399 4523 476 4583 μύριοι
490 4524 532 4570 καὶ
547 4522 658 4585 δισχίλιοι
667 4526 763 4587 χρυσίου
779 4533 898 4590 στατῆρες,
911 4528 922 4591 1]
935 4556 962 4564 -
977 4528 1164 4591 νεωτερισάντων
1180 4536 1247 4578 τῶν..
1261 4527 1391 4593 Ἰλλυριῶν]
1406 4526 1492 4578 Multis
1507 4522 1562 4577 haec
1574 4528 1742 4590 persequitur
1758 4529 1858 4578 (ἑδεῖται

245 4590 360 4654 condylas
369 4604 394 4655 ρ.
406 4594 517 4641 403414.
532 4592 585 4656 11-
594 4594 717 4658 στατῆρα]
727 4613 764 4658 γρ.
780 4599 902 4659 χρυσίνοιις
917 4612 983 4661 mgo.
997 4598 1007 4662 ΙΙ
1018 4624 1050 4635 -
1058 4598 1237 4664 ἑξακισχιλίους]
1248 4598 1325 4649 Aliter
1336 4600 1432 4658 Ducas,
1446 4598 1518 4647 aliter
1528 4596 1676 4656 chaleond„
1689 4602 1720 4648 ut
1734 4600 1815 4649 ιιιοδο
1828 4602 1859 4649 ιι-

244 4661 336 4711 dimus.
349 4660 360 4724 1]
371 4688 401 4702 -
409 4660 424 4724 §
433 4665 456 4711 4.
469 4663 560 4727 στάσις]
570 4663 636 4727 μάχη
644 4677 708 4726 lngo.
724 4664 774 4728 11-
785 4665 800 4728 §
810 4672 833 4717 5.
847 4671 925 4725 καλῶς
936 4686 962 4719 τε
975 4669 1100 4733 παράπλου
1112 4671 1235 4736 κειμένην]
1248 4670 1285 4720 Cf.
1299 4668 1412 4731 Thucyd.
1425 4673 1447 4728 ί,
1458 4666 1497 4727 36,
1512 4673 1541 4717 ²:
1554 4673 1594 4726 τῆς
1605 4684 1632 4717 τε
1645 4668 1695 4731 γὰρ
1707 4670 1815 4725 Ἰταλίας
1825 4673 1859 4719 καί

245 4732 352 4787 Σικελίας
368 4733 446 4788 καλῶς
458 4733 580 4796 παράπλου
591 4742 667 4784 κεῖται
681 4736 797 4799 (Corcyra
808 4738 864 4801 τα).
881 4741 929 4789 Pro
945 4743 1082 4804 κειμένης...
1102 4742 1234 4807 ἐχούσης...
1255 4741 1328 4799 οὔσης
1347 4738 1502 4789 accusativos
1515 4734 1605 4798 habes,
1620 4740 1699 4801 quasi
1720 4740 1749 4789 iu
1772 4746 1859 4789 αοιιιτ.

245 4802 341 4856 (lictum
352 4806 419 4851 ααεαῑ
430 4805 538 4866 κατέχειν
550 4806 593 4863 τήν
604 4807 795 4865 Πελοπόννησον.

276 4872 309 4921 11.
321 4870 336 4933 §
349 4876 370 4919 ι.
385 4872 423 4919 cr.
434 4871 476 4921 lib.
495 4876 517 4931 1,
528 4885 551 4922 c.
560 4877 591 4923 λυ
602 4876 628 4923 et
638 4876 667 4923 λλ
681 4874 765 4937 ibique
773 4880 824 4927 ιιολ.
837 4875 848 4940 Ι]
859 4876 914 4941 -§
926 4884 949 4929 2.
964 4878 1136 4945 Βίστρους]5ῖο
1149 4886 1203 4932 tum
1217 4882 1242 4932 h.
1253 4882 1270 4932 l.
1280 4886 1335 4933 tum
1343 4879 1378 4931 lib
1387 4885 1410 4941 ⁵,
1421 4882 1435 4931 4
1449 4892 1503 4943 sqq.
1514 4878 1693 4936 τοὺςΒοσνὶους
1706 4893 1755 4931 seu
1765 4882 1863 4934 Βόσννις

244 4943 326 4990 vocat.
342 4940 352 5002 ἱ]
373 4968 404 4982 -·
414 4945 448 5003 τῷ
460 4942 549 4991 τούτων
562 4943 670 5007 ἡγεμόνι]
690 4944 822 5007 Stephano.
838 4948 849 5009 Ι]
860 4977 892 4988 -
911 4949 934 5006 ῖς
950 4949 1063 5015 Κίρκραν]
1077 4952 1121 5003 ΠΙο
1134 4952 1202 5003 haud
1214 4952 1288 5003 dubie
1307 4955 1418 5015 tempore
1431 4961 1481 5013 quo
1500 4950 1609 4999 Thomas
1628 4953 1706 5013 pater
1724 4964 1758 5000 σο
1778 4952 1864 5001 eontu-

245 5012 323 5071 gerat.
338 5011 401 5061 Ηῖιιο
413 5014 546 5061 ιιιιοίιιιιιιιο
557 5025 596 5064 ου.
610 5018 672 5065 6977
687 5014 770 5080 (1433)
783 5017 913 5068 Venetiam
929 5034 958 5070 σο
971 5023 1091 5085 eontulit,
1103 5024 1238 5087 εγιεαλοῦσα
1251 5025 1304 5080 τοὺς
1316 5026 1444 5087 κλέψαντας
1462 5023 1503 5071 τὸν
1516 5022 1568 5085 βίον
1585 5021 1660 5081 αιἰιῆς
1679 5021 1707 5071 ἐν
1719 5024 1862 5077 xum.

245 5083 274 5130 ut
287 5080 420 5131 Ρλιιιιιιιτοε
433 5095 458 5145 p.
472 5086 528 5143 447,
541 5090 555 5133 2
569 5085 660 5149 prodit.
674 5086 773 5137 Mortua
782 5091 821 5137 est
835 5090 956 5139 monacha
967 5092 992 5141 in
1006 5096 1095 5143 saneta
1106 5096 1191 5144 Maura
1201 5094 1242 5145 die
1254 5095 1356 5159 septimt
1371 5094 1433 5144 Ποι.
1446 5105 1480 5142 m.
1494 5105 1533 5143 ιο.
1551 5092 1624 5143 6932.
1638 5092 1731 5143 eodem
1742 5093 1864 5143 Ρλιιτυιιε

245 5155 311 5202 teste
321 5166 346 5216 p.
357 5157 412 5214 450,
426 5160 462 5204 15.
477 5157 487 5219 Ι]
500 5182 532 5193 -
543 5158 625 5221 φερνήν
639 5155 714 5222 αὐτῷ]
726 5159 837 5210 sicman.
853 5167 877 5222 2,
887 5178 910 5226 ρ.
923 5163 983 5227 αὐτῇ
993 5176 1027 5212 m.
1044 5169 1065 5213 1.

1017 5255 1075 5313 120
