3809 5859
473 272 720 335 MEGHEMETIS
746 274 874 337 ANNUS
893 277 944 337 111.
969 278 1043 341 tent
1069 278 1267 358 (libr-tina
1287 281 1322 341 P.
1345 282 1409 350 C.)·
1590 310 1595 321 ·
1707 286 1748 347 87

156 423 248 481 ροντας
262 399 315 461 ἀπδ
325 405 372 475 τῆς
383 402 432 471 ίξω
444 403 578 475 θαλάσσης
589 404 654 484 πρὸς
664 403 711 477 τὴν
725 404 778 465 ἔσω
789 406 924 465 Θάλασσαν
979 431 1056 486 γοντο
1075 408 1118 469 διδ
1141 416 1186 471 τοῦ
1206 410 1350 478 κατάντους
1363 412 1390 475 ἐς
1404 410 1448 470 τδν
1460 411 1570 489 λιμένα,
1581 414 1704 491 χαλῶσαι
1717 414 1751 473 τά

155 491 201 548 τοῦ
217 510 246 547 τε
257 486 376 566 λιμένος,
392 488 477 570 φημί,
490 490 536 549 καί
554 496 598 551 τοῦ
615 489 742 570 Κέρατος,
758 491 827 550 κατά
845 515 875 569 γε
896 493 926 552 τὺ
980 498 1052 556 ἱστία
1068 496 1110 566 ξὺν
1126 501 1176 579 βοῇ
1191 498 1236 559 καὶ
1249 498 1361 581 πατάγῳ
1373 499 1474 578 πολλῷ.
1518 501 1553 577 (e)
1570 492 1668 573 ἱὶαἱῆν
1686 502 1750 563 ίδιῖν

154 579 203 636 τοῦ
218 578 320 635 Διπλοῦ
334 577 418 645 κίονος
438 577 644 656 ὀνομαζόμενον,
661 578 707 637 καὶ
723 580 925 659 ὑποστρωννύειν
981 584 1067 662 θέαμα
1078 584 1148 654 ξένον
1157 586 1203 647 καί
1213 588 1303 653 ἀκοαῖς
1315 586 1424 646 ἀπιστον
1433 585 1502 659 πλὴν
1513 591 1565 647 τῶν
1576 592 1750 671 τεθεαμένον,

154 662 256 732 τούτοις
272 663 371 733 δοκούς.
416 667 450 743 (οἱ
462 664 496 725 Ὁ
511 667 538 726 δέ
552 670 635 746 χώρας
656 658 729 733 οὑτός
741 669 798 726 ἐστι
812 668 860 735 μὲν
874 668 926 727 ἀπὸ

155 752 289 824 θαλάσσης
303 755 328 820 ές
350 754 486 813 θάλασσαν
509 760 645 831 μετροῦντι
660 754 760 813 στάδιοι
784 754 925 831 μάλιστα*

154 838 238 900 ὀκτώ·
259 838 315 897 ἐστι
335 839 362 898 δδ
384 839 484 921 σφόδρα
505 839 616 914 ἀνάντης
635 842 783 922 ὑπερήμιου
808 840 922 914 τούτοιν,

155 926 204 994 ἱως
218 925 249 985 ἀν
271 926 314 984 ἐπὶ
329 931 374 985 τοῦ
389 927 470 1008 λόφοι
485 926 531 988 καλ
544 933 591 1001 τῆς
604 932 717 1009 κορυφῆς
735 927 856 1005 γένηται,
876 951 925 987 κα-

154 1019 237 1075 κεῖθεν
252 1013 331 1073 πάλιν
343 1014 387 1074 διδ
397 1020 446 1075 τοῦ
465 1015 608 1082 κατάντους
622 1016 728 1097 φέρεται
739 1016 803 1096 πρὸς
813 1018 861 1089 τὴν
873 1016 925 1075 ἔσω

154 1103 289 1163 θάλασσαν
302 1109 348 1163 τοῦ
360 1103 490 1183 Κέρατος.
536 1103 568 1185 (ι)
576 1108 638 1165 Τῶν
649 1104 676 1163 δέ
688 1103 773 1164 δλκων
784 1106 926 1183 γεγονότων

152 1196 246 1251 θάττον
265 1190 282 1262 δ,
306 1190 381 1271 λόγος
404 1192 448 1252 διδ
467 1192 650 1273 πολυχειρίαν,
669 1191 759 1270 ἐπάγει
776 1192 824 1260 τάς
847 1199 924 1261 ναῦς·

154 1278 200 1338 καὶ
212 1279 315 1359 τρόπεις
328 1281 444 1358 μεγάλας
459 1280 561 1347 ὑποθεὶς
573 1282 664 1349 αὑταῖς
684 1280 728 1341 καὶ
742 1280 847 1361 κεραίας
865 1285 926 1342 έκα·

153 1367 263 1447 τέρωθεν
278 1370 329 1426 τῶν
341 1368 477 1447 πλευρῶν,
487 1366 556 1428 ώσττ
568 1364 671 1447 ἀνέχειν
684 1368 780 1440 αύτάς,
793 1369 838 1429 καὶ
852 1392 924 1450 σχοι·

155 1458 217 1524 νέοις
241 1457 370 1525 διαζώσας
393 1458 500 1529 καλῶς,
521 1455 627 1524 ἐξάπτει
649 1456 788 1536 προτόνους
810 1456 924 1537 μακρούς

153 1546 207 1603 τῶν
228 1542 353 1621 ἀγκώνων
373 1542 502 1620 ἐκδήσας,
522 1543 569 1603 καλ
585 1543 764 1624 παραδίδωσιν
787 1542 871 1602 ἕλκειν
890 1567 923 1623 τη

152 1640 284 1711 στρατιᾷ,
298 1634 352 1699 τοῖς
375 1630 422 1707 μέν
444 1630 615 1712 αὐτοχειρίᾳ,
628 1632 682 1698 τοῖς
702 1631 731 1689 δέ
748 1631 795 1689 καί
815 1632 858 1690 διά
873 1655 925 1705 μη·

151 1723 242 1800 χανιῦν
253 1743 328 1777 τινων
341 1718 388 1778 καὶ
400 1720 552 1797 μαγγάνων.
577 1721 612 1798 (n)
626 1721 659 1779 Αἱ
676 1718 723 1796 μέν
737 1709 853 1791 οῦννῆες
867 1716 923 1777 ril-

153 1829 230 1867 κοντα
250 1810 362 1879 θᾶττον,
375 1807 400 1864 οἱ
416 1805 581 1865 δὲ-ἐπιύάται
601 1806 719 1883 τούτων,
735 1803 826 1883 ώσπερ
847 1808 922 1865 ἀπεν-

152 1896 303 1973 τρυφῦιντες
330 1900 383 1961 τοῖς
407 1893 550 1973 γινομένοις
582 1917 611 1953 τε
640 1893 687 1952 καί
716 1894 920 1970 ἐπεγγελῶντις,

154 1983 314 2060 πληροῦντες
326 1980 406 2047 olel<
417 1981 460 2040 ἐπὶ
469 1985 515 2053 τῆς
522 1981 619 2062 χὶρσου
629 1980 718 2061 ὥσπερ
728 1981 771 2041 ἐπὶ
779 1981 922 2057 θαλάσσης,

154 2073 178 2129 οἱ
193 2069 240 2147 μὲν
255 2068 440 2129 ἀναπετάννυσι
461 2066 505 2138 ξὺν
518 2074 620 2151 κραυγῇ
637 2068 671 2128 τά
694 2070 780 2141 ἱστία,
792 2072 827 2136 ώς
849 2070 924 2141 δῆθεν

157 2155 327 2236 ἀναγόμενοι,
341 2162 375 2215 τά
388 2156 417 2216 δέ
430 2157 535 2236 πνεῦμά
548 2182 577 2218 τε
591 2157 695 2238 ἐδέχετο
708 2156 752 2216 καὶ
768 2157 922 2237 ἐκυρτοῦτο,

153 2247 177 2305 οἱ
190 2244 217 2304 δὲ
231 2244 274 2305 ίπὶ
287 2248 333 2315 τῆς
350 2245 461 2324 εἰρεσίας
472 2244 614 2323 καθήμενοι
627 2254 751 2326 κατεῖχον
768 2244 815 2313 τδς
832 2243 924 2312 κώπας

153 2335 180 2391 ἐν
192 2340 280 2412 χεροῖν
294 2332 487 2413 τετροπημένας
498 2332 589 2411 ώσπερ
605 2332 766 2414 ἐφέποντες,
781 2332 827 2391 καὶ
841 2336 866 2391 οἱ
880 2356 921 2391 κε-

153 2419 262 2480 λευσταὶ
280 2421 421 2488 διαθέοντες
441 2420 485 2480 lut
505 2425 553 2493 τῆς
574 2422 725 2496 ἱστοδόκης,
741 2428 875 2499 συριγμοίς
896 2444 925 2480 τι

153 2508 199 2568 καί
212 2512 314 2587 κραυγῇ
330 2508 376 2567 καί
387 2508 549 2589 φραγελλίοις
562 2510 682 2576 παίοντες
692 2508 752 2577 τοὺς
765 2508 810 2567 ε’πὶ
823 2512 870 2581 τῆς
885 2510 924 2567 ιὶ·

154 2596 241 2680 ρεσίας
252 2586 364 2677 ἐρέττειν
375 2597 563 2670 διεκελεύοντο,
573 2598 601 2656 αἱ
611 2596 638 2657 δέ
647 2602 707 2669 νῆες
718 2595 763 2655 ίπὶ
773 2600 820 2668 τῆς
828 2595 924 2677 χέρσου

152 2683 293 2764 φερόμεναι
307 2680 396 2763 ώσπερ
411 2683 454 2742 ἐπὶ
467 2683 613 2763 πελάγους,
627 2686 655 2743 αἱ
671 2684 717 2760 μὲν
741 2683 867 2761 ἀνήγοντο
881 2683 924 2743 δεδι

152 2775 200 2829 τοῦ
215 2768 340 2837 ἀνάντους
355 2770 399 2829 ἐπὶ
412 2769 456 2829 τόν
474 2770 552 2852 λόφον
567 2770 639 2843 ἄνω,
656 2773 683 2828 αἱ
697 2769 724 2828 δὲ
738 2770 816 2827 πάλιν
839 2769 923 2841 κατή-

980 678 1042 740 ναῦς
1048 673 1092 733 lul
1098 677 1145 746 τῆς
1153 676 1289 753 μεσογείας
1296 674 1552 756 φερομένας,ώσπερ
1561 676 1606 737 ἐπὶ
1618 678 1751 751 θαλάσσης

981 759 1109 830 πλεούσας
1125 763 1191 838 μετά
1205 784 1235 839 γε
1256 765 1306 820 τιῦν
1327 762 1514 842 πληρωμάτων
1534 766 1619 823 αὑτῶν
1632 765 1678 825 καί
1698 770 1749 826 τῶν

980 847 1067 909 ἱστίων
1079 849 1269 922 καλτῆςάλλης
1282 852 1438 922 ἀποσκευῆς.
1480 851 1513 930 (2)
1528 849 1602 931 Ἐγώ
1611 845 1638 911 δὲ
1652 853 1749 931 νομίζω

980 936 1025 993 καὶ
1049 940 1095 1009 τῆς
1120 936 1219 1017 Ξέρξου
1238 934 1308 997 Ἄθω
1329 938 1449 1019 διορυγῆς
1475 943 1562 1013 μεῖζον
1586 929 1652 1000 εἶναι
1675 948 1750 1003 τοῦτο

979 1023 1085 1103 πολλῷ,
1107 1022 1154 1083 καὶ
1177 1024 1383 1107 παραδοξότερον
1407 1026 1452 1084 καί
1473 1028 1535 1085 ἰδεῖν
1558 1027 1603 1088 καὶ
1624 1032 1748 1088 ἀκοῦσαι·

981 1110 1080 1187 μᾶλλον
1097 1110 1124 1171 δέ
1137 1116 1214 1170 τοῦτο
1226 1109 1287 1191 χθές
1305 1114 1350 1171 καὶ
1374 1113 1426 1192 πρδ
1451 1116 1591 1194 ὀφθαλμῶν
1615 1116 1749 1196 ἡμετέρων

979 1195 1080 1277 γεγονδς
1097 1198 1206 1277 βεῦαίαν
1227 1198 1339 1281 κάκείνῳ
1355 1199 1403 1272 τὴν
1416 1202 1505 1261 πίστιν
1518 1202 1628 1284 παρέχει
1643 1209 1689 1265 τοῦ
1707 1229 1749 1282 γε·

980 1284 1078 1355 νέσθαι,
1088 1290 1123 1353 ώς
1133 1285 1192 1346 ἀνευ
1201 1310 1231 1364 γι
1240 1286 1333 1348 τούτου
1344 1292 1422 1365 μῦθος
1434 1292 1466 1349 ἀν
1477 1282 1510 1363 ἦν
1518 1291 1600 1352 ἐκεῖνο
1611 1292 1655 1350 καὶ
1667 1294 1749 1353 ἐδόκει

980 1370 1066 1446 μάτην
1078 1373 1227 1452 λεγόμενον.
1241 1375 1275 1455 (ε)
1290 1376 1458 1457 ἱίατάγονται
1471 1378 1556 1455 τοίνυν
1572 1382 1598 1437 ἐν
1610 1382 1647 1458 τῷ
1658 1380 1749 1462 κολπῳ

978 1462 1030 1517 τῶν
1044 1462 1166 1540 Ψυχρῦν
1186 1462 1288 1522 ὑδάτων
1309 1464 1479 1547 καλουμένῳ,
1502 1466 1595 1545 μικρὸν
1619 1468 1748 1549 ἀπωτέρω

979 1552 1023 1605 τοῦ
1034 1550 1153 1622 rotare,
1160 1548 1250 1616 στάλας
1259 1552 1287 1609 ού
1298 1550 1401 1631 μικρός,
1412 1558 1472 1625 νῆες
1483 1552 1550 1613 ἱπτίι
1561 1554 1605 1613 καί
1615 1554 1747 1629 ἑξήκοντα,

979 1635 1023 1693 καὶ
1037 1636 1185 1713 ὁρμίζονται
1199 1638 1287 1699 αὑτοῦ.

1018 1721 1122 1799 XLlll.
1141 1722 1272 1800 Ῥωμαῖοι
1287 1724 1314 1783 δὲ
1329 1734 1440 1805 πράῃκα
1453 1732 1574 1787 τοσούτω
1586 1728 1748 1808 παράδοξον

978 1810 1081 1887 γεγονὸς
1101 1810 1275 1888 θεασάμενοι,
1295 1813 1341 1871 καὶ
1360 1817 1398 1893 τῷ
1419 1811 1518 1894 ἱίέρατι
1541 1820 1603 1882 ναῦς
1622 1818 1750 1897 πολεμίας

979 1900 1170 1978 ἐφορμοῦντες,
1183 1897 1246 1979 ὅπερ
1267 1902 1314 1958 οὐκ
1333 1899 1364 1957 ἀν
1383 1922 1446 1959 ποτε
1467 1902 1679 1981 προσεδόκησαν,
1693 1906 1750 1974 ἐξε-

978 1986 1118 2063 πλάγησάν
1136 2010 1165 2045 τε
1182 1990 1220 2068 τῷ
1230 1987 1374 2069 παραλόγῳ
1382 1991 1429 2059 τῆς
1439 1990 1497 2058 θέας
1506 1991 1551 2049 καί
1564 1993 1590 2059 ἐς
1599 1994 1749 2073 ἀμηχανίαν

979 2072 1068 2130 τεκαὶ
1090 2072 1201 2152 ἀπορίαν
1222 2075 1346 2152 μεγίστην
1368 2076 1502 2148 ἐνέπεσον,
1520 2078 1557 2155 μὴ
1579 2078 1682 2157 ἔχοντες
1704 2086 1749 2140 τοῦ

978 2160 1070 2217 λοιποῦ
1091 2156 1131 2218 ότι
1153 2159 1199 2217 καὶ
1220 2162 1358 2240 δράσειεν,
1373 2164 1441 2221 ἀλλά
1464 2164 1496 2235 δὴ
1519 2164 1565 2223 καί
1587 2166 1746 2243 ἀπόγνωσιν·

980 2244 1012 2323 (n)
1021 2246 1066 2303 καί
1077 2246 1127 2326 γάρ
1138 2245 1286 2327 ἀφύλακτον
1297 2248 1399 2328 ἔχοντες
1406 2248 1529 2331 πρότερον
1536 2251 1566 2310 τδ
1577 2258 1622 2312 τοῦ
1634 2252 1750 2333 Κὶρατος

979 2333 1078 2412 τεῖχος,
1104 2333 1224 2401 σταδίους
1244 2334 1320 2413 ἐγγύς
1343 2360 1393 2397 που
1416 2337 1576 2415 τριάκοντα,
1589 2339 1647 2399 οὑδὲ
1669 2340 1749 2409 οὕτως

979 2410 1050 2497 εἶχον
1064 2416 1210 2499 ἀρκούντως
1218 2424 1271 2488 τοῖς
1281 2420 1369 2491 ἄλλοις
1376 2422 1488 2503 τείχεσιν
1499 2422 1524 2491 ές
1533 2448 1565 2501 γε
1578 2427 1749 2505 προφυλακήν

980 2530 1008 2565 τε
1020 2506 1065 2565 καὶ
1076 2506 1166 2585 μάχην
1177 2507 1236 2569 ούτε
1245 2512 1268 2567 οἱ
1279 2510 1353 2570 ἀστοί
1364 2509 1422 2569 οὗτε
1433 2513 1457 2570 οἱ
1472 2510 1552 2589 ξένοι,
1564 2512 1622 2572 ἀλλ’
1631 2512 1749 2583 ἐπάλξεις

980 2592 1024 2652 δύο
1041 2594 1088 2653 καὶ
1110 2598 1179 2674 τρεῖς
1200 2586 1269 2674 εἶχον
1288 2595 1333 2655 ἵνα
1355 2600 1584 2677 προπολεμοῦντα·
1596 2605 1641 2659 νῦν
1653 2599 1685 2675 ,δέ
1703 2600 1749 2659 καὶ

979 2687 1054 2741 τοῦτο
1067 2682 1097 2742 τὺ
1110 2685 1196 2761 τεῖχος
1204 2681 1306 2763 ἀνοιγίν
1314 2685 1352 2763 τῷ
1360 2683 1469 2763 πολέμῳ
1479 2685 1616 2764 φυλάττειν
1632 2674 1748 2765 ἀνάγκην

979 2768 1096 2850 ἔχοντες,
1110 2771 1285 2847 ἠναγκάζοντο
1299 2770 1346 2838 τάς
1360 2770 1442 2838 άλλας
1454 2770 1571 2841 ἐπάλξεις
1583 2775 1748 2852 ἀπογυμνοῦν

151 3017 257 3075 κειμένας
265 3019 307 3064 τοῦ
322 3016 416 3066 rotare
429 3016 478 3065 ἀπὸ
488 3016 516 3063 τὸ
532 3015 598 3078 μέρος
617 3015 645 3065 τδ
662 3015 718 3079 πρὸς
728 3014 842 3072 ἀνατολὴν
859 3013 965 3063 κάτωθεν
977 3016 1020 3061 τοῦ
1036 3012 1124 3063 Διπλοῦ
1141 3012 1217 3069 κίονος
1233 3014 1276 3070 ἓως
1292 3013 1321 3063 τὸ
1338 3012 1394 3063 ἀλλο
1410 3014 1477 3075 μέρος
1486 3015 1513 3065 τὸ
1522 3016 1578 3078 πρδς
1592 3018 1632 3067 τὸν
1643 3020 1749 3081 αἱγιαλδν

151 3090 193 3134 τοῦ
203 3086 316 3147 Κερατίου
334 3086 423 3135 κόλπου
432 3086 538 3145 κείμενον
547 3086 642 3148 ἀντικρυ
651 3084 797 3147 Κοσμηδὶου.
807 3086 854 3134 liei
863 3084 1004 3142 ποιήσαντες
1014 3084 1056 3143 τὴν
1070 3083 1125 3131 nstv
1134 3083 1223 3145 θμσλήν
1239 3083 1296 3133 ὅσον
1312 3083 1434 3144 ἐδύναντο,
1443 3084 1482 3133 διὰ
1493 3088 1686 3149 τῶν.φαλοιγγὶων
1700 3092 1749 3140 ἀπι-

152 3155 398 3219 ύιύάσαςτάςδιήρεις
409 3156 489 3205 καὶτά
500 3154 565 3205 ἱστὶσ
582 3155 703 3220 πτερώσας
717 3155 836 3205 έκελευσεν
852 3154 926 3203 ἕλκειν
935 3154 974 3204 διὰ
981 3156 1049 3219 ξηρᾶς
1059 3154 1086 3203 ἐκ
1097 3156 1139 3201 τοῦ
1148 3152 1252 3216 πορθμοῦ
1261 3158 1302 3201 τοῦ
1311 3153 1384 3217 ’ἱεροῦ
1393 3154 1491 3216 στομίου
1503 3156 1543 3203 καί
1554 3156 1654 3218 εἰσάγειν
1664 3160 1696 3216 εἱς
1707 3161 1748 3211 τὸν

153 3225 265 3287 Κεράτων
279 3225 367 3274 κόλπον
385 3226 415 3274 τά
427 3226 506 3275 πλοῖα.
516 3224 549 3275 Ὃ
566 3226 606 3274 sol
623 3226 725 3287 γέγονεν.
740 3224 851 3274 Εθικοντο
870 3224 895 3272 δὲ
912 3224 942 3273 τὰ
960 3227 1053 3287 σκάφη,
1067 3225 1107 3271 καὶ
1124 3222 1148 3271 ἐν
1170 3224 1263 3285 ἑκάστῳ
1281 3222 1385 3284 πρωρεὺς
1401 3224 1440 3272 καί
1460 3224 1526 3280 ἄλλος
1543 3225 1581 3274 ἐπὶ
1600 3232 1646 3274 τῶν
1660 3230 1748 3279 οἱάιιων

152 3296 294 3359 καθήμενος,
308 3295 384 3357 ἱτιρος
392 3295 418 3343 lt
427 3296 455 3344 τὸ
466 3294 548 3357 πτιρδν
560 3300 651 3358 κρατῶν
667 3295 696 3343 τὸ
710 3292 784 3344 ἱστίον
796 3294 925 3343 ἐτίνασσεν·
945 3295 1013 3353 ἄλλος
1030 3292 1162 3352 τύμπανον,
1175 3292 1250 3355 ἔτερος
1262 3292 1380 3355 σάλπιγγα
1398 3294 1488 3355 κρούων
1502 3294 1613 3359 ἐμελῴδει
1624 3298 1749 3349 θαλάσσιον

152 3364 229 3425 με’λος.
238 3362 372 3413 Ρὶιῐειιὶιεε
381 3366 470 3427 11251,
479 3369 495 3412 θ
507 3382 515 3412 τ
524 3364 552 3413 ἐκ
560 3367 602 3413 τοῦ
611 3362 706 3412 ὄπισθεν
715 3363 796 3425 μέρους
806 3366 848 3411 τού
858 3364 952 3412 Γαλατά
961 3364 999 3413 διὰ
1008 3368 1049 3413 τοῦ
1059 3360 1129 3423 λόφου
1138 3361 1191 3411 nem
1201 3362 1290 3411 εὐθεῖαν
1299 3360 1605 3424 nemorumnemorum
1614 3364 1748 3418 Barbarum

151 3444 254 3484 nereos
265 3432 392 3482 colomnis
407 3445 452 3495 per
464 3432 540 3482 trium
552 3431 693 3482 milliarium
703 3431 811 3495 spatium
824 3434 981 3482 trnetmsnnt
993 3444 1071 3495 usque
1084 3428 1115 3479 erl
1127 3432 1231 3481 Perenne
1244 3430 1337 3481 Gnlstae
1350 3431 1566 3482 armamentarium
1581 3430 1644 3495 (fine
1656 3436 1749 3486 dentre

101 3522 105 3527 ·
151 3502 200 3553 rial
211 3501 358 3551 novorebto
372 3503 406 3552 de
420 3501 507 3564 Pero).
521 3501 569 3551 cni
582 3500 721 3552 testimonio
733 3501 837 3551 innitens
850 3500 1008 3565 probabiliter
1021 3500 1318 3552 blondtmennusdnotum
1330 3500 1377 3551 rim
1389 3500 1508 3565 ejusmodi
1521 3501 1596 3552 tuisse
1610 3510 1706 3567 censet,
1721 3511 1749 3557 ut

85 3584 96 3599 ¹
148 3584 183 3622 ex
201 3570 265 3621 velle
284 3584 341 3633 qum
359 3574 399 3621 est
418 3584 493 3635 propo
511 3570 685 3634 Beebllitacb,
706 3570 732 3619 in
753 3571 840 3621 nollem
857 3572 926 3619 Perse
943 3570 1116 3627 adscenderet,
1136 3568 1223 3619 deinde
1245 3570 1308 3619 inter
1323 3572 1428 3620 Dlmttrt
1442 3571 1468 3619 et
1487 3569 1609 3621 renteber
1630 3574 1749 3625 suburbio

150 3640 309 3692 deseenderet
324 3642 350 3691 in
371 3641 460 3691 rnllem
478 3654 536 3704 qum
550 3642 623 3705 juxte
643 3640 832 3705 Kasion-pecho
845 3640 871 3690 in
884 3641 993 3691 medium
1008 3644 1091 3691 cornu
1109 3638 1190 3689 sinum
1205 3639 1264 3689 enit.
1278 3639 1363 3691 Fuisse
1382 3638 1417 3689 ibi
1437 3642 1653 3691 armamentarium
1673 3646 1748 3695 Gele-

149 3712 245 3772 tinnm‚
261 3711 334 3761 sicuti
347 3725 414 3761 nune
425 3711 516 3761 ibidem
529 3715 568 3762 est
578 3712 728 3770 Trnoienm.
740 3713 929 3762 eonsentnneum
944 3710 1027 3761 tuerit.
1047 3710 1101 3760 Vtro
1117 3710 1171 3773 ejus
1186 3709 1310 3771 longitudo
1325 3714 1353 3759 ttl
1368 3709 1419 3759 tere
1435 3709 1570 3759 stadiorum
1590 3714 1656 3773 eret,
1671 3727 1749 3778 enque

148 3780 258 3844 quadret
275 3781 301 3830 in
318 3781 366 3831 trin
382 3795 439 3844 qnos
454 3781 577 3832 Berbnrus
587 3782 649 3832 dicit
661 3782 774 3832 milliaris
790 3794 822 3831 ex
835 3780 878 3831 ills
891 3780 1004 3841 milliarii,
1015 3793 1142 3840 mensure,
1155 3778 1186 3829 do
1200 3790 1250 3842 qne
1265 3778 1361 3828 dixisti
1372 3792 1425 3842 ιαμ.
1439 3784 1477 3829 28.
1498 3779 1576 3829 Multo
1589 3780 1682 3845 longior
1693 3785 1747 3847 nia,

151 3864 225 3913 quem
238 3862 281 3914 per
293 3849 367 3900 dorse
376 3851 476 3900 collium
490 3850 591 3901 ‹lnetsm
603 3864 658 3902 esse
673 3850 833 3902 sternendos
846 3852 924 3909 toret,
938 3850 1052 3910 eflicitur,
1066 3850 1088 3900 si
1103 3863 1160 3899 cum
1174 3852 1245 3898 Duos
1256 3848 1379 3897 censueris
1389 3862 1443 3897 enm
1455 3848 1544 3899 exiisse
1555 3850 1580 3899 in
1593 3850 1675 3901 locum
1686 3856 1747 3904 cos·

150 3919 227 3969 millio
245 3919 398 3983 oppositum
411 3932 468 3969 nem
481 3919 632 3969 Gosmirlinm
644 3923 715 3970 οιιτο
725 3920 814 3970 τείνετο
829 3921 883 3969 emt
895 3920 928 3969 sd
942 3920 1011 3970 sinus
1022 3922 1118 3983 portem
1128 3916 1249 3968 intimam.
1269 3916 1384 3967 Similiter
1394 3916 1544 3981 Armustinus
1557 3918 1710 3971 lastinianus
1723 3923 1748 3974 in

152 3987 279 4039 ebronieis
295 3989 467 4039 Gennensibus
484 3990 606 4053 (monente
625 3988 746 4040 Bullisldo
757 3989 791 4040 ml
807 3991 901 4040 bnenm
916 4004 941 4053 γι.
963 3994 1008 4039 oto
1026 3990 1065 4038 ed.
1079 3990 1166 4045 bonu.)
1178 4000 1253 4038 nares
1266 3988 1357 4037 tractes
1370 3999 1424 4037 esse
1437 3986 1497 4037 dicit
1509 3987 1535 4037 in
1546 3991 1636 4053 Aquas
1648 3990 1748 4057 dulces,

151 4072 208 4121 qun
216 4058 242 4109 in
253 4058 339 4109 intimo
352 4060 420 4110 sinus
430 4072 528 4110 reoessn
542 4060 578 4111 sio
590 4062 664 4110 etiem
677 4074 742 4111 nune
753 4064 880 4121 vocantur,
891 4074 937 4110 nee
949 4060 1050 4113 differre
1065 4058 1125 4109 mibi
1138 4057 1254 4108 ridentur
1271 4056 1302 4106 nb
1316 4059 1397 4121 Αρυτε
1415 4056 1536 4121 sucidis,
1550 4058 1576 4108 in
1586 4072 1648 4123 ques
1664 4062 1747 4114 crito·

149 4129 225 4178 butus
241 4130 350 4193 noster§
364 4133 378 4179 7
389 4142 465 4181 neves
478 4129 599 4181 deductas
618 4144 673 4181 esse
685 4131 805 4195 perhibet.
816 4131 827 4195 γ
839 4159 866 4169 -
877 4131 967 4186 στάδιοι
982 4132 1083 4193 μάλιστα
1094 4128 1169 4193 ὀκτώ]
1178 4128 1265 4177 Falsus
1276 4140 1393 4177 numerus
1409 4129 1434 4176 et
1446 4127 1513 4178 bend
1525 4127 1600 4180 dubie
1610 4131 1746 4182 scribarum

148 4211 237 4248 errore
245 4202 384 4262 oorroprns.
394 4202 431 4249 lin
439 4198 542 4249 Borbori
553 4200 690 4251 rationibus
697 4214 743 4265 pro
751 4203 774 4259 η’
784 4200 914 4264 legendnm
925 4201 989 4251 foret
1000 4200 1030 4257 ιη’
1041 4199 1080 4249 rel
1094 4201 1124 4257 κ’,
1137 4201 1162 4247 nt
1173 4210 1250 4259 quum
1263 4196 1357 4260 relique
1369 4194 1489 4247 critobuli
1499 4198 1607 4248 narrabo
1616 4199 1748 4264 longiorem

150 4266 221 4315 viem
233 4266 353 4328 poeotes,
373 4268 443 4318 {neile
460 4267 515 4317 lieri
536 4268 625 4331 potnit,
644 4271 671 4319 nt
685 4271 803 4328 n'ortnm
820 4269 853 4318 sit
870 4282 901 4318 ex
919 4276 952 4331 μ’,
971 4270 1041 4318 sueto
1061 4267 1150 4316 hnrnrn
1177 4266 1303 4315 literarum
1323 4264 1472 4315 mniusione.
1488 4266 1560 4329 Apu'rl
1578 4268 1745 4333 Lemnium,

150 4335 194 4385 nbi
217 4354 223 4385 :
238 4338 324 4388 rosso
339 4340 413 4389 invto
427 4341 525 4402 aeqnorl
540 4351 623 4403 εαριισ
636 4340 702 4390 eollo
718 4342 861 4405 suppositis
878 4339 966 4390 lenitis
980 4342 1051 4391 vostr
1068 4339 1228 4389 lacertorum
1242 4348 1303 4397 sex,
1325 4334 1362 4384 od
1381 4334 1469 4386 stadia
1490 4340 1659 4401 septuoatrrta
1674 4338 1747 4389 trabi

153 4406 278 4469 δώροισι,
297 4406 434 4458 stediorrnn
456 4421 574 4459 nnmemr
599 4410 718 4461 excidisse
745 4410 851 4469 videtur,
870 4422 927 4459 nem
949 4410 1119 4473 septnontnta
1140 4421 1189 4457 vox
1211 4406 1242 4457 orl
1269 4405 1368 4455 nerium
1387 4419 1529 4468 numerum,
1550 4420 1624 4469 quern
1642 4407 1747 4459 similem

149 4475 229 4525 etiem
248 4475 453 4541 Obelooeondyles
470 4492 496 4542 p.
518 4481 574 4540 317,
588 4479 720 4543 berebet,
742 4478 867 4529 referende
879 4480 926 4529 est.
941 4478 994 4543 ΙΙ-
1009 4478 1104 4535 τούτους
1120 4475 1208 4540 δοκοῖς]
1221 4476 1256 4525 εἰσ
1273 4488 1338 4524 man.
1350 4488 1400 4525 see.
1417 4489 1491 4539 supro
1505 4476 1640 4539 seriptum3
1658 4478 1747 4535 τούτοις

150 4546 236 4601 δοκούς
246 4558 310 4595 man.
327 4552 348 4596 1.
1799 4596 1802 4603 ,

185 4616 200 4679 §
213 4620 237 4666 1.
253 4616 356 4682 τρόπεις]
370 4620 425 4667 von
438 4618 471 4668 (le
484 4618 611 4681 trsbibns,
625 4632 681 4683 (μοι
703 4619 844 4670 tuleimento
864 4622 933 4669 erent
945 4622 972 4669 et
986 4618 1052 4683 opud
1071 4620 1167 4667 Ducam
1184 4630 1208 4681 p.
1227 4618 1281 4675 271,
1295 4621 1309 4664 2
1326 4616 1443 4679 φαλάγγια
1455 4618 1581 4679 vocentur,
1595 4614 1747 4681 intelligenda

153 4685 261 4737 videtur.
275 4686 286 4750 ΙΙ
298 4716 325 4724 -
338 4689 475 4752 μαγγάνωνὶ
491 4690 618 4753 μαγκάνων
628 4690 717 4740 codex.
728 4690 739 4754 ss
752 4690 806 4754 ·-·§
821 4696 835 4739 5
852 4691 951 4753 πατάγῳ
964 4688 1053 4753 πολλῷ]
1072 4689 1107 4739 sic
1128 4702 1225 4751 margo,
1237 4687 1367 4747 ἀλαλαγμῷ
1379 4689 1442 4736 texi.
1460 4685 1470 4750 ΙΙ
1484 4712 1515 4723 -
1526 4684 1540 4747 §
1551 4689 1574 4735 7.
1585 4692 1627 4743 τῆς
1641 4688 1747 4749 Ξέρξου..

151 4756 241 4821 μεῖζον]
258 4760 342 4807 Dnons
358 4772 384 4822 p.
406 4762 461 4819 271,
475 4763 502 4809 tn
514 4778 521 4809 τ
533 4761 584 4809 ott·
595 4762 654 4824 ὑπὲρ
662 4762 703 4811 τὸν
716 4762 802 4825 Ξέρξην
815 4759 895 4817 ούτος.
905 4760 943 4810 cl.
957 4760 1078 4810 Pnsonlns
1094 4762 1118 4819 t,
1137 4762 1190 4808 543.
1210 4757 1262 4806 Alia
1275 4756 1384 4819 exemplo
1398 4756 1490 4806 excitet
1506 4755 1639 4805 Pbinntzeo
1652 4769 1677 4820 p.
1692 4761 1746 4808 2⁵1.

152 4826 231 4877 Mulie
249 4829 372 4891 congessit
389 4830 566 4880 {immensi
587 4831 605 4881 ἱ.
622 4837 642 4893 1,
655 4844 680 4894 p.
695 4836 749 4883 54³.
762 4831 774 4895 ss
785 4857 814 4869 -
829 4836 877 4880 τῶν
897 4834 993 4895 μιχρῶν
1007 4829 1110 4893 ὑδάτων]
1124 4829 1162 4879 Cf.
1177 4832 1228 4878 not.
1244 4826 1276 4877 erl
1289 4826 1304 4891 §
1316 4834 1338 4876 2.
1354 4826 1365 4891 ll
1382 4851 1414 4863 -
1429 4832 1480 4885 νῆες
1495 4824 1554 4874 rme
1566 4829 1606 4874 καὶ
1620 4826 1747 4892 ἑξήκοντα]

154 4896 184 4944 7ῦ
205 4895 340 4945 σοοουιίιιιιι
359 4897 522 4948 Obelooeond.
535 4913 564 4962 p.
580 4902 624 4949 387
647 4902 682 4961 (et
693 4899 812 4949 Leonord,
824 4914 849 4963 ρ,
864 4900 933 4963 321);
955 4902 984 4948 72
1002 4912 1052 4949 sm·
1071 4898 1181 4955 Bnrbnr.;
1197 4902 1226 4947 80
1246 4897 1404 4946 εεο.1)ιιοιιιο
1423 4906 1447 4957 p.
1460 4896 1514 4953 271,
1531 4896 1555 4941 11
1570 4896 1595 4943 et
1608 4898 1662 4954 281,
1678 4899 1715 4944 11.

184 4963 271 5016 mli
288 4965 303 5029 §
320 4972 344 5016 2.
357 4968 491 5033 τριάκοντα]
505 4972 536 5022 θθ
550 4969 631 5020 stadie
644 4982 718 5033 supra
733 4968 798 5019 dixit
810 4981 864 5033 obp.
876 4975 915 5031 28,
930 4974 955 5031 3,
968 4970 1012 5019 nbi
1030 4968 1081 5020 vid.
1100 4972 1152 5017 not.
1169 4968 1179 5031 ΙΙ
1195 4994 1221 5004 -
1238 4967 1394 5026 ἠναγκάζοντο
1414 4961 1626 5025 etc.]1.eonsrdus
1640 4970 1723 5028 p.32²
1739 4986 1746 5017 ε

155 5036 217 5101 lem
227 5040 333 5099 perrttto
349 5042 448 5102 porto,
463 5052 564 5091 neeesse
578 5042 631 5105 felt
644 5054 678 5093 σα
691 5041 791 5106 postis,
807 5044 838 5092 ιιι
850 5041 996 5092 maritimos
1015 5040 1200 5091 custodiremus
1223 5048 1324 5097 meros,
1343 5035 1491 5085 dtrninrrere
1504 5034 1607 5084 milites.
1623 5034 1635 5097 ll
1650 5036 1706 5099 —§

155 5106 279 5171 ὑγίεντα]
292 5110 324 5159 V·
334 5111 385 5160 not.
398 5110 430 5161 sd
443 5123 498 5174 σιμ.
511 5114 550 5176 27,
563 5119 587 5163 2.
