3809 5859
582 388 760 448 lllsaolhh
783 387 834 446 DU
859 381 989 450 REGNE
1011 392 1060 450 DE
1081 391 1269 453 TlRthTE.

157 525 218 600 Sd.
236 520 405 583 Είσύαλόῦσα
421 511 464 579 aba
476 520 542 591 αὐτή
558 523 593 588 είς
606 520 653 591 τήν
670 520 781 598 σκηνὴν,
791 520 888 579 διακω·

115 612 226 672 λύεσθαι
245 610 296 689 γάρ
311 609 392 680 αὐτήν
414 612 442 668 ἐκ
463 614 515 668 τῶν
531 607 728 688 ὑπηρετούντων
744 611 791 669 οὐκ
805 599 847 680 ήν,
860 607 891 666 τδ

115 701 169 780 γὰρ
196 698 303 777 φίλτρον
327 701 379 755 τῶν
407 695 563 776 ἀμφοτέρων
587 699 634 755 οὐκ
660 696 890 774 ἠγνοεῖτο,ἔλεγεν

116 787 214 854 οὕτως·
230 788 300 846 Φιλε
314 783 471 864 Ἀρτασιρᾶ,
486 783 573 844 ἀπίτω
593 808 639 844 σου
659 788 711 844 τῶν
728 783 864 864 βλεφάρων
880 787 893 842 ό

116 876 211 942 ὕπνος·
227 872 298 954 ὅρμα
315 877 360 930 νῶν
383 872 447 950 πρὸς
466 871 514 943 τήν
532 873 639 950 βουλήν,
655 871 687 943 ἢν
711 873 796 930 πάλαι
812 863 893 950 εἶχες·

116 963 224 1044 θάββει,
248 962 352 1042 ἀφορῶν
371 959 435 1039 πρὸς
458 959 506 1031 τήν
534 957 658 1035 μαντείαν
679 964 725 1018 τοῦ
750 955 892 1037 βασιλέως·

117 1057 164 1110 νῦν
191 1048 281 1128 καιρδς
311 1045 474 1116 πανοπλίας,
500 1053 546 1105 νῶν
577 1049 673 1124 βουλῆς
693 1047 771 1127 χρεία
793 1048 893 1124 ἀνδρῶν

118 1138 292 1220 σοφωτάτων,
304 1141 348 1194 νῦν
360 1139 479 1210 ἀθροῖσαι
492 1139 591 1206 πλῆθος
606 1135 669 1214 πρὸς
684 1133 829 1214 παράταξιν
847 1135 894 1191 δεῖ.

119 1227 157 1288 ’0
172 1225 223 1304 γάρ
240 1223 377 1304 βασιλεὺς,
392 1223 488 1303 δρόμον
503 1222 619 1302 ἀστέρων
635 1223 811 1299 θεασάμενος,
828 1222 893 1302 ἔφη·

120 1319 177 1378 Νῦν
189 1315 278 1380 δοῦλος
293 1311 474 1390 ἀντιπράττων
490 1312 602 1384 δεσπότη
616 1320 678 1392 νικᾷ
692 1313 718 1370 έν
732 1314 770 1391 τῷ
785 1311 895 1389 παρόντι

121 1405 218 1482 καιρῷ.
261 1399 342 1460 Ἀλλά
360 1401 447 1476 δεῦρο,
460 1397 491 1456 σύ
507 1398 553 1475 μὲν
568 1400 647 1478 χώρει
662 1398 706 1457 ἐπὶ
720 1398 767 1469 τήν
784 1397 893 1477 βουλήν,

121 1491 182 1568 ἐμοὶ
201 1489 228 1548 δέ
250 1485 334 1556 δεξιάν
358 1485 470 1557 ἐπιδούς,
494 1485 564 1566 όρκῳ
589 1485 733 1566 βεθαίωσον
756 1486 804 1558 τήν
829 1484 895 1560 ἐμὴν

120 1577 242 1656 γνιίιμην,
256 1579 290 1640 ὡς
310 1579 357 1646 τῆς
371 1573 513 1653 βασιλείας
530 1577 639 1653 Περσῶν
654 1575 723 1642 έντδς
745 1573 893 1652 γινόμενος,

122 1665 170 1743 ἐμὲ
183 1669 231 1734 τῆς
245 1667 292 1732 σῆς
306 1662 394 1733 ’κοίτης
404 1661 453 1730 ἔξω
467 1663 496 1721 οὐ
511 1668 648 1743 καθιστᾷς,
662 1665 784 1721 κοινωνόν
800 1685 833 1737 με
848 1665 895 1731 τῆς

122 1757 202 1824 αὐτῆς
213 1751 297 1819 δεξιᾶς
308 1754 335 1826 (l.
344 1749 425 1827 ἀξίας)
438 1749 624 1808 ἀποδεικνύειν.
637 1751 723 1810 Τοῦτο
733 1748 782 1828 γὰρ
797 1748 837 1808 ἀεί
850 1772 895 1824 μοι

121 1843 208 1920 ἔλεγες
219 1838 443 1917 ἐπαγγελλόμενος
451 1883 459 1913 ,
467 1839 545 1907 ἡνίκα
558 1840 604 1907 τ’ής
616 1838 696 1908 αὐτῆς
707 1840 802 1916 βουλῆς
812 1835 896 1913 άπήρ·

122 1954 182 2010 χοο.
191 1932 287 1990 Ταῦτα
301 1925 349 2003 μὲν
360 1924 547 2004 Ἀρταδούκτα.
557 1923 591 1986 Ὁ
602 1923 629 1982 δὲ
640 1923 807 2004 ’λρτασιρᾶς,
818 1925 896 2002 χάριν

125 2017 253 2094 μεγίστην
267 2013 447 2091 ὁμολογήσας,
461 2012 506 2072 καὶ
521 2013 653 2092 ἁψάμενος
667 2018 713 2071 τοῦ
732 2013 838 2088 γυναίου
851 2017 897 2084 τῆς

123 2106 210 2185 χειρός
233 2103 301 2179 μετθι
327 2103 423 2168 οἰκείας
450 2101 532 2169 δεξιᾶς
556 2101 697 2159 ἀνατείνων
718 2103 753 2167 είς
775 2100 894 2179 οὐρανόν,

123 2195 225 2270 ἔλεγεν·
235 2191 327 2257 Ούτως
337 2193 419 2269 ὁρῷτο
430 2188 486 2248 θεία
497 2188 613 2266 δύναμις,
624 2187 695 2259 ἥλιος
707 2188 752 2247 καὶ
766 2195 829 2266 πῦρ,
845 2188 896 2265 ἀήρ

123 2305 151 2341 τε
161 2281 207 2341 καί
217 2285 268 2358 γή,
278 2281 313 2345 ὡς
322 2280 435 2356 τήμερον
449 2277 634 2357 βουλευόμενος
645 2277 772 2351 μετὰτῶν
783 2277 896 2356 ἀρίστοιν

125 2373 245 2450 Περσῶν,
257 2367 302 2427 καὶ
314 2367 488 2448 ἀφιστάμενος
497 2371 543 2424 τοῦ
557 2367 700 2444 βασιλέως,
713 2365 808 2423 αὐτίκα
825 2387 854 2423 σε
870 2367 896 2422 ἐν

125 2463 161 2538 τῷ
177 2461 234 2537 ἐμῷ
248 2455 313 2539 οἴκιρ
325 2453 459 2522 δεσπόζειν
472 2456 577 2512 πάντων
591 2453 796 2534 παρασκευάσω.

161 2549 177 2624 §
195 2547 222 2604 5.
238 2547 333 2605 Ταῦτα
349 2541 486 2602 ἀκούσασα
500 2540 674 2619 ’λρταδούκτα
691 2541 792 2618 ἔλεγεν·
807 2543 897 2600 Βαδιῶ

123 2633 211 2694 λοιπὸν
223 2631 288 2714 πρὸς
308 2631 356 2700 τήν
371 2627 471 2702 σκηνὴν
492 2637 537 2689 τοῦ
553 2629 694 2708 βασιλέως·
713 2627 766 2708 χρὴ
782 2628 833 2708 γὰρ
848 2628 897 2698 τήν

123 2721 236 2800 τήμερον
241 2721 289 2792 τήν
297 2723 350 2778 τῶν
360 2717 549 2796 προλαόουσῶν
559 2719 661 2797 ήμερῶν
674 2715 807 2776 διακονίαν
815 2739 897 2796 προσ-

128 2811 212 2888 άγειν.
236 2810 271 2868 Εἰ
284 2807 333 2885 γάρ
354 2806 398 2865 καί
418 2806 502 2885 τύχην
524 2805 661 2884 ἐλευθέραν
682 2804 833 2880 κεκτήμεθα
851 2828 896 2862 τε·

127 2898 242 2977 χθέντων
250 2899 278 2954 ἐκ
286 2895 458 2972 μεγιστάνων,
468 2892 536 2950 ἀλλὰ
545 2893 673 2951 δουλεύειν
683 2897 740 2958 ταῖς
750 2896 897 2968 βασιλικαῖς

129 2983 230 3062 χρείαις
243 2985 306 3061 χρή.
313 2986 404 3043 Ταῦτα
417 2986 526 3044 εἰποῦσα
535 3026 543 3054 ,
553 2981 689 3059 ἐπορεύετο
699 2982 734 3046 εἷς
743 2980 789 3054 τήν
799 2979 896 3050 σκηνήν

124 3086 172 3138 ’τοῦ
186 3077 329 3157 βασιλέως,
341 3074 385 3134 καί
395 3074 478 3152 λάθρα
491 3075 526 3138 είς
537 3071 584 3142 τήν
595 3071 692 3130 οἰκείαν
703 3068 792 3140 κοίτην
804 3069 895 3125 ύπεισ-

127 3173 239 3226 ελθοῦσα
252 3163 405 3222 ἀνεκλίνετο.
416 3160 448 3220 Ὁ
459 3161 485 3218 δὲ
498 3159 673 3238 Ἇρτασαρᾶς,
683 3156 808 3223 ἀναστάς,
821 3153 899 3222 συνή-

125 3267 208 3322 γαγεν
219 3241 278 3308 τοὺς
288 3243 453 3320 μεγιστάνους
461 3246 489 3307 (l.
500 3247 726 3320 μεγιστᾶνας)τῶν
736 3245 844 3322 Περσῶν
853 3242 897 3302 καὶ

124 3332 278 3410 Ἀσσυρίων,
293 3332 349 3407 μεθ’
362 3323 398 3391 ῶν
411 3333 453 3390 καὶ
468 3336 493 3392 έν
509 3332 602 3398 ἀλλοιις
615 3332 726 3410 ἡμέραις
738 3331 896 3403 ἐβουλεύετο,

122 3419 167 3478 καί
182 3421 247 3487 στδις
264 3421 291 3478 έν
309 3420 382 3500 μέσῳ
401 3420 478 3498 λέγει·
489 3416 594 3498 Ἄνδρες
608 3419 709 3499 ἄριστοι
728 3421 837 3498 Περσῶν
850 3421 897 3478 καὶ

123 3507 274 3588 Ἀσσυρίων,
284 3507 331 3578 τήν
339 3511 390 3566 τῶν
404 3510 517 3586 Πάρθων
528 3509 679 3576 ἀλαζονείαν
688 3509 718 3565 ἐκ
727 3508 830 3564 πολλῶν
844 3510 896 3564 τῶν

122 3596 222 3674 χρόνων
232 3596 323 3672 ἴσμεν,
333 3595 477 3674 ἀλλοτρίων
490 3595 583 3662 πόνους
594 3595 764 3672 ἁρπάζοντας.
774 3592 896 3670 Ἐγκαυ-

122 3688 223 3762 Ιργῶνται
234 3683 261 3742 δὲ
279 3686 440 3756 ἀδικοῦντες,
450 3683 535 3759 μάτην
547 3682 698 3764 φονεύοντες
712 3684 740 3742 οὐ
756 3679 894 3757 παύονται,

121 3774 233 3851 Περσῶν
239 3773 334 3854 ἄνδρας
342 3772 388 3831 καὶ
396 3772 544 3850 Ἀσσυρίους
557 3771 769 3850 βδελύττονταιοὶ
782 3769 894 3849 Πάρθοι,

122 3861 151 3918 ἐκ
161 3859 301 3938 βαρόάρων
311 3864 359 3937 γῆς
370 3861 564 3927 ὑπεισελθόντες
573 3861 609 3922 εἰς
618 3865 699 3935 ἡμᾶς·
706 3858 731 3915 τί
743 3848 787 3916 oia
798 3859 895 3937 έρεῑτε;

125 3949 157 4008 El
170 3949 274 4028 ψευδεῖς
289 3953 314 4009 oi
328 3947 386 4024 ἐμοὶ
399 3947 482 4028 λόγοι,
498 3945 598 4022 μενέτω
612 3945 759 4026 βασιλεύων
770 3945 814 4002 καὶ
838 3947 895 4002 ἀδι-

122 4038 186 4094 κῶν·
202 4038 224 4093 εί
237 4036 265 4094 δὲ
281 4038 331 4106 ’τῆς
346 4037 470 4107 ἀληθείας
486 4034 535 4104 iim
553 4037 600 4094 οὐκ
614 4033 722 4111 εἴρηκα,
737 4032 896 4113 ὁρμήσωμεν

123 4123 189 4200 πρὸς
202 4123 363 4204 παράταξιν·
378 4133 493 4202 κρεῖττον
514 4122 564 4202 γὰρ
578 4127 664 4181 θανεῖν
685 4119 703 4192 ἢ
719 4111 785 4180 εἶναι
808 4120 895 4179 δοῦλοι

124 4211 253 4270 δεσπότου
268 4214 426 4279 ἀδικοῦντος.
439 4213 532 4272 Ταῦτα
547 4209 594 4286 μίν
609 4209 773 4288 ’λρτασιρᾶς

162 4299 261 4374 56.οί
270 4297 297 4357 δέ
305 4302 356 4358 τῶν
365 4299 583 4378 Περσῶνάριστοι
592 4296 750 4366 ἔδέξαντοτά
759 4295 893 4374 εἰρημένα·

120 4385 236 4466 ηὔχοντο
256 4385 308 4466 γάρ
327 4386 541 4446 ἀπαλλάττεσθαι
556 4387 603 4464 μὶν
617 4389 669 4442 τῶν
685 4383 808 4463 Πάρθων,
821 4386 852 4442 ἐκ
865 4381 894 4442 δὲ

119 4479 167 4532 τοῦ
177 4466 275 4536 itacios
284 4474 373 4553 γένους
381 4463 446 4534 εἶναι
456 4473 567 4554 βασιλέα
576 4477 628 4532 τῶν
637 4473 758 4551 Περσῶν.
768 4471 822 4532 Καὶ
831 4461 909 4550 πρδς’

119 4561 278 4642 Ἀρτασιρᾶν
295 4565 395 4641 ipsium
415 4565 444 4641 (l.
459 4553 557 4640 εἶπεν)·
572 4561 608 4621 Σὲ
620 4559 737 4640 ἀρχηγὸν
751 4557 796 4617 καλ
809 4555 894 4636 λόγων

117 4651 166 4708 καὶ
180 4649 300 4732 πράξεων
315 4649 424 4729 ἔχομεν,
442 4651 537 4728 πεῖραν
548 4653 597 4721 τῆς
610 4653 658 4720 σῆς
673 4650 772 4724 ἀγαθῆς
788 4644 896 4723 γνώμης

116 4737 262 4812 λαθόντες,
278 4735 396 4820 ἐνάρετόν
411 4761 441 4797 τε
451 4737 586 4797 πολιτείαν
605 4726 671 4794 εἶναι
684 4737 709 4794 έν
724 4757 766 4793 σοι
778 4733 892 4793 ἐπιστά-
912 4745 919 4758 “

119 4848 210 4900 μενοι·
234 4825 249 4884 θ
270 4815 314 4885 σύν
336 4827 435 4906 βούλῃ,
451 4825 574 4905 πράττων
594 4823 751 4904 ἡγεμόνευε·
767 4826 843 4900 appi<
866 4820 894 4880 δὲ

119 4913 242 4990 ἑπόμεθα
262 4923 316 4980 τοῖς
328 4914 383 4981 σοῖς
395 4914 497 4992 λόγοις,
513 4913 653 4994 πράξοντες
668 4911 718 4972 ὅσα
733 4913 770 4978 είς
784 4909 896 4969 λυσιτέ-

116 5005 196 5062 λειαν
212 5003 370 5083 ἀμφοτέροις
385 5001 467 5066 ἐστίν.
481 5001 602 5083 Ἡμέρας
623 4992 667 5060 οὖν
682 4998 837 5078 γενομένης,
851 4997 897 5057 καὶ

152 5178 190 5242 (1)
202 5177 368 5229 ammonitu
385 5183 423 5230 est
438 5193 472 5228 nn
496 5191 553 5228 nom
572 5177 686 5240 compost
708 5177 749 5238 qui
767 5179 827 5226 seut
844 5174 896 5224 dire

117 5242 177 5310 fille
186 5247 334 5297 d’Ardschlr
341 5262 374 5298 on
382 5249 541 5301 a’ardabaa.
551 5247 617 5298 c’est
627 5249 650 5297 la
659 5247 739 5297 meme
749 5246 837 5296 iomrne
847 5258 894 5295 nuc

1665 403 1715 462 lli

977 522 1030 586 §a
1043 525 1078 573 Ea
1088 523 1163 587 igitur
1177 525 1201 572 ih
1216 524 1400 574 tabernaculum
1424 526 1532 589 ingressa
1551 528 1639 592 (neque
1655 532 1720 582 enim

946 610 1094 661 ministris
1106 612 1230 676 prohiberi
1246 614 1360 676 poterat:
1373 626 1430 663 uam
1447 614 1574 665 amborum
1590 631 1659 667 επιστ
1671 633 1719 668 που

946 707 999 754 erat
1012 704 1171 768 inurgrrilus),
1187 705 1223 754 sic
1236 706 1317 754 locuta
1330 709 1368 756 est
1388 723 1394 754 ι
1407 708 1470 756 care
1486 709 1606 770 Artasira,
1620 710 1692 761 abeat
1705 727 1720 759 a

946 798 1070 861 palpebris
1087 799 1139 850 tuis
1159 811 1260 848 somnus
1283 819 1289 847 z
1312 799 1392 864 arripe
1406 813 1472 850 nuno
1491 801 1635 864 musilium,
1654 804 1720 867 quod

946 891 1005 941 olim
1017 889 1124 942 habuisti
1136 913 1142 941 ι
1154 891 1264 953 conlido,
1274 891 1407 956 respiciens
1422 891 1454 942 ad
1464 893 1638 945 divinationem
1647 896 1720 960 regis.

948 986 1017 1034 hunc
1029 988 1127 1048 tempus
1140 987 1179 1035 est
1190 984 1294 1048 integras
1306 989 1447 1048 armaturae,
1460 1000 1526 1036 nunc
1535 1000 1598 1051 opus
1610 989 1722 1040 consulta

947 1078 1183 1142 sapientissimorum
1200 1078 1324 1140 virorum,
1337 1093 1402 1129 nunc
1422 1079 1590 1145 congreganda
1604 1080 1630 1131 in
1642 1083 1720 1132 aciem

947 1170 1090 1220 multitudo.
1134 1172 1229 1236 Quippe
1246 1185 1303 1232 rex,
1326 1172 1479 1224 considerato
1494 1178 1617 1224 astrorum
1630 1189 1721 1236 cursu,

947 1263 1011 1314 dixit
1031 1267 1122 1313 :hunc
1140 1278 1241 1324 servus,
1256 1265 1356 1316 domino
1377 1279 1422 1315 suo
1442 1280 1593 1330 repugnans,
1607 1268 1722 1332 presenti

947 1359 1023 1408 uincit
1030 1363 1149 1423 tempore.
1183 1364 1240 1424 Age,
1247 1363 1276 1410 tu
1284 1361 1384 1423 quidem
1393 1361 1425 1412 ad
1432 1362 1560 1412 consilium
1568 1363 1632 1414 vade
1643 1381 1650 1412 τ
1661 1362 1721 1413 mihi

948 1467 1007 1502 uero
1018 1453 1144 1502 dexteram
1159 1452 1298 1516 porrigens,
1315 1455 1462 1504 sententiam
1473 1468 1553 1504 meam
1563 1455 1723 1517 iureiurando

948 1547 1156 1610 confirmaqnod,
1166 1547 1208 1597 ubi
1217 1550 1364 1599 consecutus
1377 1548 1453 1599 tueris
1466 1562 1567 1612 regnum
1581 1553 1720 1606 Persarum.

948 1654 994 1690 nec
1005 1656 1020 1690 a
1033 1642 1105 1691 thoro
1117 1645 1161 1691 tuo
1172 1655 1220 1690 non
1237 1641 1271 1690 sis
1284 1645 1456 1704 separaturus,
1465 1641 1539 1706 hujus
1551 1642 1662 1706 ejusdem
1680 1642 1719 1692 di·

948 1735 1049 1798 gniiails
1061 1736 1205 1798 participem
1219 1749 1258 1784 me
1272 1735 1378 1790 reddens
1393 1735 1459 1785 :hoc
1472 1736 1537 1786 enim
1552 1749 1648 1800 semper
1661 1736 1722 1786 milri

949 1827 1049 1888 dixisti,
1069 1842 1126 1878 curn
1149 1828 1290 1891 promissis,
1311 1829 1408 1892 quando
1429 1829 1476 1879 hoc
1496 1831 1578 1892 ipsum
1595 1829 1723 1879 consilium

949 1922 1047 1986 aggredi
1065 1922 1171 1986 cupisti.
1205 1925 1263 1972 llaec
1274 1923 1374 1986 quidem
1385 1923 1519 1973 hrtadncta
1539 1925 1581 1987 (1).
1604 1924 1725 1974 Artasiras

949 2029 1009 2065 uero
1022 2016 1111 2080 gratias
1123 2017 1174 2080 egit
1184 2017 1316 2077 maalinas,
1331 2015 1557 2080 apprehensamque
1574 2015 1725 2066 mulierculas

950 2124 1051 2160 manum
1069 2124 1125 2159 cnm
1141 2109 1245 2159 dextera
1264 2123 1309 2160 sua
1327 2110 1351 2158 in
1367 2109 1457 2159 culum
1471 2108 1620 2169 extendens,
1635 2108 1697 2158 dixit
1716 2128 1723 2156 :

950 2203 990 2252 Sic
1006 2203 1089 2253 rideat
1104 2201 1186 2252 diuina
1197 2205 1319 2266 potestas,
1329 2202 1366 2251 sol
1382 2205 1408 2252 et
1419 2201 1481 2264 ignis
1489 2239 1496 2262 ,
1504 2214 1594 2263 aerque
1607 2204 1633 2250 at
1643 2203 1722 2258 terra,

950 2301 987 2355 nt,
998 2297 1071 2347 hodie
1082 2295 1183 2346 consilio
1197 2310 1254 2346 cum
1267 2296 1413 2360 primatibus
1425 2298 1556 2345 Persarum
1569 2294 1667 2352 habito,
1678 2293 1722 2343 dc·

952 2389 1084 2453 liciensque
1099 2405 1114 2440 a
1126 2404 1196 2454 rege,
1209 2389 1337 2440 censestim
1351 2392 1376 2439 te
1388 2389 1412 2438 in
1424 2387 1499 2438 domo
1511 2401 1568 2438 mea
1584 2387 1670 2438 faciam
1682 2387 1724 2436 do-

951 2494 1050 2530 minam.

982 2570 1034 2631 §a
1053 2570 1097 2619 llis
1117 2570 1222 2629 auditis,
1246 2570 1380 2619 artaducta
1398 2569 1462 2618 dixit
1486 2589 1493 2617 :
1515 2567 1677 2618 lamundum
1693 2565 1725 2616 ad

951 2670 1137 2720 tabernaculum
1155 2669 1226 2734 ηπ.
1242 2672 1303 2718 llam
1324 2672 1422 2732 oportet
1433 2683 1473 2719 me
1488 2667 1562 2718 hodie
1581 2667 1722 2731 preceden-

951 2771 1118 2822 tiumdicrnm
1132 2771 1296 2820 ministerium
1312 2783 1392 2833 agere.
1403 2768 1504 2819 Etiamsi
1521 2768 1587 2818 enim
1603 2766 1724 2818 conditio·

951 2886 1007 2921 nem
1020 2871 1124 2921 liberam
1134 2874 1249 2920 natorum
1260 2881 1288 2919 er
1309 2869 1456 2933 primatibus
1470 2867 1614 2927 habeamus,
1628 2869 1726 2930 oportet

951 2976 1034 3023 lamen
1043 2972 1182 3022 ministrare
1196 2969 1388 3020 necessitatibus
1396 2969 1477 3033 regiis.
1490 2968 1536 3018 llis
1544 2967 1629 3028 dictis,
1642 2967 1726 3021 abibat

951 3075 977 3122 in
993 3073 1179 3122 tabernaculum
1206 3070 1286 3134 regis,
1305 3069 1458 3130 latenterque
1483 3067 1575 3118 lectum
1588 3081 1662 3117 suum
1686 3067 1722 3116 in·

952 3188 1035 3238 gressa
1044 3213 1050 3234 ,
1059 3173 1231 3225 decumbebat.
1244 3175 1350 3235 surgens
1356 3185 1415 3221 vero
1422 3170 1559 3229 lundras,
1570 3167 1726 3233 congregarit

951 3272 1069 3334 primates
1089 3273 1219 3318 Persarum
1233 3270 1259 3318 et
1271 3267 1441 3329 Assyriorum,
1460 3265 1610 3328 quibuscum
1628 3267 1654 3314 ct
1670 3264 1726 3314 aliis

952 3364 1039 3414 diebus
1052 3363 1242 3422 consultaverat,
1260 3364 1286 3411 et
1300 3363 1369 3410 stans
1383 3361 1409 3408 in
1424 3359 1506 3408 medio
1521 3357 1601 3408 dicits
1617 3357 1668 3406 t'iri
1679 3370 1723 3420 op·

951 3461 1006 3511 timi
1015 3463 1144 3509 Persarum
1153 3460 1179 3508 et
1188 3455 1352 3520 assyriorum,
1363 3455 1455 3504 fastum
1467 3452 1613 3502 Parthorum
1623 3449 1726 3501 amulio

951 3562 1062 3620 tempore
1079 3553 1209 3611 norimus,
1225 3551 1367 3613 alienosque
1385 3549 1416 3600 ab
1429 3549 1465 3598 eis
1476 3547 1529 3610 rapi
1542 3546 1647 3598 labores.
1666 3543 1725 3594 Glo-

952 3651 1055 3712 riantur,
1069 3647 1130 3698 dum
1146 3644 1250 3710 injurias
1265 3643 1388 3701 inierunt3
1398 3640 1511 3690 occidere
1527 3640 1579 3689 sine
1588 3651 1664 3688 causa
1675 3651 1725 3688 uon

951 3747 1081 3805 desinunt,
1099 3744 1166 3793 viros
1181 3744 1313 3792 Persarum
1334 3742 1360 3789 et
1378 3736 1535 3800 assyriorum
1553 3733 1725 3805 abominantur

951 3842 1048 3901 Parthi,
1061 3843 1167 3891 exterra
1180 3837 1341 3887 barbarorum
1360 3833 1386 3883 in
1401 3833 1510 3881 nostram
1531 3827 1643 3894 imessl.
1660 3829 1726 3888 Quid

954 3953 1014 4003 ergo
1036 3937 1137 3986 dicitis?
1157 3934 1183 3983 si
1193 3931 1269 3982 rerba
1281 3943 1337 3979 mea
1351 3929 1409 3980 sunt
1425 3927 1494 3987 salsa,
1506 3927 1605 3976 manem
1622 3923 1688 3973 idem
1699 3928 1727 3973 ot

951 4047 1055 4098 regnans
1063 4034 1089 4082 et
1097 4029 1184 4094 injuria
1196 4027 1315 4078 alliciens.
1328 4024 1419 4074 sivero
1432 4035 1482 4071 nou
1493 4020 1540 4070 nisi
1551 4033 1610 4070 uera
1618 4017 1682 4080 (hri,
1692 4017 1726 4068 art

950 4145 1020 4181 amna
1041 4139 1223 4179 concurramus.
1244 4127 1306 4173 llam
1323 4122 1425 4186 praestat
1443 4118 1521 4179 mori,
1536 4130 1612 4180 quam
1629 4115 1727 4166 servire

950 4223 1001 4289 regi
1014 4223 1115 4288 iujurias
1127 4217 1248 4270 inserenti.
1262 4219 1322 4266 llaec
1333 4213 1462 4264 Artasiras.

981 4316 996 4378 §
1013 4320 1036 4364 o.
1053 4311 1191 4376 optimates
1201 4310 1284 4358 autem
1301 4307 1431 4354 Persarum
1444 4300 1510 4351 dicta
1519 4314 1576 4350 curn
1588 4299 1672 4349 lavore
1685 4310 1727 4347 ex·

950 4410 1068 4474 oeperunt
1083 4404 1232 4469 :cupiebant
1243 4400 1309 4453 enirn
1320 4399 1467 4449 Parthorum
1480 4394 1578 4446 libcrari
1595 4393 1720 4448 dominio,

949 4515 1068 4572 stragem
1079 4507 1171 4558 babere
1181 4511 1308 4555 Persarum
1321 4515 1353 4552 ex
1364 4513 1409 4550 suo
1424 4510 1520 4562 genere.
1532 4497 1619 4558 ltaque
1629 4493 1662 4544 ad
1674 4496 1724 4542 hr·
1807 4530 1813 4542 .

949 4610 1050 4660 tasiram
1067 4608 1169 4658 dicunt:
1179 4609 1214 4656 Τε
1224 4605 1347 4656 dictorum
1357 4603 1529 4662 tactommquc
1542 4598 1631 4648 (lucem
1644 4594 1720 4645 habe·

950 4724 1017 4771 mus,
1027 4708 1182 4775 prudentiam
1188 4706 1282 4757 consilii
1290 4705 1328 4755 tui
1340 4701 1491 4767 experientia
1502 4697 1592 4758 edocti,
1604 4695 1724 4746 scientes·

921 4811 924 4882 l
950 4827 1000 4876 que
1012 4811 1212 4876 gubernationem
1228 4811 1296 4859 tuarn
1315 4820 1345 4857 ex
1360 4816 1446 4854 norma
1463 4800 1562 4851 uirtutis
1582 4795 1722 4862 procedere.

951 4911 1039 4971 ltaque
1050 4905 1177 4970 quodvis,
1192 4905 1243 4963 lac,
1253 4907 1279 4953 et
1286 4902 1378 4952 ducem
1388 4903 1415 4949 te
1426 4896 1508 4962 praebe
1521 4913 1528 4944 τ
1540 4907 1586 4944 nos
1598 4890 1724 4954 sequimur

952 5003 1019 5054 dicta
1036 5004 1092 5062 tua,
1109 4998 1199 5049 tacturi
1214 5009 1272 5060 quae
1289 4995 1321 5044 ad
1337 4992 1469 5044 utilitatem
1486 4993 1646 5046 utrorumque
1664 4994 1724 5030 con-

953 5173 989 5221 les
1006 5170 1138 5219 historiens
1156 5179 1260 5230 persana
1278 5163 1405 5213 nommant
1422 5157 1533 5217 cernar,
1548 5164 1643 5203 οοπποσ
1661 5162 1725 5202 nous

951 5241 1043 5292 lauans
1055 5239 1092 5288 dit
1101 5237 1310 5303 precedemmeut,
1324 5246 1348 5296 p.
1361 5236 1413 5291 ltu,
1424 5231 1480 5278 note
1494 5233 1517 5274 2.
