3809 5859
134 397 203 464 tta.

136 533 174 585 les
189 523 317 583 contrees
330 518 379 574 des
394 513 508 572 Parthes
525 510 574 584 qui
587 525 660 562 nous
674 505 907 580 appartiennent,

137 631 165 674 et
189 610 337 684 l’Assyrie,
352 617 380 662 et
405 606 431 658 le
452 619 523 676 pays
538 599 587 653 des
602 593 707 666 Dadjik
726 589 868 667 (Arabes),
884 599 912 644 et

137 697 383 770 l'Adherbadagan
407 680 652 769 (Adherbeidjan).
677 683 746 736 Mais
766 678 912 754 pourquoi

139 796 180 850 les
203 787 352 846 enrrme'rer
365 784 404 837 les
424 797 477 834 uns
491 775 572 850 apres
586 775 626 828 les
639 768 751 826 autres?
769 771 823 824 Les
842 783 913 840 pays

142 899 197 956 que
205 879 252 952 j'ai
264 874 359 930 visitis
368 867 494 944 pendant
506 866 533 919 ln
541 864 623 937 paix,
634 861 783 930 beaucoup
793 855 915 910 d’autres

142 987 198 1043 que
220 965 269 1038 j’ai
295 975 454 1036 parcourus
477 952 604 1028 pendant
630 950 657 1003 la
679 963 793 1022 guerre,
820 942 916 998 eules

142 1061 322 1130 saceageant,
342 1057 406 1104 sont
421 1063 456 1100 en
477 1040 597 1096 nombre
618 1033 832 1100 considerable3
847 1031 917 1085 mais

143 1145 214 1200 dans
232 1159 325 1197 aucun
340 1137 424 1192 d'eux
433 1133 462 1204 je
476 1149 512 1185 ne
523 1130 564 1184 vis
573 1145 629 1181 une
641 1121 793 1180 semblable
803 1120 915 1186 beaute,

144 1247 172 1290 et
195 1233 248 1288 elle
270 1247 287 1283 a
308 1229 351 1282 ete
375 1222 484 1298 perduc
500 1218 605 1293 parles
629 1213 792 1268 seductions
817 1208 852 1263 de
876 1225 919 1262 ses

146 1335 324 1393 compagnes.
349 1317 436 1368 Leurs
461 1307 606 1378 sortileges
630 1312 680 1357 ont
706 1300 749 1355 e'te
776 1297 921 1352 tellement

146 1411 302 1485 puissants,
316 1421 370 1476 que
383 1397 549 1455 moi-meme
560 1393 610 1464 j’ai
625 1391 668 1444 ete
682 1390 795 1443 vaincu.
812 1409 824 1434 s

188 1496 217 1573 [§
233 1487 296 1570 86.]
310 1495 350 1546 Le
361 1489 430 1561 jour
441 1481 569 1558 d'apres,
585 1481 610 1534 le
623 1477 690 1533 chef
705 1476 753 1530 des
767 1474 879 1528 archers
892 1489 922 1526 se

147 1587 279 1661 presente
304 1595 380 1653 pour
409 1573 521 1629 obtenir
547 1567 651 1622 l'ordre
682 1565 719 1620 de
746 1574 809 1618 tuer
835 1561 923 1616 sainte

149 1670 265 1732 Gaiaue.
283 1671 323 1724 Le
338 1665 400 1731 roi,
417 1680 453 1717 en
468 1657 622 1715 entendant
648 1653 723 1721 cela,
739 1650 852 1706 trouble
872 1666 926 1723 par
947 1683 949 1686 -

148 1763 278 1827 l'amour,
292 1753 455 1818 consterni,
468 1745 615 1820 stupebit,
626 1741 740 1796 arreanti
750 1781 759 1809 ,
771 1757 848 1802 nese
861 1755 926 1792 sou·

150 1858 254 1906 venant
272 1846 336 1919 plus
350 1841 384 1895 de
399 1857 436 1916 ce¹
453 1838 503 1910 qni
516 1835 583 1889 ituit
595 1831 706 1886 advenu
725 1828 741 1882 ir
757 1829 846 1881 sainte
860 1825 928 1880 Hri-

149 1937 258 2013 psimit,
278 1935 305 1987 la
327 1929 440 2004 croyait
464 1941 568 1980 encore
590 1921 713 1974 vivante.
726 1918 750 1971 ll
762 1914 929 1989 promottait

113 2032 116 2043 '
151 2023 298 2082 d'elevera
314 2019 349 2075 de
359 2015 478 2092 grandes
491 2010 611 2086 diguitis
622 2019 650 2062 et
663 2006 678 2061 a
694 2005 729 2060 de
743 2002 847 2078 grands
858 2003 930 2056 hon·

819 365 1065 429 AGATHANGE.

965 518 1051 555 neurs
1065 499 1229 571 quicunque
1242 493 1437 570 parviendrait
1452 493 1468 548 ia
1482 491 1594 548 seduire
1615 491 1642 546 la
1655 489 1744 562 jeune
1797 472 1802 480 .

966 588 1023 644 fille
1040 598 1067 642 et
1081 588 1107 641 la
1119 583 1314 659 persuaderait
1336 582 1372 638 de
1385 584 1466 637 venir
1479 581 1495 637 a
1508 582 1559 637 lui.
1572 580 1650 635 Celui
1664 579 1745 652 iqui

967 679 987 732 il
1003 676 1161 732 s’adressait
1183 674 1226 728 lui
1247 672 1291 727 dit
1303 689 1319 728 .:
1344 696 1357 721 a
1383 673 1459 726 Ainsi
1480 670 1632 743 perissent,
1650 668 1744 736 oroi,

968 776 1032 820 tous
1045 775 1086 818 tes
1100 762 1241 835 mammis,
1251 771 1279 815 et
1296 778 1368 815 ceux
1379 759 1429 831 qui
1438 758 1594 831 meprisent
1606 757 1647 810 les
1659 756 1746 811 dieux

968 864 997 908 et
1011 853 1039 908 la
1053 853 1169 907 volonte
1182 850 1230 905 des
1240 851 1308 908 rois.
1327 849 1397 902 Mais
1417 847 1487 902 celle
1501 847 1551 919 qui
1564 844 1662 918 perdit
1674 843 1747 899 l'ad·

970 941 1087 996 mirable
1114 937 1256 1012 Eripsime
1286 939 1343 1005 vit,
1367 936 1435 990 ainsi
1467 952 1523 1008 que
1546 933 1622 988 deux
1645 930 1682 987 de
1705 950 1748 986 ses

972 1047 1152 1103 compagnes.
1169 1051 1181 1076 ν
1197 1031 1291 1099 Ayant
1306 1025 1402 1099 appris
1421 1040 1477 1097 que
1499 1023 1587 1078 sainte
1603 1019 1748 1094 Hripsime

972 1120 1040 1174 etait
1059 1128 1168 1185 morte,
1192 1117 1220 1170 le
1245 1116 1290 1170 roi
1312 1113 1442 1169 retomha
1461 1111 1498 1166 de
1521 1128 1651 1164 nouveau
1678 1109 1749 1164 dans

973 1227 1001 1263 sa
1017 1208 1152 1274 tristesse,
1167 1223 1196 1261 se
1210 1203 1319 1258 rouiaa
1333 1212 1424 1272 terre,
1437 1218 1518 1255 versa
1531 1198 1580 1254 des
1595 1201 1706 1264 tarmes,
1722 1207 1751 1250 et

975 1307 1056 1351 entra
1070 1294 1141 1349 dans
1155 1310 1211 1348 une
1233 1291 1330 1346 furem
1345 1289 1470 1345 terrible.
1484 1289 1550 1344 Puis
1574 1287 1594 1340 il
1621 1286 1751 1341 ordonna

977 1384 1066 1459 qu‘on
1085 1382 1215 1438 arrachtt
1229 1382 1256 1435 la
1269 1380 1372 1454 langue
1385 1378 1402 1432 a
1415 1378 1443 1431 la
1456 1387 1605 1432 vertueuse
1627 1371 1750 1442 Gaiane,

977 1484 1061 1528 avant
1077 1471 1114 1526 de
1129 1473 1155 1526 ia
1172 1482 1243 1539 tuer,
1256 1486 1342 1542 parce
1357 1466 1460 1540 qu’eile
1483 1466 1559 1520 avait
1581 1465 1629 1518 ose
1649 1460 1752 1535 perdre

978 1580 1030 1636 par
1044 1561 1080 1616 de
1092 1557 1214 1633 perfides
1235 1557 1353 1613 conseils
1374 1556 1443 1610 celle
1454 1555 1504 1627 qui
1516 1553 1609 1627 parmi
1624 1552 1664 1606 les
1677 1567 1752 1604 mor-

980 1651 1031 1705 tels
1049 1649 1122 1703 avait
1139 1649 1166 1702 la
1177 1647 1280 1703 beaute
1293 1645 1377 1700 d'une
1389 1643 1483 1698 deesse
1497 1639 1535 1716 (et
1546 1649 1620 1705 cetto
1631 1638 1751 1705 beaute',

980 1739 1021 1793 les
1035 1737 1143 1792 deesses
1161 1736 1189 1790 la
1204 1736 1244 1789 lui
1259 1735 1369 1789 avaient
1384 1726 1524 1806 donnee),
1535 1739 1564 1784 et
1578 1725 1666 1801 qu’on
1678 1727 1705 1780 la
1720 1726 1755 1779 tit

982 1827 1091 1882 mourir
1111 1825 1182 1880 dans
1207 1824 1345 1879 d’atroces
1367 1829 1534 1876 tourments.
1554 1819 1594 1871 Le
1616 1814 1683 1870 chet
1705 1814 1754 1868 des

984 1915 1147 1970 hourreanx
1162 1931 1192 1968 se
1205 1912 1335 1984 presente
1348 1911 1437 1975 alors,
1452 1918 1481 1962 et
1493 1907 1514 1960 il
1528 1925 1559 1960 se
1572 1916 1657 1959 vanta
1677 1902 1714 1956 de
1727 1903 1755 1955 la

985 2002 1054 2057 seire
1067 2002 1177 2056 mourir
1192 2000 1380 2055 cruellement.
1397 1997 1421 2053 lt
1432 1997 1471 2050 les
1485 1993 1518 2049 fit
1532 1994 1617 2048 sortir
1628 1989 1756 2063 ehargees

154 2145 1749 2199 μμ

153 2264 370 2346 προσκυνήσεως,
385 2257 429 2316 καλ
441 2259 488 2326 τῆς
503 2253 550 2331 μὲν
564 2250 699 2327 παρούσης
716 2250 784 2317 ζωῆς
803 2243 847 2303 καῖ
861 2246 929 2300 oino-

154 2354 271 2419 λαύσεως
299 2349 506 2426 καταφρονοῦσι,
526 2341 567 2397 τὸν
589 2336 698 2396 θάνατον
723 2333 751 2390 ού
775 2328 927 2410 φοόοῦνται.

156 2444 256 2504 'Evina
271 2437 298 2498 δὲ
312 2436 428 2514 μάλιστα
440 2430 487 2501 τήν
502 2421 722 2504 θαυμασιωτάτην
738 2416 884 2496 Ῥιψήμην,
897 2408 929 2486 ἧς

159 2534 206 2594 οὐκ
220 2524 334 2596 ἐξιασῖῖτό
345 2527 383 2590 τις
399 2523 424 2580 ἐν
439 2515 575 2597 συγκρίσει
589 2515 641 2570 τῶν
656 2509 772 2587 γηγενῶν
787 2507 928 2584 γυναικῶν.

158 2607 262 2682 Ὀπίσω
284 2615 334 2694 γδιρ
360 2613 440 2681 αὐτῆς
456 2614 473 2680 ἡ
493 2602 588 2682 καρδία
604 2623 654 2678 μου
669 2594 809 2673 ἀπαμύνει,
826 2592 871 2652 καὶ
884 2593 932 2650 οὐκ

159 2706 365 2781 ἐπιλανθάνομαι
375 2701 455 2770 αὐτῆς
465 2695 513 2760 ἕως
524 2693 554 2750 ἄν
566 2694 620 2766 εἰμι
628 2691 653 2747 ἐν
664 2691 696 2762 τῇ
706 2689 758 2763 ζωῇ
768 2679 932 2760 Τηρηδάτιος

159 2801 173 2854 ὁ
195 2792 329 2874 βασιλεύς.
351 2788 407 2858 Τήν
430 2784 480 2862 γὰρ
495 2781 597 2842 Ἰωνίαν
615 2777 659 2835 καί
680 2772 818 2848 Ῥωμαῖαν
842 2768 931 2848 χώραν

161 2882 306 2956 ἐπίσταμαι
320 2876 365 2936 καῖ
379 2874 411 2933 τίι
425 2871 492 2952 μέρη
506 2873 557 2927 τῶν
568 2867 696 2944 Πάρθων,
706 2857 842 2937 Ἀσσυρίαν
851 2879 879 2914 τε
888 2856 933 2928 καί

163 2966 313 3049 Περσικήν,
328 2963 374 3024 καί
386 2961 430 3021 ἵνα
446 2958 483 3034 μή
498 2955 585 3037 ἐφεξῆς
600 2951 738 3028 ὀνομάσω,
752 2944 863 3010 πολλοὺς
883 2944 933 3021 γάρ

162 3059 256 3126 τόπους
275 3054 320 3114 καὶ
339 3051 428 3132 χώρας
443 3052 468 3106 ἐν
487 3045 596 3122 πολέμῳ
618 3035 782 3108 κατέλαόον,
797 3034 933 3098 πλείστους

162 3147 251 3206 τεκαὶ
268 3143 324 3220 μετ’
340 3138 458 3214 εἰρήνης,
473 3134 519 3193 καί
537 3137 583 3191 τοῦ
605 3128 716 3192 κάλλους
735 3122 833 3195 ταύτης
847 3119 935 3197 όμοιον

163 3239 210 3294 οὒκ
221 3233 355 3311 ἐθεώρησα
365 3226 485 3294 πώποτε,
497 3221 529 3292 ήν
542 3215 741 3296 διαστρέψαντες
755 3203 822 3283 ήσαν
830 3213 860 3268 ὀί
874 3208 936 3286 γόη·

164 3347 225 3394 τες,
240 3320 320 3385 οὕτως
332 3310 548 3396 Ιὅπερόαλλόντως
562 3301 808 3389 φαρμακεύσαντες,
822 3301 856 3364 ὡς
868 3295 936 3372 κάμὲ

164 3415 289 3482 νικήσαι·
341 3433 346 3443 ·

206 3501 222 3576 §
240 3501 287 3559 86.
305 3497 348 3572 Τῇ
363 3491 390 3552 δὲ
411 3486 519 3566 ἐπιούσῃ
538 3477 688 3562 προσελθὼν
705 3481 719 3536 θ
735 3473 936 3555 άρχιμάγειρος,

166 3587 299 3666 διάταγμα
314 3582 372 3663 ᾔτει
383 3577 473 3638 λαθεῖν
489 3573 549 3655 περί
566 3576 614 3642 τῆς
627 3566 704 3645 ἁγίας
720 3566 852 3631 Γαιανῆς,
868 3557 936 3636 ποίῳ

166 3677 269 3754 θανάτῳ
283 3670 374 3739 αὐτὴν
405 3661 558 3738 ἀποκτείνῃ.
583 3659 667 3723 Αὐτὸς
689 3647 732 3712 οθν
754 3650 885 3718 ἀκούσας,
904 3649 939 3711 ὡς

167 3759 311 3833 ἐξεστηκὼς
325 3757 377 3815 άπὸ
389 3758 437 3825 τῆς
448 3751 534 3832 φιλίας
549 3745 595 3807 καὶ
613 3740 756 3824 μωρανθελς
768 3737 812 3798 καὶ
827 3733 939 3799 ἐκλυθείς

167 3849 213 3911 καὶ
238 3848 285 3915 ἔξω
307 3848 400 3903 ἑαυτοῦ
421 3839 575 3918 γενόμενος,
593 3832 710 3908 ἐνόμισεν
727 3832 773 3899 ζῆν
797 3823 844 3895 τήν
864 3821 939 3899 ἁγίαν

168 3935 312 4018 Ῥιψήμην,
328 3931 373 3991 καί
387 3924 551 4010 φησιν·Ἐπῖ
563 3920 669 4000 μεγάλῳ
682 3916 809 3992 ἀξιώματι
819 3911 863 3972 καῖ
876 3913 939 3989 τιμῇ

170 4026 215 4086 καί
231 4028 322 4104 δώροις
339 4017 433 4092 ίστημι
446 4014 490 4074 τόν
514 4010 654 4087 δυνάμενον
679 4009 769 4065 πεῖσαι
790 4001 837 4074 τήν
860 3997 939 4076 κόρην

170 4116 252 4174 ἐλθεῖν
267 4107 329 4188 πρὸς
345 4105 385 4185 μί.
401 4105 436 4165 ‘O
450 4101 477 4160 δὲ
493 4096 680 4179 άρχιμάγειρος
691 4092 740 4172 ἔφη
755 4089 850 4154 οθτως·
864 4085 940 4145 Ἀπο-

170 4204 277 4259 λοῦνται
292 4197 387 4259 πάντες
400 4193 424 4250 οί
438 4195 482 4249 τοῦ
504 4182 631 4266 βασιλέως
653 4177 740 4259 ἐχθροί
750 4222 759 4248 ,
782 4174 827 4232 καί
847 4173 871 4230 οῖ
890 4173 941 4228 τῶν

172 4289 235 4348 θεῶν
248 4284 484 4360 καταφρονοῦντες,
493 4275 538 4334 καί
546 4274 596 4332 τῶν
611 4268 754 4349 βασιλικῶν
768 4257 942 4342 προσταγμά-

174 4399 241 4444 των,
254 4375 289 4438 ὡς
309 4367 404 4438 ἐκείνη.
420 4365 455 4426 Ἡ
478 4363 506 4422 δὲ
529 4356 708 4438 διαστρέψασα
730 4349 811 4420 αὐτὴν
835 4346 945 4424 γοήτρια

175 4461 242 4538 μετθι
263 4460 332 4518 δυοῖν
351 4454 462 4533 ἑταίρων
481 4451 560 4520 αι’πῆς
585 4448 627 4524 ζῇ.
645 4440 698 4503 Καί
719 4441 753 4505 ὡς
771 4435 880 4508 ἤκουσεν
901 4427 945 4487 τδν

175 4555 221 4622 τῆς
231 4547 305 4626 ἁγίας
313 4541 448 4623 Ῥιψήμης
460 4538 569 4598 θάνατον
581 4537 595 4592 θ
607 4525 737 4613 βασιλεύς,
745 4523 824 4584 πάλιν
837 4522 863 4578 ἐν
874 4517 945 4598 λύπῃ

176 4635 307 4706 κατεπόθη
322 4632 367 4692 καλ
381 4625 500 4693 καταθθις
515 4622 626 4683 ἀπὸτοῦ
642 4617 749 4697 θρόνου,
765 4611 809 4672 ἐπί
829 4606 875 4678 τὴν
897 4609 946 4684 γῆν

178 4725 294 4785 ἐκάθισεν
315 4721 360 4780 καῖ
381 4715 482 4796 ἐθρήνει
493 4713 537 4772 καῖ
549 4710 664 4769 ἔκλαιεν.
682 4703 768 4762 Πάλιν
789 4688 834 4756 οθν
848 4693 948 4755 κελεύει

179 4814 225 4886 τήν
241 4811 317 4890 ἁγίαν
330 4805 462 4877 Γαιανήν,
473 4801 544 4862 ίίστεΧ
554 4797 601 4869 τὴν
617 4795 696 4862 αὐτῆς
711 4791 833 4870 γλῶσσαν
847 4783 889 4841 διθι
903 4785 948 4839 τοῦ

178 4901 293 4966 τένοντος
313 4895 418 4956 όπισθεν
442 4894 545 4970 πρῶτον
568 4883 700 4951 ἐκόαλεῖν,
716 4875 761 4936 καί
785 4873 866 4936 οὕτως
885 4872 950 4927 ἀπο-

180 4991 323 5059 κτανθῆναι
339 4981 433 5055 αὐτὴν,
448 4975 537 5046 ἐπειδὴ
557 4971 718 5048 ἐτολμησεν,
732 4959 827 5044 φησίν,
842 4959 868 5014 ἐν
893 4955 950 5010 δια-

183 5077 286 5155 στρόφῳ
299 5069 418 5154 νουθεσία
433 5064 560 5127 άπολίσαι
581 5057 703 5126 τοιαύτην
719 5050 815 5130 κόρην,
839 5046 951 5124 ἔχουσαν

183 5164 230 5236 τήν
242 5167 293 5223 τῶν
305 5163 368 5222 θεῶν
383 5154 525 5236 εὐμορφίαν
540 5155 566 5210 ἐν
581 5147 653 5226 μίτῳ
665 5146 717 5202 τῶν
731 5135 884 5218 ἀνθρώπων.
902 5127 952 5190 duit
976 5192 982 5201 Ι

983 2241 1086 2290 deorum
1101 2260 1107 2288 :
1121 2240 1267 2303 presentem
1279 2237 1356 2286 u'tam
1371 2235 1474 2297 ejusque
1495 2231 1635 2281 fruitionem
1647 2229 1755 2277 oontem-

983 2347 1045 2396 uunt
1058 2365 1065 2393 ι
1078 2345 1183 2394 mortem
1196 2356 1245 2392 non
1259 2343 1382 2392 verentur.
1398 2342 1490 2387 Verum
1502 2335 1610 2384 maxime
1623 2332 1703 2396 cogito
1715 2330 1757 2380 ad·

983 2450 1119 2500 mirandam
1139 2460 1293 2510 summopere
1312 2444 1459 2508 Ripsimam,
1473 2441 1515 2490 eui
1532 2439 1558 2488 in
1580 2435 1760 2500 comparatione

984 2555 1112 2618 adaequata
1125 2567 1174 2602 non
1186 2554 1225 2602 est
1237 2551 1287 2600 ulla
1307 2547 1397 2597 mulier
1407 2543 1538 2596 terrestris.
1553 2541 1592 2591 Ad
1611 2539 1678 2589 iilam
1692 2537 1759 2588 enim

987 2675 1030 2711 cor
1042 2672 1125 2710 meum
1137 2654 1360 2717 adnotatumque
1373 2665 1421 2701 non
1434 2648 1570 2707 obliviscar,
1581 2645 1659 2696 donee
1669 2644 1696 2692 in
1705 2643 1760 2692 rita

987 2767 1056 2815 suero
1068 2778 1112 2813 rex
1125 2761 1253 2812 Tiridates.
1266 2758 1360 2809 Ioniam
1374 2753 1477 2818 eognori
1488 2751 1612 2820 regionem
1625 2750 1650 2797 et
1667 2750 1757 2796 Roma-

986 2884 1056 2929 nam,
1071 2867 1223 2928 ditioresque
1233 2864 1393 2919 Parthorum,
1405 2859 1430 2908 et
1439 2855 1573 2918 Assyriam,
1586 2853 1612 2902 et
1621 2831 1760 2910 Persidem,

988 2983 1014 3030 et
1024 2993 1056 3029 ne
1068 2979 1138 3041 plura
1149 2973 1285 3031 nominem,
1295 2969 1374 3020 multa
1385 2967 1438 3017 loeo
1448 2967 1473 3015 et
1484 2960 1623 3026 provincias
1633 2957 1726 3007 accessi
1736 2956 1763 3005 in

988 3085 1065 3143 bello,
1079 3079 1219 3146 plurimam
1233 3090 1307 3141 paee,
1317 3078 1343 3124 ot
1353 3068 1559 3137 pulchritudinem
1569 3064 1628 3114 huie
1640 3061 1762 3126 aqualem

990 3202 1115 3252 nunquam
1127 3187 1185 3235 vidi.
1201 3187 1269 3234 Hane
1280 3178 1452 3245 perverterunt
1464 3174 1528 3237 magi
1539 3171 1588 3230 itti,
1605 3171 1650 3232 qui
1666 3181 1721 3218 eam
1731 3166 1766 3216 ita

991 3308 1064 3358 supra
1083 3292 1186 3342 modum
1207 3285 1337 3353 praestigiis
1358 3280 1542 3340 iustmxerunt,
1556 3279 1587 3326 ut
1604 3277 1630 3324 et
1650 3287 1690 3322 me
1708 3271 1762 3320 vin·

991 3403 1070 3451 cerei.
1087 3420 1098 3442 ν
1357 3423 1360 3428 -

1023 3489 1038 3552 §
1049 3492 1087 3538 86.
1097 3481 1341 3538 Postridieaeredens
1350 3487 1484 3539 coquorum
1493 3470 1617 3534 magister,
1624 3464 1767 3516 mandatum

992 3589 1062 3654 petiit
1074 3588 1106 3638 de
1117 3588 1201 3637 sancta
1216 3583 1315 3641 Gaiana,
1331 3592 1381 3642 qua
1393 3591 1447 3628 eam
1464 3574 1544 3624 morte
1558 3568 1699 3634 perimeret.
1718 3567 1767 3612 Au·

992 3688 1063 3739 diens
1076 3700 1133 3750 ergo
1151 3697 1210 3744 rex,
1230 3679 1301 3744 quasi
1319 3676 1437 3727 attomtus
1454 3685 1506 3736 prae
1518 3680 1601 3720 amore
1614 3668 1640 3714 et
1654 3659 1768 3724 stupidus

993 3786 1177 3845 dissolutumue
1199 3783 1225 3829 et
1245 3776 1335 3827 mentis
1355 3774 1435 3836 impos
1456 3770 1549 3825 sactus,
1563 3762 1668 3828 putabat
1686 3758 1769 3808 virere

995 3885 1105 3934 muctam
1113 3867 1251 3943 flipsimen',
1266 3878 1290 3925 et
1302 3872 1366 3923 dixit
1381 3889 1387 3918 :
1403 3865 1521 3929 «siquis
1536 3859 1683 3926 persuadere
1690 3854 1769 3919 possit

995 3982 1091 4048 puellae,
1101 3981 1131 4030 ut
1138 3978 1221 4028 veniat
1229 3974 1261 4024 ad
1269 3987 1321 4035 me,
1331 3971 1355 4022 ei
1364 3980 1477 4032 maguam
1488 3962 1640 4027 dignitatem,
1650 3956 1767 4005 honorem

996 4088 1022 4137 et
1027 4085 1091 4136 dona
1097 4083 1186 4134 offero.
1196 4100 1208 4122 ι
1215 4081 1247 4128 At
1253 4075 1369 4139 magister
1376 4080 1510 4133 eoquorum
1518 4065 1553 4114 sie
1560 4061 1621 4112 dixit
1630 4079 1636 4108 :
1647 4056 1773 4104 «Pereunt

999 4203 1085 4241 omues
1097 4188 1161 4251 regis
1172 4182 1264 4235 inimici
1274 4182 1300 4232 et
1310 4176 1490 4238 contemptores
1504 4170 1622 4225 deorum,
1633 4176 1662 4212 ao
1673 4156 1771 4209 manda·

999 4299 1085 4346 torum
1103 4292 1240 4356 regiorum,
1252 4280 1460 4350 quemadmodum
1473 4277 1523 4327 iila
1536 4274 1568 4336 st
1585 4261 1772 4334 praestigiatrix,

998 4411 1056 4461 quae
1066 4396 1132 4445 illam
1142 4389 1275 4457 pervertit,
1285 4386 1360 4437 etium
1369 4395 1435 4433 nune
1444 4377 1507 4430 vivit
1518 4388 1575 4427 oum
1587 4370 1685 4421 duabus
1695 4363 1773 4416 sociu-

999 4502 1055 4552 bus.
1062 4521 1074 4545 ι
1082 4497 1132 4548 Ubi
1141 4509 1201 4546 reto
1212 4492 1307 4543 audivit
1316 4503 1359 4540 rex
1367 4488 1473 4538 mortem
1483 4482 1575 4532 sanotae
1581 4473 1715 4538 Ripaimes,
1725 4467 1772 4517 ite·

1000 4576 1056 4658 rum
1067 4602 1167 4656 tristitia
1176 4600 1306 4662 absorptus
1314 4597 1367 4655 eet,
1378 4592 1487 4654 solioque
1496 4581 1662 4638 descendens,
1671 4577 1698 4626 in
1710 4575 1775 4624 terra

1002 4712 1116 4772 sedebat,
1128 4706 1238 4772 lugebat,
1252 4702 1333 4753 flebat.
1348 4702 1431 4757 Quare
1442 4695 1532 4744 iterum
1543 4688 1575 4737 de
1587 4684 1672 4736 sancta
1686 4677 1776 4731 Gaiana

1002 4815 1134 4883 precepit,
1147 4813 1176 4862 ut
1192 4810 1300 4872 linguam
1313 4802 1367 4865 ejus
1388 4813 1433 4864 per
1452 4794 1573 4847 cervicem
1593 4790 1659 4838 retro
1671 4782 1776 4847 primum

1004 4918 1149 4978 evellerent,
1158 4916 1185 4964 et
1195 4911 1232 4962 sie
1239 4910 1319 4973 ipsam
1326 4902 1478 4960 occiderent,
1486 4896 1544 4961 quia
1552 4905 1613 4944 ausa
1625 4889 1676 4948 ost,
1684 4880 1777 4945 impiit,

1004 5034 1120 5089 perversa
1140 5013 1304 5067 admonitione
1322 5007 1424 5073 perdere
1442 5002 1518 5054 talem
1541 4995 1734 5061 puellamque
1754 4982 1780 5031 in

1006 5128 1088 5180 medio
1101 5123 1228 5175 hominum
1245 5115 1350 5167 habebat
1370 5103 1577 5175 pulchritudinem
1600 5097 1713 5146 deorum.
1728 5089 1782 5137 uae
1829 5115 1834 5122 -
