3809 5859
638 381 689 441 DE
709 382 868 444 Erucius
889 382 1078 444 HlS'l'OlllAE
1101 382 1259 445 th'lCAE.

493 983 586 1045 Regum
599 979 713 1031 solitudo.
832 983 1034 1037 ttt=³><os

813 1061 925 1122 cecrops.

777 1127 790 1441 ἕ
830 1140 941 1186 srs=s
957 1140 1033 1192 >roa

524 1242 671 1306 Cecropidae.
796 1296 866 1342 ,ἢ
964 1299 967 1306 ,

812 1369 962 1421 Melanthus.

828 1453 867 1498 63.
944 1460 948 1467 ·

814 1527 910 1577 Medon.

781 1608 941 1684 ysrs=5
957 1609 982 1660 Χ
996 1607 1035 1653 63,
1138 1624 1141 1627 ’

781 1682 934 1745 iGharops.
1172 1684 1185 1699 '

827 1809 866 1856 70.

813 1886 900 1934 creon.

548 1478 650 1529 ltelidae.
758 1516 760 1525 .

464 1645 600 1696 Archontes
613 1644 733 1709 perpetui.

445 1828 753 1903 Archontes-decennales.

146 2136 209 2195 lloc
223 2139 351 2214 computi
369 2136 457 2195 strici
472 2138 555 2214 quasi
569 2136 741 2213 Ιπρωτότιιπιι
764 2135 796 2194 in
816 2134 961 2211 Eusebio,
981 2135 1116 2206 Castore,
1128 2134 1280 2213 Excerptis
1299 2134 1435 2194 Barbaris
1455 2148 1483 2194 et
1494 2134 1639 2197 Marmore
1652 2139 1740 2199 Pario

145 2232 345 2312 compluribus
358 2232 452 2291 modis
466 2233 608 2291 variatum
623 2244 677 2293 est.
692 2230 804 2290 Variati
819 2243 914 2289 autem
935 2231 1067 2308 computi
1085 2250 1180 2290 causae
1194 2250 1230 2289 ex
1243 2250 1279 2289 eo
1295 2232 1459 2310 repetendae
1475 2245 1543 2291 sunt

187 2350 211 2386 r.
231 2329 316 2400 Quod
334 2330 469 2387 nonnulli
483 2328 552 2387 belli
561 2326 682 2405 Trojaoi
694 2347 758 2385 aerae
769 2327 873 2385 Atticae
887 2326 895 2403 i
908 2328 997 2403 1193)
1009 2326 1223 2386 substituerunt
1238 2348 1323 2386 aeram
1334 2329 1517 2407 Olympicam
1530 2332 1642 2411 (1217).

184 2446 212 2485 a.
229 2424 314 2495 Quod
337 2427 412 2503 cycli
432 2445 500 2496 sex,
524 2426 575 2503 qui
595 2437 697 2483 sunta
716 2423 845 2501 Cecrope
869 2423 904 2481 ad
927 2422 1051 2495 Troica,
1075 2443 1134 2482 non
1151 2437 1356 2502 computantur
1378 2424 1415 2483 ab
1445 2445 1522 2485 anno
1542 2429 1739 2509 expeditionis

143 2518 283 2597 Trojanae
299 2521 429 2597 (1293),
445 2524 494 2581 sed
510 2519 546 2577 ab
560 2540 637 2578 anno
651 2519 760 2578 excidii
779 2521 861 2578 urbis
878 2521 887 2597 (
902 2522 977 2589 usa
990 2521 1037 2578 sel
1061 2520 1170 2599 1183),
1189 2521 1279 2597 idque
1293 2521 1334 2579 ita
1350 2534 1382 2581 ut
1403 2535 1452 2579 aut
1465 2543 1578 2583 summa
1595 2546 1737 2585 annorum

144 2618 203 2694 819
219 2617 318 2676 decem
342 2618 389 2677 vel
407 2636 509 2676 novem
529 2617 614 2675 annis
637 2616 801 2694 minuatur,
816 2630 881 2691 aut,
899 2618 1050 2676 servandae
1071 2618 1195 2677 rationis
1214 2618 1334 2695 cyclicae
1353 2638 1455 2692 causa,
1474 2620 1593 2680 totidem
1616 2624 1685 2680 anni
1709 2625 1738 2680 in

142 2714 330 2793 posttrojanis
343 2715 523 2794 temporibus
535 2710 699 2774 addantur.

185 2812 212 2873 3.
236 2812 320 2882 Quod
333 2813 468 2873 nonnulli
488 2812 562 2871 duos
577 2825 729 2889 computos
742 2812 880 2884 miscent,
892 2810 1008 2889 priores
1022 2809 1146 2889 epochas
1161 2811 1319 2869 secundum
1333 2812 1433 2890 Trojae
1449 2831 1535 2872 aeram
1554 2814 1736 2893 olympicam

143 2921 356 2987 computantes,
378 2908 485 2967 deinde
500 2927 581 2967 vero.
593 2908 713 2967 insertis
729 2908 817 2966 annis
831 2907 939 2983 viginti
959 2920 1097 2984 quattuor
1116 2906 1151 2964 ad
1170 2920 1338 2985 computum
1353 2910 1480 2968 Atticum
1498 2922 1693 2970 transeuntes.

186 3011 214 3070 i.
231 3003 315 3073 Quod
333 3004 532 3067 decennalium
549 3006 718 3063 archontum
734 3016 863 3082 tempus,
880 3003 958 3080 quod
973 3022 990 3060 a
1006 3004 1149 3080 temporis
1163 3003 1258 3080 spatio
1268 3004 1361 3080 cyclis
1375 3004 1497 3065 delinito
1514 3005 1734 3080 excludebatur,

143 3111 171 3157 ct
182 3100 279 3177 ipsum
290 3102 321 3160 in
334 3113 500 3180 computum
515 3102 656 3179 cyclicum
668 3102 826 3178 recipiunt,
841 3099 912 3157 adeo
927 3112 959 3157 ut
972 3119 989 3157 a
1002 3098 1125 3184 Creonte
1136 3099 1171 3157 ad
1182 3099 1340 3177 Cecropem
1354 3102 1413 3159 sint
1426 3103 1496 3161 anni
1510 3106 1567 3163 sss
1581 3104 1735 3182 (axam).

143 3194 207 3265 Quo
221 3198 295 3255 iacto
310 3198 341 3255 in
363 3196 597 3256 antecedentibus
612 3197 733 3275 epochis
747 3208 830 3255 vetus
845 3194 1031 3273 computandi
1046 3195 1218 3275 simplicitas
1229 3196 1374 3257 turbatur.

183 3293 210 3352 5.
224 3294 309 3363 Quod
331 3305 440 3372 septem
461 3294 632 3353 archontum
654 3291 855 3352 decennalium
876 3310 969 3350 annos
993 3291 1046 3349 alii
1069 3292 1266 3371 septuaginta,
1286 3293 1338 3351 alii
1359 3294 1478 3353 nonnisi
1500 3298 1650 3371 sexaginta
1671 3310 1737 3355 octo

142 3390 231 3448 luisse
244 3403 383 3451 statuunt.

180 3484 237 3554 Qui
257 3485 372 3545 disertis
395 3485 497 3548 verbis
517 3486 687 3545 archontum
704 3484 906 3544 decennalium
923 3498 1037 3565 tempus
1053 3485 1199 3564 produnt,
1213 3484 1375 3560 Eusebius,
1399 3484 1564 3557 Barbarus,
1586 3486 1690 3544 Castor
1708 3501 1737 3545 et

140 3579 268 3659 Vellejus
285 3604 316 3653 ι,
333 3583 367 3654 8,
382 3601 474 3640 annos
489 3582 669 3660 septuaginta
681 3581 719 3640 iis
729 3582 893 3657 assignant;
906 3594 933 3639 at
947 3582 1036 3640 luisse
1050 3584 1101 3659 qui
1114 3581 1199 3639 aliter
1211 3593 1379 3652 statuerent,
1393 3600 1410 3639 e
1424 3580 1543 3641 Nicolao
1557 3581 1736 3640 Damasceno

141 3674 191 3755 [in
205 3675 252 3736 Fr.
264 3676 300 3737 ll.
317 3678 346 3749 3,
361 3698 393 3756 p.
408 3679 484 3755 386)
498 3679 607 3754 liquet,
622 3679 732 3756 quippe
750 3678 801 3755 qui
819 3677 1030 3756 Hippomenem
1049 3690 1170 3755 propter
1184 3676 1297 3736 lacinus
1317 3677 1350 3735 in
1365 3677 1455 3736 liliam
1476 3677 1661 3736 commissum
1675 3698 1736 3736 ma-

142 3771 267 3847 gistratu
287 3774 431 3833 excidisse
445 3773 588 3852 perhibet.
606 3774 669 3832 lloc
688 3794 759 3831 vero
772 3758 912 3834 accidisse
929 3786 996 3853 post
1014 3788 1146 3833 exactum
1167 3774 1298 3833 muueris
1318 3794 1425 3832 annum
1442 3786 1593 3845 octavum,
1616 3774 1689 3832 adeo
1704 3788 1737 3833 ut

140 3869 310 3927 archontum
337 3872 406 3929 anni
435 3872 473 3929 68
496 3870 684 3946 colligantur,
714 3884 868 3950 propterea
894 3870 1079 3929 statuendum
1098 3883 1143 3927 est
1162 3870 1241 3946 quod
1262 3872 1294 3927 in
1317 3869 1463 3929 Marmore
1487 3870 1576 3928 Pario
1602 3870 1736 3929 Creontis

141 3982 234 4023 annus
254 3986 315 4023 non
336 3979 380 4024 est
391 3986 439 4025 an.
456 3967 531 4039 682,
552 3967 602 4049 sed
617 3968 673 4035 684
695 3986 721 4025 a.
736 3966 768 4027 C.
784 3966 815 4045 (Ἰ
824 4012 833 4040 ,
847 3981 876 4025 et
888 3968 969 4045 quod
983 3967 1095 4025 Nelidis
1107 3966 1261 4041 regibusa
1275 3966 1427 4026 nonnullis
1441 3985 1497 4044 pro
1509 3967 1546 4023 63
1559 3966 1644 4024 annis
1660 3964 1732 4025 dan·

140 4071 196 4141 tur.
206 4080 253 4120 an.
268 4061 305 4117 58
317 4062 381 4120 sive
396 4063 486 4134 63-5,
500 4066 551 4140 qui
563 4063 739 4142 respondent
757 4063 929 4122 archontum
950 4066 1034 4122 annis
1046 4064 1085 4121 68
1097 4065 1159 4120 sive
1171 4062 1287 4135 usa-53
1303 4062 1416 4121 scilicet
1434 4063 1565 4141 quinque
1584 4048 1735 4138 annis'qui

139 4154 171 4211 in
184 4148 355 4214 archontum
369 4169 499 4236 tempore
511 4160 625 4241 cyclum
641 4159 838 4235 excedebant,
852 4160 940 4218 demti
960 4172 1028 4218 sunt
1043 4158 1215 4219 Nelidarum
1229 4159 1326 4236 cyclo,
1341 4171 1373 4217 ut
1386 4177 1499 4217 summa
1510 4178 1653 4219 annorum
1677 4180 1734 4235 cy-

140 4250 214 4309 clica
229 4267 459 4315 conservaretur.
474 4253 580 4313 Eodem
597 4255 724 4333 denique
742 4256 890 4334 pertinere
906 4254 1072 4314 ridebimus
1083 4255 1163 4332 quod
1182 4255 1340 4314 Pausanias
1354 4255 1384 4313 in
1405 4253 1576 4313 archontum
1592 4254 1735 4313 decenna-

139 4346 210 4405 lium
226 4361 357 4427 tempore
368 4351 499 4427 quinque
514 4351 600 4409 annis
620 4370 636 4410 a
654 4351 769 4426 vulgari
786 4362 923 4429 computo
942 4349 1079 4410 discedit.

168 4604 201 4669 (Ἴ
212 4605 307 4665 Eodem
315 4604 393 4656 resero
405 4604 471 4668 quod
486 4604 550 4669 apud
567 4607 655 4657 Euseb.
667 4608 757 4658 cleron.
769 4606 844 4664 libi.
857 4590 880 4670 ρ’.
897 4610 940 4658 1³8
958 4608 1015 4657 stat.
1028 4605 1118 4672 legitur
1134 4626 1141 4656 ι
1154 4608 1187 4657 nt
1200 4608 1302 4669 primus
1314 4604 1420 4669 quimus
1433 4616 1538 4654 annuus
1545 4605 1668 4667 princeps
1682 4600 1734 4665 salt

139 4677 224 4727 creon
241 4678 368 4727 memiana
383 4678 481 4740 qrrcrlc
495 4678 651 4741 olympiade
662 4678 670 4741 (
681 4680 773 4736 olai.
789 4682 877 4729 t=atl
889 4691 913 4728 a.
927 4679 974 4739 0.).
986 4678 1054 4728 idem
1066 4691 1125 4728 sane
1137 4678 1163 4728 in
1175 4679 1273 4728 canone
1287 4679 1418 4727 creontem
1427 4675 1531 4739 ponitis
1548 4686 1588 4723 sn.
1599 4673 1638 4723 01.
1652 4676 1691 4731 st,
1710 4675 1734 4721 2.

138 4750 197 4806 s823
209 4748 236 4795 at
248 4745 304 4795 inde
316 4743 381 4795 haud
394 4742 507 4809 sequitur
522 4746 628 4796 eundem
639 4746 714 4797 etiam
725 4746 788 4796 libro
800 4746 879 4813 primo
894 4746 977 4797 minus
991 4751 1107 4798 accurate
1124 4746 1271 4810 significari,
1282 4759 1360 4808 quum
1375 4745 1465 4808 sepius
1477 4743 1538 4792 liber
1554 4742 1672 4805 primusa
1688 4741 1735 4789 ca·

139 4828 203 4865 none
214 4814 352 4865 disoentiat.
367 4816 406 4865 sic
419 4828 494 4879 supra
504 4816 555 4881 lam
569 4816 676 4866 vidimus
693 4815 724 4865 dc
738 4816 925 4879 cecropidsrum
938 4816 1009 4868 aunis
1022 4816 1070 4866 alis
1080 4816 1143 4867 libro
1153 4816 1245 4880 primo,
1265 4815 1312 4865 alia
1330 4816 1355 4866 in
1366 4816 1464 4865 Oenone
1476 4811 1594 4862 exhiheri.
1609 4810 1737 4860 unctum

138 4898 178 4948 ap.
193 4884 330 4947 syncellum
343 4897 367 4946 o.
385 4890 438 4945 212,
452 4891 465 4934 2
482 4888 508 4935 et
519 4885 544 4933 ln
558 4888 615 4935 Ero.
629 4884 751 4935 Barbarie*
760 4884 872 4937 Creontis
885 4899 976 4936 annum
988 4890 1042 4947 888,
1055 4885 1120 4936 inter
1131 4890 1177 4935 684
1189 4894 1215 4935 et
1232 4890 1278 4935 stt
1291 4883 1408 4943 medium,
1425 4880 1522 4943 selegit.
1532 4890 1639 4940 eumque
1655 4878 1737 4927 secuti

138 4956 197 5002 sunt
208 4952 307 5003 clinton
318 4956 343 5003 et
354 4953 453 5003 Fischer
463 4954 488 5003 io
502 4954 553 5003 iah.
567 4953 652 5004 chron.
669 4957 723 5012 Quo
737 4953 838 5018 quidem
848 4954 993 5005 conciliandi
1006 4955 1089 5005 studio
1102 4954 1164 5005 nihil
1181 4968 1226 5003 nos
1234 4954 1368 5013 lucremur,
1381 4956 1407 5002 et
1423 4953 1521 5000 veteres
1531 4946 1642 5011 computi
1650 4947 1737 4998 ohscu-

137 5028 230 5074 rantur.
247 5026 284 5076 Dc
299 5023 402 5074 aliorum
413 5024 542 5075 sententiis
554 5024 585 5075 ab
594 5024 710 5076 Africano
720 5037 760 5087 ap.
773 5028 844 5088 syrie.
857 5025 952 5089 allatis,
963 5039 994 5075 ex
1006 5025 1098 5088 qulbus
1114 5025 1225 5077 creontis
1240 5037 1318 5073 annus
1330 5023 1370 5073 est
1387 5022 1430 5071 aut
1439 5018 1478 5069 01.
1494 5022 1531 5080 ¹9,
1545 5022 1566 5067 t.
1580 5021 1626 5068 704
1637 5020 1681 5068 sut
1694 5016 1725 5067 ut

138 5098 177 5154 25,
192 5098 213 5143 t.
228 5097 284 5156 682,
298 5093 437 5145 ridebimus
450 5100 544 5159 postes.
