3809 5859
627 282 678 341 nn
701 279 939 345 rntonnnro
963 234 1206 340 snisronanr.
1665 299 1728 343 xxv.

122 416 346 501 Epiphaniensis
360 414 426 494 (Fr.
443 415 513 474 hist.
531 424 566 487 4¹,
589 436 620 492 p.
645 412 739 490 138),
752 412 839 492 cujus
856 414 982 490 vestigia
1001 412 1100 495 seculo
1121 411 1245 489 septimo
1266 411 1337 485 legit
1355 409 1485 469 loannes
1508 410 1717 473 Antiochensis.

123 515 317 578 Historiarum
337 513 544 591 compendium
563 532 590 569 a·
605 511 746 587 magistro
767 511 893 588 quodam
918 511 950 569 in
969 529 1054 568 usum
1076 508 1242 570 scholarum
1260 507 1370 566 editum
1385 509 1417 565 in
1439 506 1617 567 Aristodemi
1631 528 1720 587 opere

122 613 254 692 agnoscit
267 610 354 669 etiam
369 608 516 667 Arnoldus
529 607 656 665 Schaefer
667 608 698 665 in
711 610 790 665 Neue
805 605 1047 679 Jahrbtichersrtr.
1059 608 1233 681 Philologr'e,
1252 606 1344 676 1868,
1361 626 1392 682 p.
1409 606 1466 682 dt,
1480 604 1603 683 ejusque
1616 620 1731 665 auoto··

123 730 183 769 rem
198 708 303 785 quinto
325 706 384 763 fere
399 705 497 765 seculo
513 704 666 783 scripsisse
679 704 775 763 videri
790 724 826 765 ex
841 705 982 762 interiore
998 702 1151 777 fragmenti
1167 703 1333 781 superstitis
1350 702 1463 763 ratione
1476 702 1595 777 collegit
1606 702 1731 764 Biiche-.

122 808 167 865 ler
180 806 201 864 l.
217 805 237 864 l.
253 825 282 882 p.
300 805 349 878 93.
947 818 951 865 ,’
1579 863 1582 868 ,

165 903 262 961 Restat
278 913 311 959 ut
324 899 361 958 de
375 900 439 978 ipso
454 898 606 958 videamus
622 898 792 974 fragmento.
807 898 850 957 lle
865 898 976 957 ambitu
989 910 1019 955 et
1031 897 1181 956 divisione
1194 895 1294 972 operis
1310 895 1418 971 integri
1433 895 1508 953 nihil
1525 896 1595 955 inde
1608 896 1720 974 liquet,

127 1000 184 1060 nisi
205 1016 296 1057 unum
313 996 458 1055 librorum
484 1014 581 1054 orsum
597 1012 660 1053 esse
675 1014 693 1053 a
707 992 795 1055 rebus
818 1007 884 1073 post
907 993 986 1052 bella
1010 994 1122 1051 llledica
1141 992 1240 1067 gestis.
1267 991 1452 1049 Narraturum
1478 994 1663 1071 pars-major
1687 1014 1723 1051 ex

125 1109 244 1157 auctore
267 1093 399 1172 Philippi
418 1092 589 1169 Amyntai.
616 1112 715 1151 coaevo
739 1089 898 1149 derivanda
921 1090 1048 1163 videtur,
1076 1089 1217 1147 nonnulla
1240 1108 1257 1147 e
1277 1089 1451 1167 Thucydide
1471 1104 1723 1169 assumta,npauca

127 1192 259 1269 ‹luadam
278 1190 346 1249 aliis
359 1208 397 1247 ex
412 1187 541 1247 fontibus
563 1188 705 1247 immixta.
724 1188 810 1246 Ratio
825 1200 919 1245 autem
935 1206 994 1264 qua
1006 1186 1126 1245 diversa
1140 1186 1203 1243 haec
1217 1187 1467 1260 conglutinantur,
1485 1186 1631 1246 interdum
1652 1207 1723 1265 per·

126 1289 225 1365 inepta
240 1298 326 1343 estet
343 1284 562 1363 compilatorem
578 1286 676 1359 arguit
690 1284 742 1361 qui
756 1285 896 1361 quadrata
906 1282 1007 1359 junxit
1022 1282 1167 1342 rotundis.
1183 1282 1232 1340 Sic
1245 1302 1311 1359 quae
1326 1282 1363 1340 de
1378 1284 1529 1353 terminis,
1543 1302 1616 1361 quos
1629 1298 1713 1343 trans

127 1384 210 1460 gredi
223 1382 323 1441 Persis
339 1401 399 1441 non
413 1381 534 1457 liceret,
548 1380 624 1459 apud
642 1382 741 1441 varios
760 1380 919 1455 scriptores
933 1382 1016 1438 varia
1034 1379 1214 1455 legebantur,
1231 1380 1263 1437 in
1278 1399 1367 1437 unum
1388 1378 1542 1457 conjunxit
1562 1378 1607 1455 (c.
1633 1382 1679 1452 13,
1705 1402 1720 1438 a

127 1499 159 1558 p.
179 1480 243 1556 16),
256 1479 393 1557 quamvis
404 1497 438 1536 ea
447 1478 574 1560 invicem
587 1496 618 1535 se
632 1452 828 1535 edcluderent.
844 1475 943 1533 Eidem
959 1494 1055 1533 reruni
1068 1474 1326 1552 geographicarum
1336 1475 1509 1549 ignorantiae
1523 1474 1721 1553 attribuimus,

127 1562 206 1653 quod
227 1574 264 1633 de
277 1574 420 1633 Parnethe
435 1588 533 1632 monte
554 1572 661 1632 Xerxes
676 1592 801 1652 pugnam
816 1573 1002 1630 Salaminiam
1018 1584 1162 1649 spectasse
1181 1570 1289 1628 dicitur
1306 1572 1350 1651 [c.
1369 1592 1395 1642 r,
1413 1568 1459 1647 a).
1476 1571 1556 1630 ldem
1571 1572 1722 1632 Aristode-

128 1690 192 1728 mus
214 1670 249 1748 (c.
267 1672 293 1739 6,
315 1670 347 1749 l)
361 1670 397 1728 de
412 1670 534 1729 Athenis
551 1684 617 1749 post
633 1672 771 1750 proelium
793 1669 952 1729 Plataeense
964 1667 1172 1727 Themistoclis
1191 1667 1316 1725 consilio
1338 1667 1459 1727 munitis
1477 1668 1518 1725 ita
1534 1669 1675 1745 loquitur,
1691 1683 1733 1728 ut

128 1780 188 1825 tum
203 1766 345 1844 temporis
361 1786 419 1825 non
434 1767 520 1825 modo
535 1787 650 1826 murum
666 1767 828 1838 urbanum,
843 1767 894 1825 sed
909 1767 1012 1841 longos
1026 1782 1144 1843 quoque
1165 1782 1265 1821 muros
1280 1775 1309 1820 et
1322 1761 1505 1821 Phalericum
1522 1777 1646 1823 structos
1660 1784 1723 1824 esse

129 1862 302 1921 «tensendum
317 1862 398 1920 foret
413 1865 521 1941 Aperte
534 1876 625 1922 totum
639 1864 695 1922 hoc
709 1883 824 1940 segmen
838 1863 917 1939 quod
931 1876 975 1921 est
988 1862 1025 1920 de
1039 1862 1216 1920 Athenarum
1230 1860 1432 1930 munimentis,
1441 1860 1559 1919 aliunde
1574 1874 1720 1937 arreptum

129 1960 303 2037 interposuit
320 1978 373 2017 nec
390 1964 480 2018 sensit
498 1960 541 2019 rei
557 1960 708 2038 ineptiam.
725 1961 868 2021 Praeterea
883 1964 914 2020 in
930 1982 1029 2021 rerum
1045 1960 1158 2020 delectu
1176 1973 1205 2017 et
1218 1958 1298 2036 justa
1312 1959 1489 2018 narrationis
1513 1959 1723 2036 ponderatione

128 2053 206 2119 haud
221 2067 298 2112 recto
310 2054 425 2132 judicio
438 2075 511 2114 usus
524 2068 583 2125 est,
599 2076 635 2114 ex
651 2057 796 2133 sequioris
811 2061 867 2117 aevi
883 2058 1004 2124 ingenio
1017 2058 1242 2117 narratiunculis
1255 2076 1342 2133 quam
1353 2056 1465 2134 jejunae
1478 2056 1609 2115 historiae
1622 2060 1723 2132 gravi-

130 2152 179 2210 tati
196 2149 349 2211 addictior.
367 2150 421 2209 lies
441 2164 507 2229 post
530 2153 667 2231 proelium
689 2153 847 2214 Plataeense
862 2176 955 2234 usque
972 2156 1008 2213 ad
1027 2156 1139 2214 sentina
1153 2154 1225 2213 belli
1239 2152 1480 2231 Peloponnesiaci
1497 2166 1585 2228 gestae
1601 2154 1647 2231 lc.
1672 2174 1723 2211 rr·

132 2248 186 2327 15)
203 2261 361 2308 narrantur
373 2246 510 2308 versibus
525 2258 582 2317 aio
603 2250 649 2311 ed.
676 2265 783 2324 nostr.·,
797 2271 961 2329 eorumque
981 2271 1049 2330 pars
1064 2252 1151 2309 tertia
1164 2263 1193 2309 et
1206 2250 1332 2328 amplius
1346 2252 1390 2327 (c.
1407 2250 1478 2307 8-10
1488 2248 1497 2327 l
1509 2249 1673 2318 ltistoriolis
1685 2250 1722 2307 de

130 2344 271 2403 Pausania
283 2358 311 2403 et
326 2343 522 2403 Themistocle
544 2347 717 2419 absumitur,
731 2346 803 2406 adeo
817 2360 849 2406 ut
865 2348 980 2425 reliqua
994 2351 1041 2417 τῆς
1058 2346 1293 2413 extramuranis<
1308 2346 1429 2405 historia
1442 2345 1577 2404 versibus
1604 2346 1659 2404 150
1672 2345 1723 2405 ab·

128 2441 256 2500 solvatur
271 2462 304 2498 ac
319 2460 365 2501 res
380 2440 555 2517 gravissimae
570 2454 620 2500 aut
633 2442 728 2501 tribus
743 2443 842 2517 verbis
858 2444 1027 2504 indicentur
1042 2457 1093 2503 aut
1107 2465 1144 2503 ne
1161 2455 1425 2503 commemorentur
1437 2442 1568 2519 quidem.
1586 2442 1634 2499 Sic
1658 2461 1724 2519 quae

128 2540 158 2597 in
175 2538 301 2596 Thracia
314 2538 504 2597 Athenienses
514 2542 656 2613 gesserint
665 2554 693 2598 et
706 2540 797 2599 Thasi
813 2540 929 2599 obsidio
942 2541 1081 2600 diuturna
1095 2553 1125 2599 et
1136 2540 1246 2599 bellurn
1258 2542 1466 2598 Messeniacum
1479 2538 1538 2595 alto
1549 2550 1724 2616 premuntur

127 2636 257 2695 silentio.
274 2635 346 2703 Quae
362 2635 537 2693 omissiones
548 2637 682 2695 excusari
695 2652 860 2715 nequeunt,
875 2638 932 2696 nisi
947 2650 1056 2697 statuas
1071 2638 1266 2696 narrationem
1280 2636 1458 2695 Aristodemi
1479 2654 1539 2692 non
1556 2633 1643 2691 modo
1654 2636 1725 2693 scri·

127 2729 232 2788 barum
247 2730 423 2807 negligentia
439 2730 550 2789 lacunis
570 2732 721 2790 nonnullis
735 2733 858 2791 laceram
874 2734 923 2809 (ut
934 2755 958 2791 c.
978 2734 1006 2806 3,
1021 2755 1048 2792 a.
1064 2744 1111 2807 ri,
1128 2736 1170 2810 a),
1187 2733 1338 2793 sedetiam
1355 2733 1390 2790 de
1406 2731 1551 2791 industria
1564 2728 1724 2789 breviatam

50 2898 58 2909 ι
128 2845 206 2897 esse,
218 2826 461 2904 quemadmodum
476 2826 624 2887 breviatos
636 2828 775 2887 habemus
790 2830 912 2886 Dionem
927 2843 957 2887 et
970 2829 1114 2890 hialelam.
1131 2834 1172 2888 Ae
1186 2850 1256 2889 sane
1272 2832 1334 2888 heri
1350 2829 1448 2907 potuit
1461 2840 1568 2903 utquae
1582 2825 1724 2885 ard-Thasi

129 2936 160 2983 et
181 2921 332 2981 Methones
351 2922 521 2981 ohsidior'res
542 2926 738 2999 pertinerent,
761 2925 797 2983 de
813 2926 938 2984 consilio
957 2926 1172 3002 omitterentur,
1188 2939 1289 3004 utpote
1309 2924 1469 3002 dequibus
1490 2924 1522 2980 in
1536 2921 1723 3004 obsidionum

130 3030 311 3096 syntagmate
324 3037 361 3075 ex
375 3020 558 3077 Aristodemo
567 3033 616 3077 aut
628 3019 687 3079 alio
703 3022 847 3099 scriptore
861 3042 959 3081 sermo
973 3023 1180 3082 institueretur.
1198 3023 1333 3081 Ceterum
1351 3022 1420 3079 novi
1433 3020 1506 3077 nihil
1519 3018 1551 3077 in
1565 3018 1724 3094 fragmento

131 3128 233 3181 nostro
247 3114 368 3173 affertur
381 3128 487 3193 praeter
499 3136 604 3174 nomen
619 3118 713 3193 patris
727 3118 869 3178 Cleonicae
882 3119 923 3201 (c.
937 3121 967 3192 8,
988 3119 1015 3198 r)
1030 3131 1059 3177 et
1074 3132 1268 3178 commentum
1277 3118 1316 3189 de
1328 3118 1410 3177 disco
1424 3117 1472 3174 cui
1484 3114 1605 3189 nomina
1618 3116 1724 3175 civita-

132 3224 195 3271 tum
208 3209 279 3268 belli
294 3223 395 3269 eontra
411 3216 512 3270 Persas
525 3213 598 3288 gesti
612 3214 789 3293 participum
804 3216 945 3294 inscripta
960 3233 1024 3273 esse
1035 3213 1227 3292 perhibentur
1241 3214 1288 3289 (c.
1304 3213 1352 3293 9).
1368 3212 1440 3282 Quae
1451 3225 1592 3290 praeterea
1603 3214 1726 3291 propria

132 3304 322 3381 fragmentum
337 3306 423 3367 habet
440 3308 485 3365 vel
500 3307 607 3367 habere
620 3309 715 3368 videri
731 3312 838 3388 possit,
861 3313 960 3369 onmia
981 3312 1012 3370 in
1026 3310 1175 3389 erroribus
1191 3323 1355 3369 versantur.
1378 3308 1535 3381 Nonnulla,
1551 3329 1617 3386 quar
1636 3308 1724 3368 modo

131 3405 228 3478 tetigi,
250 3404 364 3481 stupori
389 3404 590 3482 compilatoris
614 3405 765 3477 debentur,
790 3408 918 3485 plurima
942 3428 1014 3466 vero
1034 3410 1078 3467 sic
1097 3408 1157 3484 jam
1185 3407 1290 3466 tradita
1310 3407 1457 3484 accepisse
1474 3404 1578 3465 Noster
1593 3407 1721 3469 videtur.

133 3498 282 3576 Ejusmodi
298 3514 366 3559 sunt
379 3522 445 3579 quae
460 3501 496 3559 de
513 3516 602 3579 ponte
618 3502 755 3578 leguntur
770 3504 813 3579 (c.
833 3524 859 3575 ι,
877 3504 914 3581 a)
930 3524 996 3580 quo.
1012 3502 1187 3562 Salaminem
1203 3503 1365 3561 continenti
1376 3502 1502 3579 jungere
1514 3515 1582 3557 ante
1596 3521 1722 3578 pugnam

132 3617 184 3656 rex
197 3598 352 3657 Persarum
368 3600 517 3672 voluisset;
532 3600 641 3659 similia
655 3602 734 3659 enim
746 3599 808 3678 jam
825 3601 934 3659 Ctesias
955 3602 1125 3659 tradiderat.
1141 3602 1228 3671 Quod
1246 3600 1283 3657 de
1297 3599 1324 3657 T
1325 3598 1434 3657 olmide
1447 3618 1500 3676 per
1513 3597 1726 3658 mediterranea

132 3694 324 3773 Peloponnesi
337 3696 497 3753 exercitum
513 3698 636 3755 ducente
652 3696 854 3755 Aristodemus
870 3697 1031 3757 hariolatur
1043 3697 1052 3777 (
1063 3719 1088 3757 c.
1108 3695 1141 3754 15
1152 3698 1159 3775 l
1170 3740 1178 3770 ,
1191 3695 1252 3774 jam
1265 3694 1375 3772 jecerat
1388 3693 1538 3752 eschines
1554 3693 1616 3769 (lle
1629 3693 1650 3751 f.
1666 3693 1722 3769 leg.
1806 3702 1810 3716 '

131 3791 200 3867 §75
212 3791 231 3870 J.
253 3791 297 3850 lle
310 3792 424 3851 ambitu
442 3794 519 3851 muri
539 3791 645 3851 urbani
661 3793 837 3851 Athenarum
853 3794 900 3869 (c.
918 3794 953 3865 5,
970 3796 1007 3870 l.)
1029 3792 1131 3852 eodem
1150 3791 1238 3851 modo
1258 3792 1318 3869 jam
1334 3802 1474 3851 statuerat
1486 3799 1588 3848 auctor
1603 3789 1725 3849 Diodori

136 3886 182 3961 ri,
199 3908 234 3959 7²
247 3887 298 3965 (Ἴ.
312 3888 444 3947 Cimonis
457 3888 575 3965 quidem
589 3902 691 3948 contra
700 3890 922 3949 Themistoclem
938 3891 1153 3968 expeditionem
1168 3891 1203 3965 (c,
1223 3890 1269 3965 rt)
1284 3908 1321 3947 ex
1336 3887 1502 3964 antiquiore
1515 3888 1725 3965 scriptorenon

133 3982 284 4053 novimus,
298 3984 376 4041 haud
388 3997 481 4043 tamen
498 3998 651 4064 propterea
665 3997 857 4045 commentum
872 3987 949 4045 istud
962 3986 1000 4045 ab
1014 3990 1078 4065 ipso
1091 3985 1274 4045 Aristodemo
1288 3984 1448 4062 profectum
1462 4002 1525 4041 esse
1539 4002 1654 4044 censeo.
1666 3985 1726 4042 An·

131 4098 191 4137 sam
209 4080 347 4154 figmento
362 4081 443 4139 dedit
456 4102 540 4141 error
554 4083 800 4159 chronologicus,
815 4104 874 4163 quo
884 4084 1016 4142 Cimonis
1029 4082 1179 4161 expeditio
1193 4095 1222 4140 et
1235 4079 1526 4139 nior-attentamus
1541 4079 1635 4138 eidem
1648 4100 1726 4140 anno

130 4175 367 4252 assignabantur.
383 4176 521 4237 Gemellae
534 4198 607 4237 vero
629 4192 792 4258 temporum
807 4178 992 4238 confusiones
1003 4179 1034 4236 in
1050 4179 1210 4253 fragmento
1223 4177 1294 4236 adeo
1309 4189 1444 4252 regnant,
1459 4190 1491 4235 nt
1501 4196 1538 4235 ex
1549 4176 1596 4235 his
1607 4178 1727 4255 potissi·

133 4292 210 4331 nrum
233 4274 407 4332 Aristodemi
433 4276 561 4335 narratio
585 4296 669 4335 suum
691 4276 811 4335 traxerit
834 4276 976 4334 colorem.
996 4276 1043 4333 Sic
1058 4273 1269 4334 Themistocles
1290 4288 1463 4332 tesserarum
1485 4273 1601 4351 judicio
1616 4274 1727 4351 ejectus

132 4386 194 4427 esse
208 4369 317 4428 dicitur
331 4382 484 4447 antequam
501 4392 655 4431 commune
675 4373 845 4432 Graecorum
860 4374 996 4431 ararium
1011 4392 1028 4430 e
1042 4372 1113 4429 Delo
1136 4371 1261 4430 Athenas
1282 4371 1452 4429 translatum
1467 4383 1557 4442 esset;
1577 4370 1603 4428 T
1604 4371 1724 4430 olmidis

130 4476 225 4525 autem
243 4464 391 4543 expeditio
410 4466 658 4546 Peloponnesiaco
680 4484 817 4529 narratur
837 4482 902 4549 post
917 4488 1043 4549 pugnarn
1066 4467 1101 4525 ad
1116 4468 1280 4527 Coroneam
1295 4468 1499 4539 commissam,
1514 4487 1573 4545 qua
1589 4468 1727 4528 cecidisse

131 4560 157 4617 T
158 4561 294 4620 olmidem
309 4576 440 4635 constat3
464 4564 592 4642 denique
608 4566 710 4624 Samus
733 4566 833 4625 eodeni
860 4586 937 4625 anno
958 4578 1123 4644 expugnata
1142 4584 1206 4633 esse
1221 4564 1325 4635 fertur,
1340 4584 1401 4641 quo
1416 4564 1601 4623 solverentur
1616 4562 1728 4621 foedera

87 4684 91 4693 ·
133 4657 316 4719 tricennalia.
332 4659 387 4719 liis
400 4672 426 4717 et
441 4660 588 4719 similibus
600 4661 771 4739 sphalmatis
786 4680 873 4720 verus
893 4680 993 4719 rerum
1008 4662 1082 4720 ordo
1093 4676 1122 4720 et
1134 4682 1226 4721 nexus
1238 4680 1291 4740 per
1306 4673 1396 4720 toturn
1413 4662 1604 4738 fragmentum
1617 4660 1725 4718 mirum

128 4767 269 4833 quantum
288 4755 452 4829 turbantur,
466 4775 519 4827 nec
532 4757 622 4816 ullum
635 4777 689 4834 ego
700 4758 770 4816 novi
785 4771 933 4815 auctorem
949 4757 1000 4833 qni
1016 4760 1046 4815 in
1058 4759 1158 4836 paucis
1171 4757 1292 4836 pagellis
1309 4770 1352 4815 tot
1364 4777 1480 4816 errores
1495 4756 1727 4829 coacervaverit,

159 4944 195 5009 (⁸⁸)
205 4946 374 4997 Narrationem
387 4948 488 4999 Diodori
500 4949 516 4999 l.
527 4950 545 5000 l.
556 4949 587 4999 de
599 4948 682 5012 Agidis
691 4948 845 5012 expeditione
856 4948 880 4998 in
897 4948 1015 5009 majorem
1028 4949 1211 4999 Atheniensium
1223 4949 1325 5013 gloriam
1336 4950 1444 5000 effictam
1458 4962 1513 4998 esse
1527 4960 1558 4998 ex
1572 4946 1602 4997 iis
1614 4960 1670 5010 qnae
1681 4960 1726 5011 ap.

127 5014 238 5078 xeroph.
251 5016 314 5066 ttett
332 5022 353 5079 t,
370 5024 392 5079 t,
404 5023 435 5068 ut
447 5018 569 5083 leguntur,
582 5021 662 5079 reete,
672 5021 748 5081 puto,
762 5022 845 5069 censet
858 5019 1110 5081 devenustem
1131 5018 1367 5082 Untersuchunpen
1378 5019 1446 5070 tiber
1456 5018 1501 5068 dte
1510 5016 1619 5075 Quoties
1629 5016 1678 5068 der
1686 5028 1726 5082 pr.

57 5132 63 5145 ,
119 5086 234 5137 maleit
247 5085 415 5139 eescttctten
428 5088 468 5140 tet
484 5091 589 5141 Diodor.
607 5090 691 5140 Bacis.
708 5090 883 5153 lt·16(Ktet.
901 5103 927 5153 p.
944 5090 1029 5153 ittet),
1039 5104 1063 5155 p.
1081 5094 1133 5141 13⁰.
