3809 5859
188 309 210 353 χ
817 288 1122 353 PROLEGOMENA.

192 440 341 485 exaratum
357 439 401 484 est
419 423 446 483 κ’
456 424 511 483 hoc
525 425 593 482 loco
608 424 754 499 significet
768 422 848 483 κατά.
863 422 926 483 lloc
939 424 966 483 si
979 443 1040 483 non
1055 424 1252 499 concesseris,
1268 424 1391 482 alterum
1406 422 1480 481 illud
1495 421 1556 493 καλ,
1571 440 1651 500 quon
1670 435 1794 481 estante

189 522 282 583 verba
302 520 333 580 τδ
354 520 528 597 ζητούμενον,
544 533 651 599 praeter
676 522 818 579 rationem
847 520 974 580 deletum
999 520 1127 592 dixeris3
1143 533 1192 578 aut
1214 524 1293 581 euim
1310 533 1467 596 utrumque
1486 518 1533 578 καλ
1554 519 1727 597 delendum,
1742 533 1793 580 aut

192 632 350 695 utrumque
375 617 550 676 serrandum
575 616 672 677 luisse.
696 617 727 675 Si
746 618 926 689 servaveris,
941 616 1031 675 rerba
1056 617 1277 695 interpretanda
1296 618 1452 676 rideantur
1469 621 1553 675 :Hoc
1575 632 1617 674 est
1638 632 1669 674 et
1686 626 1798 693 signam

190 719 360 774 Aristodemi
371 722 532 772 narrationi
545 722 574 771 in
589 729 696 773 antece.
709 720 867 790 oppositum
882 726 912 769 et
920 721 1093 771 narrationis
1098 735 1171 789 pars
1184 736 1250 789 qttoe
1265 721 1295 772 irc
1308 728 1417 776 antece.
1429 716 1651 776 desiderabatur.
1660 713 1796 774 Ceterum

189 812 288 883 nescio
302 832 339 870 an
352 823 421 890 post
433 810 581 871 verbasci
594 809 781 890 Ἀριστοδήμου
804 808 927 867 verbum
942 808 1062 888 aliquod
1075 829 1134 868 una
1153 829 1219 867 cum
1234 809 1411 868 ‘membranae
1430 810 1576 888 particula
1594 811 1727 891 avulsum
1743 813 1793 872 sit.

190 907 304 967 Deinde
316 926 387 966 vero
400 919 517 987 reputes
530 908 560 967 in
575 907 710 985 proxime
724 903 961 965 antecedentibus
979 905 1133 965 dicendum
1155 907 1244 967 fuisse
1263 908 1300 966 de
1314 907 1502 966 Aristodemo
1520 908 1666 986 Spartiata
1686 909 1738 986 qui
1751 908 1794 967 oh

106 1044 111 1054 -
191 1004 341 1063 oculorum
363 1002 497 1061 morbum
511 1023 571 1061 non
586 1003 720 1061 interfuit
734 1002 843 1081 proelio
859 1003 895 1062 ad
910 1000 1123 1081 Thermopylas
1142 1006 1298 1065 commisso
1311 1017 1340 1063 et
1354 1018 1507 1085 propterea
1528 1004 1652 1083 Trepidi
1672 1004 1796 1063 nomine

191 1114 307 1160 notatus
320 1113 380 1173 est,
397 1120 483 1178 quam
496 1100 642 1159 infamiam
658 1099 695 1158 ad
709 1100 829 1159 Plataeas
843 1120 963 1160 summae
973 1100 1092 1160 virtutis
1102 1101 1188 1160 laude
1200 1101 1309 1160 delerit
1324 1103 1364 1169 (v.
1378 1102 1481 1177 fragm.
1498 1122 1525 1162 c.
1542 1103 1570 1172 3,
1585 1102 1627 1180 5).
1640 1100 1792 1178 Suspicari

189 1198 281 1275 igitur
295 1197 363 1257 licet
377 1200 408 1255 in
424 1199 542 1276 praefixo
563 1198 697 1256 lemmate
720 1196 757 1254 de
776 1196 841 1275 ipso
861 1196 917 1255 hoc
931 1196 1092 1275 Spartiata,
1108 1217 1168 1255 non
1184 1217 1256 1256 vero
1271 1197 1309 1256 de
1335 1198 1436 1273 ignoto
1456 1198 1584 1274 quodam
1606 1198 1794 1257 Aristodemo

189 1293 330 1353 historico
343 1293 529 1369 cogitandum
544 1311 623 1364 esse,
639 1293 711 1351 adeo
724 1305 756 1351 ut
767 1292 857 1351 verba
867 1292 1093 1369 redintegranda
1102 1295 1163 1352 sint
1175 1294 1206 1352 in
1219 1294 1298 1352 hunc
1312 1312 1427 1353 sensum
1445 1314 1453 1350 τ
1468 1291 1538 1351 κατὰ
1550 1292 1582 1352 αδ
1593 1294 1701 1371 σημεῖον
1714 1300 1795 1352 τοῦτο

189 1389 244 1449 laet
254 1389 299 1449 καὶ
309 1389 338 1447 τὸ
348 1389 505 1465 ζητούμενον
514 1393 559 1447 τοῦ
572 1387 758 1469 Ἀριστοδήμου
770 1384 999 1473 [άνδραγοίθημα],
1008 1395 1060 1448 sub
1070 1393 1124 1449 Itoc
1137 1398 1218 1468 signo
1230 1405 1365 1449 narratur
1372 1398 1461 1449 etiam
1473 1394 1547 1448 illud
1555 1395 1630 1467 qaod
1641 1397 1670 1447 t'rt
1681 1406 1792 1452 antece.

187 1487 366 1562 quaerebatur
377 1488 550 1543 Aristodemo·
559 1485 679 1557 facinus
693 1494 849 1562 egregium.
866 1487 937 1545 Nam
951 1488 1016 1546 fieri
1036 1492 1132 1567 potuit
1146 1502 1179 1548 ut
1197 1490 1228 1547 in
1245 1490 1483 1549 antecedentibus
1503 1492 1541 1548 ad
1561 1489 1671 1561 locum,
1684 1488 1737 1547 nbi
1757 1489 1797 1549 de

190 1580 376 1641 Aristodemo
391 1592 535 1656 ageretur,
550 1582 728 1661 adscriptum
744 1596 820 1642 esset
836 1604 843 1641 ι
859 1582 940 1653 'dieu
954 1586 981 1642 δν
995 1586 1048 1651 τοῖς
1061 1584 1168 1645 ὄπισθεν
1181 1586 1270 1645 τὸτοῦ
1288 1585 1476 1665 Ἀριστοδίμου
1491 1584 1692 1665 ἀνδραγάθημα.
1705 1588 1794 1645 Con-

189 1679 259 1739 ierri
274 1678 458 1755 aliquatenus
470 1679 563 1756 possit
576 1680 655 1756 quod
670 1680 701 1737 in
714 1679 830 1755 Eclogis
845 1680 1018 1759 Polybiauis
1034 1685 1095 1760 (rt,
1109 1705 1134 1743 c.
1148 1684 1191 1760 τυ)
1202 1682 1334 1761 abruptae
1352 1683 1390 1742 ob
1405 1683 1517 1742 codicis
1531 1682 1672 1742 deiectum
1688 1702 1795 1741 narra-

122 1843 125 1851 ,
190 1776 315 1835 doside
332 1776 488 1835 Ptolemaeo
502 1776 693 1853 Philopatore
709 1789 738 1835 et
755 1775 910 1855 Cleopatra
930 1780 1079 1855 appictum
1093 1779 1203 1854 legitur
1219 1800 1227 1837 ι
1241 1778 1328 1850 ζήτει·
1342 1779 1457 1838 ίνίλειπι
1475 1777 1527 1858 γάρ
1542 1779 1626 1859 ρίλλα
1641 1778 1698 1854 μή,
1712 1782 1741 1838 ἐν
1755 1770 1795 1847 οἷς

191 1874 309 1953 (addere
323 1872 448 1933 debehat
461 1872 518 1953 καὶ)
531 1876 593 1954 περὶ
607 1878 653 1932 τοῦ
668 1874 839 1951 Πτολεμαίου
850 1873 895 1933 καί
909 1873 1055 1955 Ἀρσινόης.
1067 1876 1204 1953 Denique
1215 1877 1251 1935 ad
1265 1876 1322 1935 hoc
1332 1895 1451 1953 quoque
1463 1874 1593 1933 attendas
1605 1875 1685 1952 quod
1698 1896 1794 1933 anno·

76 1984 78 1989 '
189 1984 265 2029 tator
279 1984 378 2029 noster
392 1971 424 2029 in
438 1970 571 2029 lemmate
586 1970 756 2030 Philostrati
770 1972 836 2029 loco
848 1971 998 2049 adscripto
1010 1991 1117 2030 nomen
1128 1974 1258 2032 attctoris
1271 1993 1332 2032 non
1343 1971 1503 2056 indicavit,
1516 1990 1611 2049 neque
1620 1971 1660 2029 de
1671 1991 1707 2030 eo
1723 1972 1796 2030 edo·

190 2070 250 2129 ceri
263 2080 379 2143 poterat
391 2087 428 2126 ex
442 2068 529 2126 unico
544 2068 597 2125 illo
611 2069 820 2144 quaternione,
837 2086 923 2146 quem
938 2065 978 2124 ob
993 2067 1097 2126 oculos
1116 2068 1259 2138 habebat,
1274 2069 1414 2147 quoniam
1428 2068 1547 2128 initium
1570 2068 1670 2147 operis
1691 2068 1796 2127 Philo-

188 2165 288 2225 stratei
309 2176 387 2224 caret
408 2164 508 2236 titulo,
526 2165 577 2241 qui
596 2184 652 2241 pro
674 2184 755 2223 more
773 2178 872 2223 vetere
896 2162 952 2223 sub
968 2164 1055 2222 finem
1083 2164 1210 2242 scriptus
1234 2166 1332 2225 suerit.
1355 2165 1463 2223 Eodem
1481 2179 1576 2224 autem
1600 2165 1689 2224 modo
1702 2184 1796 2243 quum

189 2262 321 2322 historici
343 2279 460 2340 quoque
481 2280 586 2319 nomen
611 2261 643 2319 in
661 2261 720 2319 line
741 2262 856 2320 demum
881 2250 980 2337 operis
995 2259 1103 2336 integri
1120 2274 1250 2320 notatum
1271 2262 1359 2321 fuisse
1371 2260 1526 2339 probabile
1540 2263 1596 2335 sit,
1614 2262 1793 2320 Aristodemi

188 2378 311 2431 nomen,
326 2360 351 2418 si
366 2358 484 2437 quidem
499 2356 575 2415 illud
589 2355 725 2415 historici
740 2370 798 2429 est,
814 2368 873 2415 non
887 2376 924 2414 ex
936 2356 1010 2432 ipsis
1022 2356 1099 2427 illis,
1114 2378 1180 2441 quae
1194 2362 1308 2417 tenebat
1319 2357 1487 2428 scholiasta,
1504 2359 1602 2430 soliis,
1615 2358 1666 2417 sed
1675 2358 1798 2417 aliunde

189 2458 222 2516 in
235 2456 369 2515 notitiam
381 2454 446 2532 ejus
460 2454 576 2513 venisse
590 2454 772 2513 statuendum
794 2454 877 2513 soret.
892 2452 961 2509 llaec
974 2472 1064 2529 quum
1082 2453 1124 2511 ita
1140 2453 1282 2531 habeant,
1296 2456 1419 2513 multum
1434 2466 1513 2513 certe
1531 2454 1613 2513 abest
1626 2468 1660 2513 ut
1674 2474 1742 2532 quae
1757 2454 1797 2513 de

189 2554 374 2613 Aristodemo
383 2552 525 2613 historico
541 2564 678 2629 tanquam
691 2551 843 2627 [regmenti
866 2550 960 2609 nostri
979 2562 1098 2609 auctore
1110 2551 1254 2624 seruntur,
1270 2570 1324 2630 pro
1338 2552 1425 2610 certis
1439 2564 1469 2610 et
1481 2550 1642 2629 exploratis
1662 2550 1794 2609 vendere

188 2652 295 2730 possis.

817 2804 975 2854 excuncta
991 2805 1170 2855 laterculus.

230 2959 399 3035 Sequuntur
413 2976 449 3014 ex
461 2956 519 3013 alio
535 2954 635 3013 codice
650 2953 709 3012 duo
723 2954 930 3031 quaterniones
944 2954 1051 3030 integri
1065 2951 1128 3031 (sol.
1151 2953 1281 3029 tte-103)
1298 2964 1327 3011 et
1340 2952 1420 3036 tertii
1436 2951 1638 3029 quaternionis
1651 2951 1723 3010 solia
1736 2952 1799 3011 duo

187 3054 237 3135 (16
251 3066 280 3112 at
296 3056 358 3129 17),
375 3072 440 3129 quae
456 3070 550 3127 neque
572 3051 644 3109 solio
667 3052 722 3109 103
748 3051 957 3108 continuantur
977 3068 1072 3126 neque
1095 3050 1173 3107 inter
1190 3068 1252 3107 sese
1275 3049 1433 3107 cohaerent.
1454 3047 1621 3124 lgiturduo
1638 3048 1797 3107 minimum

190 3150 260 3209 tolia
276 3150 499 3209 interciderunt.
513 3147 547 3205 ln
564 3166 677 3207 summa
693 3149 800 3226 pagina
819 3147 869 3205 sot.
885 3148 923 3204 88
942 3146 1014 3205 olim
1028 3146 1140 3205 exstitit
1153 3146 1308 3223 inscriptio
1322 3164 1439 3204 versum
1461 3146 1605 3221 integrum
1628 3146 1751 3223 explens
1765 3158 1797 3204 et

188 3261 299 3326 partem
325 3245 582 3307 versus'secundi.
608 3248 727 3303 Servata
745 3257 813 3303 sunt
826 3244 918 3303 verba
931 3263 1035 3303 tersus
1056 3242 1178 3301 secundi
1202 3262 1209 3298 ι
1234 3238 1363 3320 διαφόρων
1384 3238 1549 3312 πάλιωνςίιι
1571 3241 1666 3319 priori
1689 3244 1797 3318 primas

187 3345 281 3403 litere
295 3344 383 3403 luisse
398 3342 537 3401 videntur
548 3364 597 3422 ςρ,
613 3342 748 3420 quamvis
763 3360 821 3399 una
836 3366 850 3421 ρ
865 3341 950 3399 litera
967 3340 1097 3418 supersit
1112 3341 1236 3412 integra.
1253 3334 1407 3410 Quomodo
1426 3336 1612 3411 refingendus
1630 3336 1669 3394 sit
1690 3337 1795 3395 titulus

186 3440 264 3499 baud
278 3440 381 3518 liquet.
399 3440 441 3498 De
453 3438 624 3515 conjectura
638 3438 765 3496 scribere
776 3437 844 3495 licet
857 3436 888 3494 in
903 3436 979 3493 hanc
992 3436 1052 3493 iere
1068 3434 1240 3493 sententiam
1258 3453 1266 3488 ι
1281 3431 1463 3511 Στρατηγικαὶ
1479 3431 1638 3511 παρατάξεις
1649 3432 1694 3491 καί
1708 3454 1795 3511 στρα-

187 3535 331 3615 τηγήματα
354 3535 399 3594 καὶ
416 3534 565 3615 πολιορκίαι
580 3532 708 3615 διαράρων
730 3533 843 3595 πολεων.
864 3533 936 3591 Cum
955 3534 1002 3593 his
1019 3533 1148 3593 conierri
1163 3552 1200 3589 ex
1220 3543 1303 3609 parte
1320 3542 1416 3609 potest
1437 3529 1539 3587 titulus
1555 3550 1562 3586 ι
1580 3528 1751 3609 Παρεκὸολαὶ
1764 3533 1796 3588 ἐκ

188 3640 241 3696 τῶν
254 3638 436 3719 στρατηγικῶν
450 3633 638 3715 παρατάξεων,
654 3632 706 3712 qui
721 3631 800 3691 libro
816 3651 832 3690 e
852 3630 986 3707 Polyaeni
1007 3632 1134 3689 maxime
1156 3627 1373 3703 strategematis
1392 3625 1515 3684 collecto
1535 3637 1564 3684 et
1585 3629 1617 3682 in
1639 3626 1794 3685 codicibus

188 3734 339 3795 nonnullis
360 3732 472 3792 Heroni
493 3733 634 3810 Byzantio
658 3749 724 3788 saec.
738 3727 763 3786 X
777 3728 915 3806 scriptori
939 3726 1080 3786 attributo
1103 3725 1267 3805 praeligitur
1282 3722 1324 3803 (V.
1346 3722 1437 3782 llenr.
1460 3721 1566 3780 blartin
1587 3721 1619 3779 in
1642 3721 1798 3778 Memm'res

182 3834 330 3908 presentes
339 3850 399 3905 par
410 3832 499 3888 divers
512 3842 635 3887 sovana.
652 3847 664 3884 1
681 3830 787 3900 ⁰se'rr'e,
804 3828 865 3883 vol.
882 3824 931 3897 lli,
948 3844 978 3902 p.
997 3824 1075 3900 580).
1089 3823 1123 3881 ln
1146 3834 1246 3880 nostro
1272 3819 1349 3878 libro
1372 3818 1605 3909 inscriptionem
1616 3817 1697 3875 illam
1714 3817 1795 3877 idean

186 3926 275 3985 homo
291 3925 423 3998 dederit,
442 3926 494 4004 qui
509 3925 540 3983 in
557 3936 665 3982 antece.
680 3922 793 3980 laceros
808 3921 923 3979 codices
936 3920 970 3978 in
985 3920 1116 3978 ordinem
1133 3918 1265 3993 redigere
1278 3916 1399 3975 studuit.
1416 3914 1610 3973 Continentur
1625 3916 1657 3971 in
1680 3914 1796 3973 codicis

189 4035 272 4101 parte
287 4024 444 4101 superstite
458 4022 495 4079 de
508 4020 623 4099 procliis
641 4032 670 4078 et
689 4017 896 4077 obsidionibus
915 4030 1051 4095 excerpta
1064 4016 1218 4093 historica,
1235 4034 1298 4092 quae
1311 4012 1369 4071 hcc
1382 4030 1414 4071 se
1430 4012 1538 4070 ordine
1555 4011 1731 4089 excipiunt:

234 4140 261 4181 t.
284 4118 335 4179 Ἐκ
347 4124 395 4191 τῆς
413 4114 548 4179 Διονυσίου
566 4115 683 4195 ἱστορίας
695 4112 768 4195 βιὸλ.
782 4114 816 4173 κ’·
829 4113 936 4193 Πύρρου
951 4114 998 4173 καλ
1008 4112 1151 4189 Ῥωμαίων
1166 4111 1274 4171 ὑπάτων
1287 4108 1407 4172 Ποπλίου
1421 4108 1516 4168 Δεκίου
1530 4105 1576 4167 καὶ
1591 4106 1711 4168 Ποπλίου
1729 4106 1793 4187 [sot.

188 4216 225 4273 88
238 4237 269 4274 v.
284 4216 356 4276 -ί,
369 4236 407 4291 9⁰
421 4234 450 4287 v,
471 4214 516 4291 19)
531 4214 592 4272 sive
615 4212 774 4291 descriptio
797 4212 898 4290 proelii
919 4211 956 4270 ad
980 4212 1135 4287 Asculum,
1150 4229 1239 4288 quam
1251 4228 1289 4267 ex
1302 4206 1390 4267 Mina
1409 4206 1581 4286 apographo
1599 4203 1735 4264 dedimus
1755 4204 1796 4263 ad

188 4314 296 4373 calcem
308 4312 430 4391 losephi
443 4310 490 4369 ed.
506 4309 606 4371 Didot.

229 4430 257 4469 a.
280 4408 327 4467 αι’.
342 4406 394 4467 Ἐκ
405 4410 456 4465 τῶν
470 4404 618 4465 Πολυαίνου
630 4406 672 4486 (l,
689 4408 716 4478 3,
732 4408 779 4485 aa)
797 4404 1037 4485 στρατηγημάτων.
1051 4401 1216 4483 Ἀλεξάνδρου
1230 4402 1276 4461 καί
1289 4399 1387 4482 Πώρου
1400 4402 1431 4483 (ί.
1446 4422 1485 4477 9⁰
1493 4400 1631 4475 v.,15·9t
1646 4418 1686 4471 r.,
1699 4400 1746 4476 6).

125 4510 127 4515 ’
232 4508 262 4566 3.
285 4503 334 4573 κς’.
350 4504 400 4563 Ἐκ
414 4506 467 4562 τῶν
481 4502 632 4563 Πολυαίνου
647 4500 687 4582 (t,
702 4504 731 4577 6,
743 4500 770 4580 3)
790 4500 1019 4582 στρατηγημάτων
1033 4500 1062 4581 (f.
1079 4521 1114 4576 91
1132 4520 1172 4573 r.,
1192 4497 1288 4576 7-15).
1307 4498 1449 4558 Narratur
1470 4506 1641 4569 stratagema
1656 4513 1718 4570 quo
1734 4492 1797 4549 ble-

190 4622 328 4681 garenses
348 4602 516 4679 elephantos
539 4599 695 4675 Antigoni,
709 4600 761 4676 qui
785 4596 889 4657 urbem
912 4593 1082 4669 obsidebat,
1099 4596 1241 4655 immissis
1263 4596 1366 4655 suibus
1383 4596 1414 4653 in
1431 4595 1524 4669 fugam
1541 4590 1692 4649 verterint.
1707 4586 1797 4657 Quod

190 4720 281 4779 quum
296 4698 332 4757 ad
344 4702 449 4775 proelta
463 4698 561 4755 minus
577 4698 735 4776 pertineat,
748 4709 885 4773 tanquam
900 4693 1049 4773 appendix
1064 4692 1252 4770 subjunctum
1267 4712 1330 4751 esse
1342 4692 1461 4751 ridetur
1473 4684 1731 4757 antecedentibus,
1743 4682 1800 4743 uhi

191 4796 340 4875 depugna
355 4807 458 4853 contra
475 4793 584 4853 Porum
598 4792 702 4851 lndum
715 4790 838 4869 ejusque
852 4790 1023 4869 elephantos
1040 4790 1196 4848 commissa
1207 4809 1305 4849 sermo
1319 4802 1371 4848 est.

230 4892 345 4952 Deinde
358 4912 376 4950 a
388 4892 503 4972 proeliis
518 4890 555 4949 ad
573 4887 743 4948 obsidiones
759 4888 898 4947 transitus
911 4885 1012 4946 verbis
1022 4900 1156 4965 paratur,
1170 4908 1236 4966 quae
1250 4886 1283 4945 in
1297 4882 1514 4963 antiquioribus
1526 4880 1680 4942 codicibus
1690 4897 1802 4939 tersus

189 4989 430 5069 dodecasyllabos
449 4990 538 5048 fuisse
554 4999 634 5065 patet
648 4986 725 5045 hunc
740 4986 772 5044 in
786 4984 905 5044 modum
921 4983 1108 5059 retingendos
1129 5006 1135 5043 ι

269 5088 406 5149 ’Eusebiae
420 5086 463 5145 ίπὶ
476 5086 522 5151 τάς
536 5085 588 5162 [τε]
602 5082 753 5163 πολιορκίας
