3809 5859
455 276 654 340 CRITOBULI
674 276 936 341 HISTORIARUM
957 276 1029 339 LIB.
1052 279 1074 351 1,
1096 280 1164 341 1-1.
1185 276 1417 339 PROOEMIUM.
1697 284 1736 341 ³5

132 409 199 469 όντα
214 406 260 467 καλ
276 408 407 485 μηδεμίαν
422 406 571 487 ύπερόολλν
588 416 642 476 τοῖς
659 406 710 489 πρδ
725 410 811 468 αὐτῶν
824 432 908 469 κατα·
966 408 1045 468 δοντα
1064 416 1201 490 πανταχοῦ
1221 406 1387 485 μεταόέύηκέ
1404 431 1433 467 τε
1453 406 1499 467 καί
1521 408 1663 490 περιέατη,
1688 417 1734 472 νῦν

136 496 279 570 λείποντα,
293 493 347 575 ῖδίρ
367 494 503 577 ξυγγραφῇ
517 518 546 555 τε
561 494 606 555 καῖ
630 496 760 575 ἐρηγήσει
777 496 830 563 τοῖς
851 497 908 573 μεθ’
951 495 1013 572 ’μίν
1027 497 1053 565 ῖς
1066 496 1216 576 Ἀσσυρίους
1230 496 1276 555 καλ
1291 495 1398 568 Μήδους
1415 494 1460 553 καί
1474 495 1593 576 Πέρσας,
1610 504 1654 557 νῦν
1668 497 1696 557 δέ
1711 502 1738 567 ἐς

130 588 207 662 ἡμᾶς
219 584 393 663 παραδῶμεν,
407 584 517 662 μίμημά
529 607 559 643 τε
573 583 618 643 καὶ
632 584 793 660 σπυύδασμα
813 586 910 644 κάλλι-
964 581 1100 657 Ἕλληνας
1113 585 1157 643 καί
1172 581 1333 663 Ῥωμαίους,
1344 582 1413 643 κατλ
1429 583 1534 662 καιρούς
1547 608 1575 643 τε
1592 584 1637 644 καί
1649 587 1737 666 περιό-

136 694 197 732 στον
215 674 268 739 τοῖς
282 670 445 752 αἱρουμένοις
458 694 488 731 τε
502 672 549 733 καλ
562 676 648 753 ψυχῆς
666 672 773 751 άνδρίαν
793 672 910 754 ῖνποραί-
943 722 947 734 .
965 672 1023 739 δους
1037 675 1159 733 ἐνιαυτῶν
1173 670 1387 754 ἐπιχωρεάσαντά
1395 694 1425 730 τε
1434 672 1480 730 καί
1493 672 1614 732 ούδέποτε
1628 673 1672 732 ἐπί
1684 677 1737 733 τῶν

131 782 210 819 νουαι
231 758 369 838 προθέντες
392 757 471 819 αύτά.
514 759 548 841 (ε)
562 762 695 820 Τοσοῦτον
717 758 768 838 γάρ
788 750 860 826 οὗτος
880 760 909 819 οὔ
966 760 1051 820 αύτῶν
1075 760 1217 838 βεόηκότα.
1259 760 1295 839 (ε)
1309 757 1394 821 Οὐδὲν
1418 758 1501 818 τοίνυν
1521 757 1670 835 θαυμαστδν
1691 758 1737 820 καί

137 854 216 924 μόνον
229 850 282 907 τῶν
297 847 384 905 ἄλλων
397 845 457 914 τοὺς
471 845 522 926 πρδ
538 848 634 920 αὐτοῦ,
652 845 720 906 ἀλλὰ
734 846 766 918 δὴ
791 845 836 904 καλ
853 845 911 915 τοὺς
965 852 1010 906 νῦν
1025 850 1059 906 τά
1076 852 1173 909 ἑαυτῶν
1189 847 1284 929 δρᾶσαί
1303 848 1390 919 τεκαὶ
1406 852 1513 921 παθεῖν,
1528 848 1574 906 καλ
1588 845 1737 923 Ῥωμαίους

130 936 167 995 ἐκ
181 931 272 1012 γένους
286 934 357 1015 αύτῷ
369 934 486 1014 βασιλεῖς
503 933 572 994 κατά
584 958 612 994 τε
627 933 722 1013 ἀρετήν
735 934 782 1013 (τε)
797 934 843 991 καῖ
865 935 910 991 ἀν·
967 934 1015 1010 μὲν
1026 934 1074 1007 τὴν
1087 934 1171 1017 άρχὴν
1183 936 1230 995 καῖ
1240 935 1288 1007 τὴν
1298 934 1382 1015 τύχην
1396 937 1547 1007 ἀπολιπεῖν,
1560 934 1624 1013 πρὸς
1636 935 1738 1015 έτίρους

132 1021 212 1102 δρίαν
227 1021 276 1081 καὶ
294 1020 456 1101 στρατηγίαν
469 1020 516 1081 καλ
531 1020 616 1101 τύχην
630 1020 676 1081 καί
690 1019 737 1092 τὴν
760 1024 812 1080 τῶν
832 1022 911 1080 πολε·
966 1022 995 1083 δὲ
1005 1022 1131 1094 διαύῆναί
1146 1047 1175 1083 τε
1189 1025 1235 1083 καί
1250 1028 1453 1104 μεταχωρῆσαι,
1466 1022 1555 1103 ῶσπερ
1571 1022 1597 1090 l}
1611 1022 1699 1082 ἄλλων
1714 1025 1739 1092 ές

137 1112 222 1187 μυιῶν
237 1108 375 1188 ἐμπειρίαν
387 1108 597 1190 ύπερεόάλλετο,
608 1108 668 1169 όσον
683 1109 775 1169 ἐκεῖναι
788 1106 847 1177 τοῦς
859 1110 910 1189 πρδ
965 1109 1088 1183 τούτους,
1101 1118 1238 1191 πανταχοῦ
1251 1111 1299 1183 την
1313 1110 1381 1169 ἰδίαν
1397 1111 1473 1191 φύσιν
1486 1135 1515 1171 τε
1532 1110 1578 1169 καί
1600 1110 1671 1179 τάξιν
1690 1134 1740 1183 τη-

131 1198 223 1255 αὖτῶν
246 1220 275 1257 τε
295 1196 341 1258 καλ
357 1199 418 1257 κατ’
433 1195 526 1265 αὐτούς
548 1195 701 1275 γενομένους
725 1194 823 1264 τούτοις
835 1196 911 1285 Υεἰπέ·
968 1204 1073 1280 ροῦντα,
1117 1200 1148 1277 ίε]
1164 1202 1226 1266 Πῶς
1237 1190 1283 1259 νῦν
1293 1198 1391 1260 ἔνεστιν
1403 1204 1467 1276 ἡμῖν
1479 1198 1585 1267 δικαίως
1597 1205 1642 1258 τοῦ
1652 1199 1740 1279 γένους

130 1288 251 1366 κρυψαν.
966 1290 1137 1367 κατηγορεῖν,
1150 1290 1186 1353 ὥς
1200 1286 1239 1365 μὴ
1254 1286 1405 1360 δυνηθέντος
1418 1286 1461 1347 διδ
1483 1286 1572 1355 τέλους
1595 1290 1739 1366 κατασχεῖν

176 1376 230 1437 111.
256 1374 445 1453 Παραιτοῦμαι
460 1374 487 1434 δέ
501 1372 559 1440 τούς
582 1396 612 1431 τε
636 1380 681 1433 νῦν
703 1370 762 1439 τούς
778 1394 808 1431 τε
824 1372 911 1455 χρόνῳ
965 1375 1014 1444 τὴν
1027 1374 1195 1451 εὗδαιμονίαν
1205 1375 1252 1435 καλ
1263 1380 1378 1455 τηρῆσαι
1388 1373 1435 1447 τὴν
1450 1374 1585 1455 άρχὴνκαὶ
1599 1373 1647 1446 τὴν
1655 1375 1739 1455 τύχην

133 1461 245 1540 ’ὕστερόν
256 1485 319 1521 ποτε
330 1460 582 1539 ξυνεσομένουςτῇδε
588 1465 621 1543 τῇ
633 1461 767 1540 ξυγγραφῇ
776 1460 909 1539 μηδεμίαν
967 1461 1201 1540 άπαρασάλευτονς
1215 1464 1249 1542 [τ]
1262 1464 1297 1523 Εί
1311 1463 1339 1522 δέ
1351 1486 1421 1531 τινες
1440 1463 1466 1520 ἐν
1480 1470 1580 1542 καιροῖς
1599 1462 1672 1531 ἰδίοις
1684 1467 1739 1523 τῶν

139 1548 298 1628 δόελιηρίαν
311 1546 329 1621 ἢ
343 1548 502 1621 κακοήθειαν
517 1552 683 1629 καταγνῶναι
701 1550 792 1626 ἡμῶν,
806 1550 829 1606 εί
845 1548 911 1625 μήτε
966 1548 1128 1627 πραγμύτων
1153 1551 1366 1624 ἐπιστατοῦντας,
1382 1550 1514 1630 μοχθηρίᾳ
1539 1552 1641 1631 ρύσεως
1662 1553 1741 1613 κακοί

132 1637 323 1715 ξυναλγοῦπες
345 1645 404 1705 ταῖς
428 1635 568 1717 ἡμετέραις
587 1636 778 1716 κακοπραγίαις
794 1635 861 1714 μήτε
878 1636 910 1711 δι]
968 1636 1091 1716 γεγόνασι
1104 1637 1162 1718 περί
1179 1635 1227 1709 τὴν
1243 1638 1344 1715 ἀρχὴν,
1360 1639 1406 1697 καλ
1417 1642 1470 1705 τοῖς
1484 1638 1638 1718 πράγμασιν
1652 1641 1741 1709 ούκές

131 1736 192 1793 ταῖς
214 1731 259 1785 τοῦ
280 1725 369 1804 γένους
389 1727 545 1807 βαρούμενοι
565 1724 720 1807 ξυμφοραῖς,
739 1724 911 1804 προῃρήμεθα
968 1723 1025 1784 δέον
1038 1726 1204 1805 ἐχρήσαντο,
1215 1727 1263 1786 ούκ
1273 1727 1328 1785 ἔστι
1337 1732 1413 1787 τοῦτο
1424 1731 1470 1786 τοῦ
1481 1726 1571 1807 γένους
1582 1727 1740 1807 ἁμάρτημα,

137 1812 296 1895 ἀναγράφειν
307 1836 337 1872 τε
347 1812 394 1873 καί
406 1817 522 1894 ρανερῶς
536 1814 711 1889 ἐκπομπεύειν
723 1810 768 1870 καλ
781 1812 911 1891 διασύρων
967 1811 1035 1870 ἆλλθι
1048 1816 1100 1873 τῶν
1115 1816 1204 1882 κακῶς
1215 1836 1244 1872 τε
1258 1814 1352 1880 καλῶς
1365 1816 1412 1873 οὐκ
1429 1811 1482 1873 ίδει
1496 1813 1675 1896 χρησαμένων
1687 1826 1741 1887 τοῖς

137 1900 171 1961 τά
185 1904 269 1962 οἰκεῖα
283 1901 370 1976 κακέι,
382 1902 439 1962 δέον
457 1900 643 1980 ξυγκαλύπτειν
656 1901 757 1979 μᾶλλον
769 1902 794 1967 ἐς
804 1900 911 1977 δύναμιν
966 1898 1135 1980 πράγμασιν·
1149 1900 1193 1969 οῦς
1206 1901 1251 1960 καλ
1263 1901 1363 1961 δίκαιον
1376 1902 1469 1979 μόνους
1482 1901 1609 1973 εὐθύνειν,
1622 1903 1691 1963 άλλδ
1703 1904 1741 1982 μὴ

137 1989 184 2050 καί
195 1991 321 2068 μηδαμοῦ
329 1992 384 2056 τοῖς
396 1990 502 2057 πολλοῖς
515 1988 611 2070 ἐκρορα
623 1994 761 2049 καθιστᾶν.
786 1988 819 2067 (ι)
832 1991 912 2071 [1963-
967 1992 1012 2047 τοῦ
1035 1986 1124 2065 γένους
1144 1997 1316 2070 κατηγορεῖν,
1328 1988 1417 2066 ῶσπερ
1432 1988 1464 2061 δὴ
1486 1989 1532 2049 καί
1552 1988 1610 2057 τοῦς
1631 1991 1743 2069 ιἰγαθυύς

136 2100 181 2138 τον
194 2076 242 2156 μίν
255 2076 307 2155 γὰρ
319 2080 368 2157 ούχ
380 2076 447 2137 ὥστε
462 2075 562 2157 μέμψιν
576 2075 634 2135 τινίι
653 2077 781 2158 περιάψαι
794 2080 831 2159 τῷ
843 2078 911 2155 γένει
966 2077 1081 2134 ἐπαινεῖν
1095 2076 1141 2135 καί
1157 2076 1191 2135 τόν
1202 2077 1301 2136 τούτων
1321 2076 1383 2157 ἔργα
1398 2079 1428 2135 ἐκ
1441 2077 1538 2143 παντδς
1558 2078 1656 2158 τρόπου
1676 2085 1741 2139 θαυ·

131 2167 193 2226 οὔδ’
209 2168 252 2226 ἐπί
263 2169 302 2247 τῷ
315 2169 402 2233 κακῶς
417 2168 497 2226 εἰπεῖν
511 2188 541 2225 τε
555 2165 602 2225 καί
613 2165 735 2245 διασῦραι
749 2164 782 2224 τέι
795 2164 911 2246 ἡμέτερα
968 2164 1060 2241 μάζειν
1080 2187 1108 2223 τε
1127 2166 1174 2224 καλ
1192 2168 1319 2244 κοσμεῖν,
1332 2166 1378 2224 καί
1392 2163 1430 2241 μὴ
1446 2164 1488 2223 διδι
1506 2164 1554 2236 τὴν
1573 2166 1647 2224 ἐνίων
1665 2172 1742 2247 ρρθυ·

133 2255 164 2319 ἐς
185 2252 243 2313 τόδε
267 2252 454 2334 προήχθημεν·
468 2252 558 2334 πόρρω
570 2252 622 2333 γέιρ
635 2258 712 2313 τοῦτο
728 2253 774 2313 καὶ
793 2258 840 2325 τῆς
857 2278 912 2313 πα·
967 2250 1032 2327 μίαν
1047 2274 1076 2311 τε
1095 2252 1143 2313 καλ
1163 2252 1258 2312 κακίαν
1273 2254 1426 2334 ἀποστερεῖν
1451 2253 1547 2313 ἐθτλειν
1563 2254 1670 2321 τούτους
1690 2258 1742 2315 τῶν

134 2340 233 2421 ,νούσης
257 2340 439 2423 πραγματείας
464 2342 511 2401 καί
532 2346 578 2400 τοῦ
601 2337 773 2422 προκειμίνου
797 2345 910 2415 σκοποῦ,
968 2342 1083 2403 ἐπαίνων
1096 2344 1142 2403 καλ
1156 2346 1209 2404 τῶν
1225 2345 1311 2404 άθλων
1329 2348 1376 2415 τῆς
1396 2346 1502 2423 ἀρετῆς·
1513 2343 1573 2402 αλλ’
1584 2347 1613 2403 οὐ
1630 2344 1740 2410 δίκαιον.

138 2429 207 2490 ἀλλὰ
221 2428 254 2503 ὅθ
268 2428 315 2489 καί
334 2434 380 2489 ’1οῧ
398 2427 476 2501 ἤθους
496 2432 585 2506 ἡμῶν·
605 2431 655 2509 οὒκ
675 2428 743 2489 ῦίῖω
764 2427 816 2509 γέρ
837 2434 913 2507 θμνῑς
968 2438 1002 2520 (ε)
1022 2441 1109 2501 Τοῦτο
1121 2440 1206 2499 τοίνυν
1224 2440 1269 2500 καὶ
1284 2439 1411 2513 Ἰύσηπος
1424 2443 1438 2498 θ
1451 2439 1576 2519 Ἑέραῖος
1591 2440 1682 2515 εἰδὼς,
1696 2464 1744 2523 ιρι·

134 2517 280 2596 ἆνίλληῖθῑ
303 2514 350 2575 καί
370 2515 460 2597 Md
479 2514 527 2589 τῶν
549 2514 673 2595 waima
687 2514 756 2576 ὥστε
774 2518 839 2597 πρὸς
860 2526 913 2587 τοῖς
966 2525 1084 2601 λαληθης
1094 2524 1131 2587 ῶν
1140 2527 1187 2588 καλ
1197 2536 1250 2595 τοῖς
1259 2527 1397 2607 πράγμασι
1408 2530 1495 2596 καλῶς
1507 2530 1746 2609 ίριστῶν,ἐπαινεῖ

138 2594 197 2665 ούσι
210 2613 300 2675 κακοῖς
320 2604 377 2665 ἐντί
395 2611 442 2665 τοῦ
467 2604 602 2684 ξυναλγεῖν
618 2607 719 2682 μᾶλλον
734 2604 779 2665 καί
798 2629 913 2687 κατηγο·
968 2611 1016 2692 μίν
1032 2617 1058 2673 ἐν
1071 2618 1109 2694 τῷ
1124 2620 1171 2686 τῆς
1190 2615 1313 2682 ἁλώσεως
1327 2612 1424 2695 βιόλίῳ
1437 2614 1485 2686 τὴν
1502 2613 1644 2695 Ῥωμαίων
1659 2615 1743 2696 τύχην

138 2690 197 2769 ρίαν
219 2691 386 2773 προστρίόειν
409 2692 503 2753 ἐθέλειν
527 2693 574 2751 καλ
599 2692 751 2771 περιάπτειν
773 2695 811 2774 τῷ
831 2694 913 2773 γίνει·
967 2702 1013 2763 καί
1032 2704 1126 2783 ἀρετὴν
1147 2704 1194 2763 καλ
1213 2707 1252 2784 τῷ
1272 2703 1342 2784 λόγῳ
1356 2702 1506 2784 ριλαλάθως
1520 2705 1641 2782 ἐπαιρεῖ,
1660 2704 1742 2763 καθά.

139 2778 175 2861 (3)
192 2776 282 2838 ‘mm
297 2780 352 2839 ὧδ’
366 2778 448 2849 οὔτως
471 2779 571 2855 Ξῦήθῑῑς
592 2778 611 2853 ἢ
631 2780 785 2863 διακρίσεως
810 2782 914 2865 ἄμοιροι
967 2813 1062 2850 πτεται
1077 2789 1105 2849 δέ
1118 2792 1170 2850 τῶν
1186 2793 1212 2849 ίν
1226 2796 1264 2872 τῷ
1277 2791 1346 2870 γίνει
1364 2789 1500 2870 μανέντων
1514 2793 1622 2868 κακῶν,
1639 2789 1698 2858 τούς
1714 2813 1742 2849 τε

138 2866 247 2927 καὶτῶν
260 2868 430 2949 ἀνθρωπίνων
441 2869 604 2949 πραγμάτων
623 2870 688 2936 όλυι
699 2870 786 2944 ἕκτδι,
800 2872 836 2938 ὡς
848 2871 915 2947 μήτε
970 2876 1051 2954 μηδλν
1069 2877 1227 2951 ἠδικηκότας
1243 2880 1296 2937 τῶν
1314 2879 1417 2937 ὀνειδῶν
1434 2877 1609 2936 ἀπαλλάττει·
1622 2876 1682 2947 θ’δὴ
1698 2876 1743 2935 καὶ

136 2954 188 3022 τέις
201 2954 299 3015 τούτων
312 2955 408 3015 είθέναι
425 2955 507 3036 τύχας
519 2979 549 3015 τε
562 2954 608 3015 καί
624 2955 788 3034 μεταόολδις,
803 2956 871 3036 μήτε
884 2958 916 3019 τδ
968 2970 1044 3042 ἡμεῖς
1057 2965 1084 3034 st
1100 2964 1216 3034 ἅπαντος
1229 2964 1329 3046 epm,
1345 2963 1504 3040 ποιήσομεν,
1518 2964 1599 3041 μηδὲν
1620 2967 1744 3023 fmm.

140 3042 254 3103 άστατον
268 3042 314 3103 καί
326 3043 448 3103 άύέόαιον
461 3042 506 3103 καί
522 3042 679 3120 ἀνώμαλον,
693 3046 751 3103 ἀλλ’
764 3046 914 3126 ἐντοσαύτῃ
947 3054 949 3059 ’
967 3049 1077 3129 λάμενοι
1098 3054 1128 3113 αθ
1148 3056 1290 3136 παράπαν,
1305 3055 1363 3115 ἀλλ’
1377 3058 1403 3114 ἐν
1422 3062 1488 3111 πᾶσι
1510 3052 1540 3113 τό
1557 3075 1586 3111 τε
1611 3056 1743 3131 προσῆκον

141 3128 264 3210 Ευγχύσει
284 3129 329 3189 καί
345 3130 438 3211 ἀταξίᾳ
454 3129 617 3213 πραγμάτοιν
632 3133 678 3191 καλ
692 3134 744 3198 τοῖς
762 3142 856 3200 κοινοῖς
869 3138 915 3206 τῆς
968 3141 1015 3200 καλ
1032 3142 1079 3215 τὴν
1094 3142 1218 3214 ἐλήθειαν
1232 3142 1368 3212 σώζοντες.
1413 3141 1469 3201 Καί
1486 3140 1584 3200 τούτων
1604 3140 1652 3218 μὲν
1670 3140 1741 3217 άλις,

140 3218 243 3299 φύσεως
254 3220 446 3299 ἀρρωστήμασι
457 3219 530 3299 παρά
542 3220 621 3296 μόνου
631 3224 676 3279 τοῦ
688 3220 817 3300 ἡμετέρου
827 3222 916 3299 γένους
969 3234 1021 3289 τῶν
1034 3230 1062 3289 θί
1074 3229 1252 3309 προκειμένων
1267 3230 1402 3309 ἐχώμεθα.

135 3308 227 3379 ζητεῖν
244 3307 274 3368 τό
287 3308 358 3386 ύγιίς
375 3332 403 3367 τε
416 3308 461 3369 καί
478 3309 607 3387 στάσιμον
623 3309 669 3368 καλ
688 3309 754 3378 όλως
777 3310 913 3385 ἀκίνητον,
1009 3317 1059 3379 lv,
1081 3316 1163 3385 Ἔτος
1182 3316 1230 3396 μὲν
1244 3309 1288 3377 οὖν
1302 3318 1445 3388 ἐνειστήκει
1459 3318 1525 3376 τῶνε
1535 3316 1581 3374 ἀπ’
1593 3319 1678 3395 ἀρχῆς
1699 3316 1744 3373 ἶν-

135 3396 177 3461 -ῶς
190 3394 222 3452 ἂν
232 3394 281 3464 ἔξω
290 3396 388 3455 τούτων
397 3396 565 3457 παντάπασιν
575 3396 648 3463 ὄντος
660 3396 678 3469 ἢ
692 3397 835 3477 κρείττονός
849 3422 916 3467 τινος
970 3420 1048 3457 νατυν
1069 3398 1115 3457 καὶ
1134 3397 1310 3468 πεντηκοστὸν
1327 3395 1392 3476 πρὸς
1410 3404 1463 3463 τοῖς
1477 3394 1633 3462 ἐννακοσίοις
1652 3418 1680 3454 τε
1698 3396 1743 3454 καί

140 3482 240 3560 μύσεως
253 3482 299 3544 καλ
317 3486 442 3561 μηδαμοῦ
462 3484 605 3562 δυναμένου
621 3484 797 3567 ξυμρέρεσθαί
818 3509 846 3545 τε
869 3488 915 3546 καλ
970 3483 1171 3565 ἑξακισχιλίοις,
1181 3484 1227 3544 καλ
1239 3488 1348 3566 τελευτᾷ
1362 3484 1406 3543 τδν
1423 3484 1478 3564 βίον
1495 3484 1629 3563 λίωράτης
1642 3486 1656 3543 δ
1671 3488 1744 3562 βασι-

141 3572 369 3649 ξυμμεταύάλλειν
382 3581 436 3639 τοῖς
451 3572 548 3641 άλλοις.
592 3574 625 3654 (ε)
644 3574 693 3641 Τίς
711 3574 762 3655 γάρ
777 3576 825 3635 οὗκ
847 3565 915 3633 οἶδεν
970 3575 1044 3646 λεδς,
1058 3574 1139 3648 ζήσας
1153 3573 1186 3633 τέι
1196 3574 1285 3632 πάντα
1300 3570 1346 3631 δύο
1360 3571 1405 3632 καλ
1417 3570 1578 3642 πεντήκοντα
1593 3570 1652 3643 ἔτη,
1665 3570 1743 3651 άρξας

136 3665 176 3727 1ῶς
194 3661 220 3731 ἐξ
233 3660 293 3723 ύτου
304 3662 440 3741 γεγόνασιν
453 3661 599 3742 όνθρωποι,
611 3661 646 3721 τά
658 3666 705 3734 τῆς
718 3662 851 3742 βασιλείας
870 3664 916 3722 καλ
971 3663 999 3721 δὲ
1010 3661 1038 3721 ἐν
1052 3661 1099 3719 καῖ
1110 3662 1249 3739 τριάκοντα
1260 3704 1269 3732 ,
1282 3659 1349 3739 ἀνὴρ
1361 3659 1465 3738 όριστος
1478 3659 1505 3716 ἐν
1519 3665 1585 3716 πᾶσι
1598 3658 1644 3716 καί
1659 3680 1743 3737 μεγα-

141 3751 190 3819 τῆς
204 3753 287 3829 θρχῆς
301 3750 353 3809 οὔδ’
366 3746 433 3815 δλως
447 3747 545 3826 ίμεινεν
561 3748 604 3809 ἐπί
617 3753 670 3809 τῶν
687 3752 788 3822 αὐτῶν,
810 3750 865 3810 οὔδ’
878 3750 916 3809 ίνλ
970 3749 1092 3829 λόρρων,
1115 3747 1182 3807 ἀλλὰ
1201 3747 1234 3820 δι]
1255 3747 1302 3807 καλ
1325 3744 1569 3827 στρατηγικῶτατος
1590 3744 1635 3804 καί
1656 3746 1741 3806 πολλὰ
1815 3789 1818 3796 -

137 3836 209 3914 γίνει
225 3859 254 3895 τε
267 3836 313 3895 καλ
328 3836 394 3896 ἔθνει
414 3837 610 3913 περιεκλείσθη,
624 3838 682 3896 ἀλλ’
699 3840 735 3905 ῶς
754 3836 914 3914 πλανεύμενά
971 3834 1044 3917 παρδι
1065 3836 1109 3895 τόν
1130 3836 1186 3913 βίον
1210 3834 1391 3911 ἐπιδεῖάμενος
1405 3833 1470 3913 ίργα
1483 3841 1589 3915 γενναῖα
1610 3834 1656 3893 καί
1677 3841 1741 3893 θαυ-

138 3946 171 3981 -τε
186 3922 227 3983 ἀεὶ
239 3924 285 3983 καί
300 3924 327 3993 ἐξ
340 3928 418 3985 ἐθνῶν
436 3924 495 3997 ἔθνη
516 3924 561 3983 καῖ
576 3924 668 3993 τόπους
683 3926 713 3983 ἐκ
728 3924 814 3986 τόπων
837 3925 913 4003 άμεί-
971 3923 1074 4002 μαστδι,
1085 3922 1175 4002 ῶσπερ
1189 3922 1222 3993 δν]
1238 3929 1413 4003 μαρτυροῦσιν
1428 3923 1455 3979 αί
1469 3920 1576 4000 πράξεις
1590 3921 1683 3997 αθταί,
1696 3928 1743 3980 τοῦ

173 4090 217 4139 111:
231 4089 245 4151 §
263 4095 284 4138 1.
300 4089 447 4155 βαρούμενοι]
465 4091 618 4154 βαρρούμευοι
632 4089 687 4141 συθ.
702 4090 713 4154 ΙΙ
726 4116 760 4129 ·-
774 4091 824 4155 §lm
837 4093 877 4142 Gs.
892 4092 1137 4155 τινάκτειραν,
1153 4094 1201 4139 13ε
1220 4091 1299 4152 ὥσπερ
1313 4088 1389 4138 τοίνυν
1403 4090 1478 4147 ἡτῶν
1496 4087 1624 4151 Ἆσσυρίων
1635 4088 1743 4151 βασιλεία

142 4160 255 4217 κατελύθη
266 4162 313 4210 ύπδ
328 4166 375 4209 τῶν
389 4161 557 4222 Βαόυλωνίων,
572 4164 587 4219 ν]
604 4162 629 4211 δλ
645 4168 692 4211 τῶν
711 4162 866 4219 Βαδυλωνίων
876 4164 923 4213 ύπδ
937 4168 984 4212 τῶν
995 4164 1126 4225 nepetam]
1139 4161 1164 4209 δλ
1177 4166 1225 4209 τῶν
1238 4163 1336 4222 ΙΙερσῶν
1348 4161 1395 4209 ύπθ
1408 4164 1454 4208 τῶν
1469 4160 1625 4220 Μακεδόνων,
1638 4160 1688 4217 ἡδὲ
1694 4164 1743 4208 τῶν

143 4228 285 4278 Μακεδόνων
294 4232 340 4279 ύπὸ
352 4230 531 4294 τῶνῬωμαίωυ
541 4265 548 4292 ,
559 4232 633 4288 οὕτως
642 4233 682 4280 καί
698 4234 773 4290 ἡτῶν
782 4232 909 4295 Ῥωμαίων
918 4231 1032 4289 κατελύθη
1043 4232 1090 4280 ύπὸ
1102 4235 1148 4278 τῶν
1163 4229 1333 4291 Ὀτμανλιδῶν.
1349 4228 1360 4291 Ι]
1377 4256 1407 4271 -
1421 4227 1471 4291 §7.
1484 4226 1599 4292 ἐπαινεῖν]
1615 4233 1655 4277 νῦν
1668 4241 1743 4291 supra

138 4297 262 4361 *scriptum
275 4299 300 4348 in
314 4298 368 4348 οοιλ.

175 4368 219 4417 lv.
236 4367 251 4430 §
271 4372 291 4417 1.
311 4371 380 4426 ζήσας
393 4372 428 4419 νθ·
440 4370 495 4430 ἔτη,
506 4371 574 4436 ἄρξας
596 4372 622 4421 δὲ
637 4370 686 4435 λα’]
702 4372 777 4433 Regni
790 4374 888 4436 tempus
900 4370 961 4422 satis
978 4373 1059 4431 τεοῖο,
1074 4371 1133 4420 νῖῖευ
1145 4373 1243 4434 tempus
1256 4367 1339 4420 minus
1355 4371 1467 4420 accurate
1480 4367 1545 4419 tradi
1561 4368 1667 4419 videtur.
1678 4371 1741 4418 Νειι

138 4436 313 4487 δεεθοθιλλιιιιε
323 4437 375 4488 sive
390 4438 502 4489 Saidinus
510 4442 606 4490 'turcus
618 4438 761 4503 (chronica
773 4441 835 4492 ἀνθ’
846 4444 946 4505 ονῖρῖνιε
959 4456 974 4491 ε
984 4444 1114 4505 μνορνεεεῖ
1126 4440 1198 4491 della
1207 4452 1271 4489 εαεα
1285 4441 1427 4489 οῖῖονιιααα
1436 4441 1570 4502 composta
1584 4438 1620 4488 da
1632 4439 1741 4489 00101κο

147 4506 376 4567 Τυνοο,1ναιῖοτῖα
391 4506 428 4558 da
447 4510 575 4560 Βναινλιῖ.
589 4510 719 4575 (Μυότιά.
743 4512 885 4571 1051,1οιιι.
900 4518 923 4571 α,
938 4525 962 4575 p.
976 4509 1183 4568 111111α1ιεθείι
1198 4510 1225 4559 11
1235 4522 1266 4558 τε
1279 4508 1379 4559 Marad
1391 4510 1471 4572 τεραὸ
1487 4512 1517 4557 30
1531 4510 1614 4568 anni,
1624 4513 1639 4555 0
1649 4509 1714 4556 τινα
1728 4521 1742 4555 ε

140 4578 158 4623 ’7
169 4576 262 4637 ριόττιλ
279 4576 388 4633 Quando
401 4578 461 4628 καλὲ
474 4580 503 4629 al
518 4582 592 4629 trono
609 4580 682 4630 νεαὶσ
695 4579 777 4631 λεθθε
796 4580 903 4630 dictatio
918 4582 999 4642 αιιιιῖ,
1013 4579 1041 4629 ιθ
1054 4582 1179 4629 mamm
1194 4578 1240 4629 che
1252 4581 1320 4627 νῖεεε
1337 4580 1551 4642 quarumnam
1562 4578 1636 4626 anni.
1649 4574 1742 4625 Eodem

143 4644 218 4695 modo
229 4649 372 4709 computant
390 4650 505 4698 Ηετειιιιοτ
516 4649 603 4701 (λισσὴ.
621 4650 665 4699 des
678 4662 777 4699 οενιαιι.
795 4650 901 4701 staechas
914 4653 975 4699 tom.
998 4656 1019 4709 1,
1037 4663 1061 4713 p.
1076 4653 1123 4699 100
1137 4653 1189 4698 not.
1203 4650 1230 4698 et
1242 4647 1369 4698 zinkeisen
1382 4644 1470 4699 Gesch.
1490 4646 1535 4696 des
1551 4657 1615 4694 σειν.
1635 4643 1741 4695 λείσλεε

143 4716 204 4763 tom.
214 4718 233 4771 1,
244 4726 267 4777 p.
278 4716 459 4766 793.1αοιιῖοιιε
470 4718 676 4780 Chaleooendylas
686 4732 711 4782 p.
725 4723 779 4779 375,
790 4724 805 4770 5
816 4719 856 4769 ed.
872 4722 948 4769 Bonn.
964 4732 1009 4783 ρτο
1023 4718 1093 4768 annis
1110 4718 1210 4782 triginta
1221 4719 1247 4767 et
1254 4716 1356 4766 dimidio
1370 4718 1496 4778 computat
1507 4715 1548 4764 δύο
1559 4716 1599 4764 καὶ
1607 4717 1739 4776 τριάκοντα.

138 4782 199 4833 Sec.
214 4783 345 4846 Georgium
356 4786 492 4835 ΡΙιτειιῖεειτ
501 4800 525 4849 p.
535 4791 589 4847 211,
602 4791 630 4836 19
641 4786 680 4837 ed.
688 4788 765 4835 Bonn.
776 4790 884 4838 Μυνε1ετ
898 4788 960 4839 obiit
970 4793 1004 4850 τῷ
1013 4790 1166 4851 Φεθρουαρίῳ
1183 4789 1237 4851 μηνὶ
1255 4792 1298 4836 τοῦ
1312 4786 1394 4850 ‘cM'
1404 4786 1469 4841 ῖτνυς
1490 4785 1557 4844 (1111
1580 4797 1605 4845 μ
1622 4781 1671 4845 0.).
1686 4786 1740 4834 Sec,

143 4852 240 4902 Ducam
263 4866 287 4917 p.
307 4858 360 4915 229,
382 4859 409 4905 10
427 4856 465 4906 ed.
484 4858 561 4905 Bonn.
572 4857 684 4906 ἀπέθανεν
698 4860 793 4923 δευτέρα
810 4864 852 4908 τοῦ
865 4856 1025 4923 Φεθρσυαρῖου
1039 4861 1112 4921 μηνδς
1131 4865 1174 4909 τοῦ
1188 4858 1268 4923 ,cm
1283 4856 1456 4921 (θελκςηνθ).
1476 4853 1612 4905 seadeddin
1626 4868 1651 4917 p.
1669 4860 1713 4905 120
1732 4874 1740 4906 τ

143 4924 236 4980 θυεεΙο
252 4924 386 4975 accidente
398 4938 512 4976 ευεεεειε
521 4925 610 4975 λἀνιιιο
623 4930 747 4988 05511151
764 4942 789 4991 p.
803 4928 842 4991 G.)
856 4930 876 4979 11
884 4932 966 4993 primi
979 4930 1051 4981 della
1068 4929 1133 4980 ἰννα
1144 4928 1310 4979 Μιιλατνεινι.
1327 4954 1357 4965 ·-
1371 4926 1454 4975 Primo
1466 4924 1516 4974 diei
1525 4924 1617 4973 mensis
1628 4923 1740 4975 Μυῖαν·

143 5006 200 5043 τετυ
214 4995 237 5053 (2
250 4995 320 5045 Febr.
337 4996 406 5059 1101)
417 5000 522 5046 mortem
540 4996 644 5047 Muratis
657 4996 764 5060 assignat
777 5000 901 5050 Hammer.
920 5000 938 5051 l.
954 5000 972 5051 Ι.
985 5005 1005 5061 1,
1025 5014 1051 5065 ρ.
1068 5006 1127 5061 005ς
1142 4998 1215 5050 tertio
1234 4999 1343 5060 ejusdem
1355 4996 1448 5046 mensis
1466 4994 1506 5045 die
1526 4994 1578 5046 sive
1592 4994 1633 5046 die
1655 4996 1741 5059 quinto

142 5062 269 5114 Febmarii
283 5078 365 5129 regem
375 5069 501 5116 mortuum
512 5078 566 5116 esse
575 5066 647 5130 vulgo
655 5066 729 5129 tradi,
739 5081 788 5117 non
795 5070 925 5120 nominatis
937 5070 1057 5134 lontibus,
1069 5074 1196 5121 εατενεναῐ
1209 5068 1335 5119 Ζῖιιλεῖεειι
1346 5071 1367 5126 1,
1379 5080 1403 5130 p.
1418 5068 1472 5115 79³.
1487 5069 1540 5115 Sec.
1555 5068 1682 5130 Ducamp.
1694 5073 1740 5118 225

143 5134 271 5185 Februarii
279 5136 319 5186 die
327 5135 413 5200 quinto
424 5138 586 5187 Mechemetes
601 5137 730 5201 Magnesiae
742 5151 842 5189 venans
860 5141 955 5191 obitum
967 5141 1045 5205 patri·
1061 5129 1193 5205 οοιιῖρετῖες
1208 5139 1274 5190 iflico
1289 5136 1412 5202 λίεςιιεαῖα
1424 5136 1551 5201 protectus
1565 5136 1641 5188 biduo
1655 5138 1741 5189 ἰθυετε
