3809 5859
221 308 279 367 {88

220 434 282 498 οίινς
304 432 520 500 καταδάλλσντας
540 431 638 514 φόρον,
652 432 701 504 τήν
721 431 750 491 δὲ
773 430 895 513 δευτέραν
917 430 991 503 αἰπή-

219 524 339 600 γαγεν-ἐν
360 519 636 591 Κιυνσταντινουπόλει
659 519 706 579 καὶ
725 519 873 600 κατῴκισε,
891 518 940 590 τήν
964 518 992 577 δὲ

218 609 308 689 τρίτην
323 608 516 687 άνδραποδίσας
529 608 636 667 διέδωκε
647 616 701 673 τοῖς
712 606 901 686 στρατιώταις·
914 606 992 679 ὅσους

219 696 247 757 δέ
266 688 324 775 εθρε
340 696 513 775 μισθοφόρους
535 700 588 755 τῶν
605 695 715 757 Ἰταλῶν
740 697 768 755 ἐν
789 696 871 773 αὐτῇ,
892 692 994 760 πάντας

219 784 363 843 ἀπέκτεινε.
406 784 456 865 (τε)
467 784 537 845 Τδδ
523 783 638 845 oio*
604 808 638 864 τη
656 782 729 863 νήσιρ
741 782 810 841 ἄλλα
824 780 934 863 φρούρια
947 782 993 841 καί

218 870 411 948 πολίσματα’
382 895 440 933 τοτε
456 872 503 949 μίν
518 872 591 931 είασε
603 849 717 979 μένειν“
702 892 763 938 ωςι
750 860 876 950 εἶχεπρδς
887 870 992 949 καιρόν·

219 962 287 1069 oxy&
299 961 326 1021 δὲ
342 964 426 1020 ταῦτα
439 959 486 1020 καί
499 983 557 1019 τινα
572 958 670 1024 τούτων
685 957 767 1027 ἐξεῖλε
782 981 828 1016 και
817 958 993 1037 κατέσκαψε

219 1070 265 1107 και
279 1047 341 1115 τοὺς
363 1048 459 1129 ἄνδρας
472 1047 518 1112 καί
532 1048 631 1114 παῖδας
653 1047 699 1105 καὶ
713 1054 838 1123 γυναῖκας
857 1045 991 1128 ἀπῴκισεν

219 1137 245 1193 ἐν
256 1133 541 1196 Κώνσταντινυυπόλει.
583 1135 632 1215 (τι)
644 1132 725 1197 Οὔτοι
735 1127 764 1193 δδ
772 1132 869 1200 διαθιις
880 1106 914 1192 τά
922 1132 992 1191 κατλ

219 1224 267 1295 τιὴ
288 1223 443 1299 Μιτυλήνην
459 1246 505 1283 και
530 1222 577 1295 τήν
601 1222 704 1286 Δέσόον
720 1222 854 1282 θπασανθ
877 1224 991 1300 Μαχσυ·

220 1311 334 1387 μσύτης,
355 1311 402 1371 καὶ
426 1310 540 1393 φρουρθν
567 1303 661 1383 ἱκανήν
683 1308 943 1419 ἐγκρταστήσας
908 1333 941 1388 τη
949 1332 1006 1418 τε,

219 1399 296 1459 πόλει
309 1400 410 1462 καλ”
367 1424 421 1467 τοις
438 1398 527 1467 άλλοις
539 1398 682 1479 φρουρίοις,
697 1421 742 1456 και
756 1397 895 1476 σατράπην
908 1394 991 1501 ταύτης

220 1487 374 1546 καταλιπὼν
390 1488 531 1567 ἄνδρα
495 1511 548 1545 τιον
571 1488 724 1564 ὀνομαστῶν
747 1484 810 1565 παρ’
833 1486 921 1551 αὐτοῖς
943 1481 991 1539 καί

218 1576 437 1655 πάνυγνωρίμυιν
447 1576 489 1634 ἐπ’
497 1542 651 1655 άνδρείοριίαι
661 1572 991 1683 στριιτηγίορκαλτῇλοιιγίξΙ

219 1664 299 1742 αἰρετῇ
314 1664 416 1739 Σάμιον
431 1661 509 1734 Ἀλήν
526 1664 660 1739 τοῦνομα,
679 1665 833 1741 περαιοῦται
847 1658 941 1719 σιτί’
912 1681 990 1725 αυτος

219 1753 244 1817 ἐς
259 1748 380 1828 βασιλέα.
406 1750 451 1829 (ιι)
491 1753 528 1820 Οί
543 1748 571 1808 δλ
595 1754 639 1807 τού
654 1747 748 1807 στόλου
761 1746 886 1826 ἡγιμόνες
905 1770 993 1825 παρα-

217 1838 341 1904 λαύόντες
355 1843 414 1916 μεθ’
434 1840 535 1898 ἑαυτῶν
555 1837 599 1897 τόν
619 1860 646 1896 τε
662 1834 783 1897 Λεσόίων
807 1834 925 1915 ἄρχοντα
945 1834 992 1893 καί

219 1926 320 1994 πάντας
344 1925 404 1995 τοὺς
425 1927 468 1999 ξὺν
492 1928 565 2006 αύτῷ
581 1926 641 1993 τούς
660 1949 689 1984 τε
713 1924 809 2003 ἄνδρας
829 1924 874 1982 καί
896 1924 993 1990 παῖδας

205 2014 266 2073 ’καί
290 2017 418 2092 γυναῖκας
441 2018 530 2095 σφῶν,
553 2012 612 2079 τοθς
634 2013 679 2071 ἐπὶ
701 2010 858 2089 ξυνοικισμῶ
875 2014 922 2081 τῆς
945 2011 994 2068 πό·

221 2104 303 2178 λειυς,
318 2102 365 2162 καί
385 2102 457 2163 λιίιιν
479 2102 521 2161 ότι
534 2101 662 2173 πλείστην
685 2100 769 2176 ἄλλην
784 2098 916 2175 ἐνθέμενοι
936 2106 992 2165 ταῖς

219 2190 327 2261 ναυσὶν,
355 2192 522 2251 ἀπέπλευσαν
545 2187 589 2249 ἐπ’
607 2190 679 2249 οἶκον
704 2188 730 2255 ἐς
751 2211 780 2247 τε
798 2186 993 2249 ίίαλλιούπολιν

222 2279 268 2336 καί
288 2276 446 2353 Βυζάντιον,
470 2300 516 2335 και
505 2275 651 2335 διέλυσαν
663 2274 707 2335 τδν
719 2276 822 2336 στόλον.
845 2273 892 2354 (n)
907 2276 994 2334 Βασι-

219 2364 279 2432 λεθς
305 2364 334 2423 δέ
357 2365 405 2439 τὴν
430 2364 556 2473 στρατιθγ
579 2363 694 2444 διαφεὶς,
715 2362 791 2429 αθτδς
814 2360 856 2431 ξδν
881 2365 914 2439 τῇ
939 2361 994 2441 ίδίφ

220 2454 304 2531 αύλῇ,
327 2444 494 2533 φθινοπώρου
512 2450 644 2531 φθίνοντος
658 2451 754 2535 ήδη,’
739 2452 886 2532 αρικνιῖται
910 2450 985 2517 ἐς
961 2473 992 2509 το

224 2541 375 2609 Βυζάντιον.
396 2541 453 2603 Και
466 2540 662 2615 ἐύδομηκοστδν
682 2540 739 2607 ἔτος
759 2541 824 2619 πρὸς
842 2547 897 2604 τοῖς
915 2542 990 2599 ἐννα-

221 2628 319 2695 κοσίοις
341 2652 370 2688 τε
389 2629 436 2687 καί
455 2628 642 2709 ἑξακισχιλίοις
654 2635 707 2693 τοῖς
725 2626 793 2693 θλσις
810 2627 917 2699 ἠνύετο,
936 2626 994 2685 δεύ-

219 2740 293 2796 τερον
311 2720 339 2777 δὲ
359 2718 405 2776 καλ
418 2716 575 2777 δέκατον
541 2740 589 2785 της
602 2719 736 2796 λρχης
700 2740 739 2775 τιν
757 2718 871 2789 βασιλεῖ.

558 366 562 375 ,
613 299 815 370 οιοιοιιιιιι
833 299 1189 377 ιιιειυιιιιιιυιιι,.ιι,ιι.
1211 302 1260 377 ιν,
1283 304 1386 371 ιο-ιο.

1900 262 1901 325 ί

1900 328 1901 387 ί

1049 431 1147 511 γλρτλ
1161 432 1282 511 ξύνεγγυς
1292 432 1338 491 καί
1350 432 1412 511 περὶ
1424 430 1504 505 αὐτὴν
1510 431 1590 543 ἔρχι
1602 429 1740 537 κατήκοα,
1762 430 1836 489 dm

1049 542 1095 578 και
1085 518 1189 599 Συρία
1200 528 1274 578 πᾶσα
1287 543 1332 578 και
1322 519 1520 597 1Ἀίγυιιτος
1489 520 1573 591 αυτήν
1586 517 1680 579 ἐδεδίει
1692 541 1742 577 και
1754 519 1839 629 φάρσγ
1900 518 1901 537 ’

1049 608 1151 680 ἐτήσιον
1161 599 1321 685 κατέόαλε,
1315 613 1407 667 μισθοῦ
1417 607 1464 679 τήν
1478 608 1586 689 εἰρήνην
1598 607 1743 683 ὠνουμένη
1755 606 1836 683 παρὰ

1047 696 1373 776 τσυταύτηςκρατούντος·
1383 696 1489 757 ναυτικά
1488 720 1541 755 ντε
1550 686 1669 777 γλρείχε
1678 720 1729 754 και
1716 694 1835 803 ἔτρεφε

1047 784 1125 860 λογον
1137 783 1222 857 ἄξιον
1236 784 1282 843 καί
1299 807 1412 864 τριηρεις
1424 784 1548 859 lxxx-xyro
1558 783 1705 855 πλείστας,
1718 782 1818 851 τλςε
1786 808 1835 861 μεν
1900 770 1901 841 ί

1046 870 1222 949 πλοίμους,
1196 896 1241 937 τας
1256 873 1344 951 εικαι
1333 872 1384 932 ἐν
1397 896 1522 951 νεωριοις,
1537 864 1605 931 δι’
1585 897 1623 932 ων
1637 875 1669 933 08
1687 871 1771 949 μόνον
1785 871 1835 942 τήν
1900 852 1901 939 8

1046 982 1097 1019 κατ
1096 960 1196 1033 ἀὐτὴν
1207 961 1352 1031 θάλασσαν,
1366 960 1434 1021 σἰλλλ
1444 958 1490 1019 καί
1498 957 1547 1031 τήν
1560 963 1621 1020 κατ’
1631 960 1777 1037 Αἴγυπτον
1787 962 1835 1019 καὶ
1900 954 1901 993 8

1047 1049 1145 1127 Συρίαν
1159 1048 1205 1108 καί
1217 1046 1249 1120 δή
1265 1049 1310 1107 καὶ
1324 1047 1426 1119 Διόύην
1442 1039 1497 1127 εἶχε
1511 1046 1719 1125 δουλωσαμένη·
1733 1055 1829 1106 πᾶσαν
1900 1054 1901 1059 ’

1045 1135 1096 1215 γλρ
1118 1136 1199 1208 αύτὴν
1222 1135 1337 1207 ἐληίζετο
1344 1136 1398 1201 ,καί
1418 1136 1520 1216 ἐπόρθει
1537 1136 1691 1214 λῃστείαις,
1717 1136 1790 1204 ἕως,
1809 1138 1835 1203 ἐς
1900 1160 1901 1219 j

1045 1223 1103 1290 τοὺς
1121 1222 1147 1293 ἐξ
1162 1222 1313 1283 ἐκείνου
1280 1247 1327 1295 της
1345 1226 1430 1331 ἀργῆς
1450 1224 1650 1302 μεταπισούσης
1671 1224 1748 1285 κατὰ
1769 1214 1834 1282 δια-

1046 1309 1127 1391 δοχὴν
1153 1312 1200 1371 καί
1223 1310 1292 1370 κατθι
1319 1335 1383 1393 μικρ
1384 1333 1413 1370 ον
1438 1312 1632 1390 ἐλαττουμένης
1652 1316 1696 1371 τῶ
1721 1310 1831 1392 χρόνον,

1046 1402 1097 1457 τῶν
1119 1418 1148 1458 τε
1167 1404 1212 1457 τοῦ
1228 1398 1357 1477 βασιλέως
1370 1399 1521 1478 προγόνων,
1537 1400 1606 1457 θλλλ
1628 1399 1661 1469 δή
1644 1399 1731 1469 ήκαι
1749 1399 1833 1457 αὐτοῦ

1045 1509 1092 1546 του
1075 1484 1277 1595 “βασιλέιγς,
1252 1508 1283 1545 το
1292 1484 1387 1563 κράτος
1396 1486 1492 1558 ήδη
1459 1508 1506 1559 της
1520 1486 1615 1545 καθ’ε
1586 1511 1619 1546 αν
1621 1510 1684 1553 τους
1693 1476 1835 1553 θαλάσσης

1046 1596 1163 1683 σχρντιιν
1174 1596 1220 1633 και
1230 1574 1318 1634 πάντα
1330 1572 1363 1633 τδι
1375 1574 1458 1651 ταύτῃ
1472 1574 1698 1652 δουλωσαμένσιν,
1710 1568 1833 1645 κατέστη

1047 1748 1125 1831 φόρου
1137 1748 1267 1819 θποτελής
1280 1770 1326 1808 και
1338 1772 1382 1808 νυν
1395 1748 1527 1821 ἐδουλώθη
1539 1748 1656 1815 τελειως.
1673 1746 1737 1815 Καὶ
1749 1772 1834 1807 ταυτα

1047 1834 1094 1911 μὲν
1107 1834 1186 1896 ούτυι.

1087 1922 1162 1984 xlv.
1180 1922 1310 1991 Βασιλεὺς
1331 1924 1400 1983 δὲ
1372 1948 1421 1992 την
1436 1924 1639 1986 Κωνσταντίνοσ
1663 1924 1833 1983 καταλαὸὼν

1047 2011 1241 2081 Μιτυληναίους
1257 2010 1304 2087 μλν
1327 2014 1354 2071 ἐν
1371 2011 1462 2071 ἐνθ’
1426 2034 1506 2093 χώρῳ
1520 2012 1671 2081 καθέζετ’·
1635 2036 1687 2085 της
1707 2012 1828 2125 πφλεως,

1047 2096 1149 2163 λοίπ’
1119 2102 1205 2158 αυτῶν
1222 2107 1275 2166 τοῖς
1285 2098 1339 2203 μίν
1352 2100 1450 2174 οἰκίας,
1466 2104 1520 2166 τοῖς
1509 2100 1610 2159 δὲ’
1571 2123 1658 2179 χώραν
1679 2099 1743 2159 κατ’
1757 2103 1828 2158 οἷκο·

1047 2185 1172 2293 δομλγν
1146 2209 1241 2265 οικυιν,
1257 2188 1310 2253 τοῖς
1325 2187 1432 2247 ἐαλλο
1444 2212 1470 2246 τι
1486 2178 1523 2246 ῶν
1539 2186 1668 2268 ἔχρῃζον·
1685 2190 1830 2265 Νικαρέζαι

1048 2274 1112 2331 δί’
1089 2298 1133 2333 τον
1149 2274 1249 2335 τούτων
1264 2275 1426 2354 ἡγεμόνα’
1396 2299 1453 2335 τοτε
1467 2275 1514 2351 μὲν
1529 2276 1648 2356 καθεῖρξε
1661 2277 1691 2335 ἐν
1706 2278 1828 2356 φυλακῇ,

1048 2385 1111 2441 μικρ
1113 2361 1184 2421 δνδὲ
1195 2362 1341 2471 ύατιρογ’
1326 2364 1461 2423 απέκτεινε
1476 2363 1508 2422 δι’
1523 2364 1619 2428 αἰτίας.
1640 2362 1727 2429 λύτδς
1715 2364 1766 2423 δέ
1780 2388 1827 2422 κε-

1047 2448 1150 2509 λεύει.
1127 2449 1250 2529 τοτάχσς
1263 2450 1329 2528 πρὸς
1343 2473 1412 2517 ταις.
1414 2449 1504 2518 οὔσαις
1518 2450 1598 2510 ναυσί
1611 2452 1650 2509 καί
1664 2450 1825 2528 έτέραςοδκ

1048 2536 1138 2613 δλίγας
1152 2543 1361 2616 ναυπηγεῖσθαι,
1378 2536 1424 2597 καί
1439 2536 1562 2597 ναυτικθν
1575 2538 1681 2615 ἐκλέγειν
1693 2540 1735 2596 δτι
1745 2537 1822 2597 πολὺ

1045 2648 1066 2682 π
1068 2647 1110 2701 ρος
1127 2626 1224 2698 ταύτην
1237 2626 1336 2684 κάλ’
1301 2650 1384 2702 μονην
1400 2626 1478 2697 τήν’
1468 2646 1540 2705 οπηρ
1541 2626 1615 2685 εσίαν
1634 2625 1836 2733 ἰκτεταγμένσγ-

1044 2715 1074 2771 ἐκ
1100 2714 1188 2784 πάσης
1218 2737 1264 2781 της
1288 2716 1375 2774 αὐτοῦ.
1419 2713 1451 2793 (ν)
1467 2716 1524 2783 Τῆς
1553 2715 1605 2793 γδρ
1630 2716 1766 2821 θαλάτρης
1795 2740 1830 2773 τσ

258 2804 339 2866 ΧΙΙΙ.
357 2804 511 2871 Λέ“σθ’σς
480 2828 528 2879 μεν
542 2795 587 2865 σύν
610 2804 693 2871 οτως
706 2803 757 2862 ύπδ
770 2802 900 2869 δασιλέιος
922 2805 992 2862 ἰάλω
1043 2800 1137 2879 κράτος
1151 2801 1220 2909 μέγα
1233 2805 1315 2881 δρῶν,
1329 2802 1375 2861 καὶ
1391 2802 1485 2861 τδτῶν
1499 2802 1610 2864 Ἰταλῶν
1625 2826 1749 2863 ναυτικσν
1761 2804 1832 2887 πολιν

219 2891 265 2950 καί
287 2892 447 2965 Μιτυλήνη,
466 2890 621 2972 χρόνουςήδ
622 2916 638 2962 η
653 2890 815 2961 πεντήκοντα
835 2888 881 2948 καλ
896 2889 991 2949 ἑκατὸν

219 2981 313 3047 ἐντοῖς
326 2980 468 3055 καθήμθς
483 2980 571 3040 τοῖσδε
591 2986 691 3057 καιροῖς
704 2976 944 3055 ἐνενδαιμονήσασά
963 3000 992 3037 τε

1046 2888 1073 2948 δν
1095 2890 1141 2949 καί
1154 2891 1252 2963 ταύτης
1266 2894 1439 2971 ἐπικρατοῦν,
1451 2894 1503 2950 τῶν
1518 2914 1547 2950 τε
1562 2894 1589 2949 ἐν
1611 2890 1773 2971 λίγαίιμ’
1738 2916 1828 2962 xxm

1044 2976 1154 3037 ἁπασῶν
1169 2979 1250 3057 ἄρχον
1273 2980 1319 3038 και
1335 2977 1452 3057 βλάπτον
1466 2977 1514 3050 τήν
1532 2982 1613 3039 αὑτοῦ
1634 2978 1822 3058 παραλίαν’
1798 3002 1827 3037 ου

221 3092 267 3127 και
257 3068 321 3127 ἐπὶ
331 3068 399 3147 μέγα
409 3068 484 3138 δοίης
491 3072 599 3148 άρθεισα
605 3066 650 3128 καί
660 3065 992 3139 δυναστείαςκιιιπλούτσυ,
1047 3070 1160 3175 ’μικρῶξι
1175 3066 1297 3136 λαιανήν
1311 3090 1340 3126 τε
1351 3067 1405 3125 καί
1399 3067 1585 3149 Εὐρωπαίαιν,
1598 3091 1647 3125 και
1636 3066 1784 3143 μάλιστα
1796 3066 1825 3137 δή

220 3156 247 3223 ἐς
258 3156 317 3216 θτου
330 3156 397 3227 88
373 3180 404 3215 το
414 3180 518 3235 πρῶτον
529 3156 592 3236 ἐσχε
608 3179 708 3227 ταυτην
718 3154 793 3235 παρλ
801 3179 848 3214 του
831 3154 993 3234 ’βασιλέως
1047 3154 1076 3213 τθ
1107 3156 1158 3213 τῶν
1184 3154 1316 3229 Ἐνετῶν,
1344 3154 1465 3215 ἐύούλιτσ
1489 3179 1566 3215 τουτο
1591 3158 1718 3214 κωλύσαι
1738 3154 1831 3233 τρόπον

221 3244 364 3321 Ῥωμαίων
380 3247 406 3311 ἐς
420 3243 489 3305 ἰδίαν
501 3244 585 3323 ἀργήν
607 3246 676 3305 Νικο
678 3242 748 3322 ρέξος
762 3246 993 3355 ἐκεῖνρςθπρῶτσς
1044 3244 1141 3318 παντί,
1156 3242 1201 3300 καὶ
1225 3200 1362 3319 ξυμπάσης
1386 3244 1453 3317 μὲν,
1473 3243 1498 3357 τί
1517 3266 1547 3351 γε
1567 3242 1677 3302 δύναιτο
1687 3248 1766 3319 ,τῆς
1779 3248 1828 3301 θα-

221 3331 418 3409 Γατιλιούζων,
443 3334 510 3407 ἀνὴρ
524 3330 627 3399 Ἰταλδς
651 3332 697 3389 καί
717 3334 768 3389 τῶν
784 3322 814 3391 ευ
828 3326 991 3439 γιγρνότων·
1044 3330 1145 3403 λύσσης
1166 3333 1298 3443 ἐγκρατῶς
1322 3330 1414 3411 άρ,ξαι
1432 3332 1482 3390 είδ
1483 3331 1552 3403 ὀύ,
1565 3330 1681 3397 ἐκείνους
1704 3333 1827 3389 κωλῦσαι

218 3420 254 3497 (ο)
296 3418 403 3497 θςαγαν
415 3418 516 3488 ξυνετο,
505 3418 563 3478 ὢν
574 3442 622 3479 και
610 3418 840 3496 πεπαιδευμινος
851 3441 896 3479 και
886 3420 993 3499 ψυγις
1044 3419 1199 3564 κακουργεῖν
1220 3419 1268 3489 τὴν
1292 3424 1378 3478 αθτσυ.
1402 3420 1455 3479 Διά
1477 3442 1518 3478 τοι
1543 3424 1622 3479 τοῦτο
1646 3418 1778 3478 ναυτικόν
1797 3442 1826 3476 τε

218 3507 337 3588 ἀνδρείαν
357 3510 476 3567 πλουτῶν
496 3516 550 3573 τοῖς
565 3530 594 3567 τε
609 3508 699 3574 ἄλλοις
713 3506 833 3565 κατδι
796 3528 875 3583 σῶμα
895 3528 991 3584 προτε·
1044 3505 1153 3564 ἔσπευδε
1176 3504 1353 3577 ξυστήσασθαι
1383 3507 1452 3585 μέγα
1479 3531 1525 3565 και
1552 3510 1598 3577 τῆς
1633 3504 1820 3578 θαλάσσηξ
1797 3530 1829 3565 το

219 3598 320 3673 ρήμασι
333 3598 422 3672 κομῶν
437 3595 483 3655 καί
497 3597 585 3663 καλῶς
598 3595 673 3663 εἰδὼς
693 3594 788 3675 ἄριστοι
802 3592 849 3665 καί
862 3596 991 3653 κάλλιστα
1044 3593 1137 3675 κράτος
1152 3596 1236 3673 σχεῖν.
1279 3592 1312 3675 (ι)
1325 3595 1402 3655 Μετλ
1417 3594 1445 3653 δὲ
1464 3600 1542 3654 τοῦτο
1557 3593 1644 3661 ἔδοξεν
1658 3597 1737 3674 αὐτῷ
1761 3618 1822 3653 σεο·

218 3682 316 3743 διέπειν
338 3682 439 3763 ἀρχὴν,
460 3685 486 3750 ἐς
510 3689 633 3744 τοσοῦτον
653 3683 739 3752 αύτήν
762 3684 844 3761 ἐπῇρε
869 3686 914 3741 καὶ
937 3690 992 3749 τοῖς
1044 3682 1166 3789 πριαμένῳ
1179 3681 1318 3762 κράτιστον
1337 3674 1402 3741 εἶναι
1416 3685 1461 3743 καὶ
1475 3686 1527 3741 τῶν
1542 3682 1644 3763 σφόδρα
1664 3684 1824 3758 ἀναγκαίαν

218 3772 315 3838 θ’λοις’
300 3772 417 3852 απέφηνι
432 3772 542 3851 κρείττω
555 3780 612 3839 ταῖς
628 3794 683 3850 παρ
684 3774 798 3831 ’ἑαυτοῦ
812 3769 880 3830 κατλ
899 3768 991 3849 μικρὸν
1044 3770 1132 3829 τόντε
1156 3774 1201 3828 τοῦ
1223 3769 1419 3842 Ἑλλησπόντου
1442 3770 1487 3830 καὶ
1510 3770 1682 3851 Χερρονήσου
1705 3771 1826 3849 πορθμον

219 3860 350 3918 ἐπιδόσεσι
364 3860 442 3919 καίπ
445 3859 626 3937 pooflxixxtc,‘
612 3860 975 3965 ωςόιμιλληθηναισγεδδγ
964 3882 989 3917 εν
1044 3858 1225 3969 φρουρίοιςρ
1197 3861 1380 3935 ἐρυμνοτάτοις
1401 3858 1534 3918 διαλαθεῖν
1563 3862 1611 3917 §xx
1614 3858 1746 3937 τέρωθεν,
1773 3860 1818 3917 καὶ

218 3956 274 4005 τιατ
277 3952 332 4026 ιτῇ
349 3951 452 4029 παλαιά
466 3946 562 4021 ταύτης
584 3948 748 4029 εὐδαιμονία.
795 3951 827 4025 (o)
795 3949 888 4023 (08
911 3948 989 4019 μόνον
1044 3944 1088 4011 τδις
1121 3946 1244 4025 ἠπείρους
1278 3944 1427 4026 ἀμφοτέρας
1457 3946 1581 4027 ξυνάψαι,
1605 3946 1699 4025 Ἀσίαν
1727 3970 1757 4005 τε
1783 3970 1829 4003 και

1047 1660 1092 1719 καὶ
1112 1659 1180 1733 αὕτη
1203 1660 1273 1737 μετὰ
1302 1663 1354 1718 τῶν
1377 1662 1464 1720 ἄλλων
1487 1668 1616 1733 κατήκοος
1641 1662 1756 1739 βασιλεῖ
1789 1659 1834 1719 και

1900 2306 1901 2343 8

1900 2346 1901 2431 8

1900 3150 1901 3213 8

1900 3228 1901 3259 8

216 4167 295 4232 λιοοίφ
312 4170 430 4230 παραδούς
450 4168 579 4233 ίοτθήί-
592 4168 607 4232 §
620 4173 657 4219 11.
674 4170 761 4232 Σάμιον
777 4166 856 4231 Ἆλήν]
872 4166 1033 4219 θίιοίσοοοοθ.
1045 4180 1070 4229 p.
1087 4171 1141 4227 526,
1157 4172 1184 4218 17
1209 4168 1392 4231 ιίγκαθίατη...
1409 4170 1511 4232 ἄρχοντα
1530 4169 1608 4217 αὐτῶν
1623 4172 1667 4217 τοῦ
1687 4167 1830 4228 &oxia-

218 4239 305 4298 παῖδα,
318 4240 390 4299 ἄνδρα
402 4238 531 4301 ἐπίσημον,
543 4240 571 4290 ού
583 4242 622 4289 τὸν
633 4242 724 4300 πατέρα
740 4240 764 4289 θν
782 4244 833 4295 ταῖς
849 4240 966 4300 βασιλέως
984 4239 1062 4301 θύραις
1090 4238 1188 4287 ἀκούειν
1207 4240 1357 4296 δικαιοσύνης
1376 4240 1471 4303 ἄριστον
1483 4240 1630 4300 ἐπυθόμεθα,
1643 4240 1686 4286 καὶ
1705 4238 1776 4293 δίκας
1795 4236 1827 4287 ἃ·

222 4308 330 4356 κάταντα
350 4309 445 4370 ἄριστον
463 4310 557 4358 πάντων
572 4312 601 4367 δὴ
619 4309 653 4358 ὧν
666 4314 733 4374 ἡμεῖς
741 4314 820 4373 ταμεν.
838 4307 869 4359 Ni
879 4307 960 4371 fallor,
980 4320 1069 4357 nornen
1085 4307 1133 4356 viri
1149 4311 1203 4358 tum
1221 4307 1285 4372 apud
1303 4309 1459 4360 critobulum
1479 4314 1532 4359 tom
1551 4305 1616 4372 apud
1636 4306 1826 4369 chalooeoudy·

220 4376 271 4428 loro
285 4383 429 4443 corruptum
443 4382 490 4429 ost.
509 4382 536 4431 ln
552 4380 679 4431 Critobulo
690 4380 859 4445 corrigendum
873 4378 948 4428 fuerit
961 4378 1088 4441 Βισιάμιον
1103 4380 1182 4438 Ἀλὴν,
1194 4378 1260 4442 apud
1273 4378 1429 4429 οθιι1ο.νοτυ
1442 4400 1448 4429 ι
1462 4380 1566 4442 ἄρχοντα
1576 4381 1655 4429 αὐτῶν
1667 4378 1678 4443 [
1689 4377 1777 4443 Ἀλὴν]
1788 4396 1826 4427 ταν

221 4449 396 4513 Βεσιαμιάτεω.
416 4450 591 4513 lntelligendus
614 4453 656 4501 xo·
671 4445 798 4511 Βεείαιιιί,
811 4451 851 4499 vir
861 4449 925 4513 jun‘s
938 4449 1090 4513 aliarumque
1108 4450 1265 4501 scientiarum
1283 4450 1420 4515 cognitione
1433 4448 1621 4509 celeberrimus,
1638 4449 1828 4513 ιιιιιΙιοι-ιιιιιιγσε

221 4520 369 4583 scriptorum
393 4525 489 4582 auctor,
506 4523 576 4584 ouJux
594 4524 722 4574 sententio
739 4524 846 4573 innitens
866 4520 1030 4571 Mochemetos
1056 4522 1200 4571 Bosniorum
1220 4533 1304 4583 regom
1321 4524 1408 4571 contra
1424 4520 1508 4571 datam
1530 4534 1545 4569 ε
1564 4520 1729 4569 Μοσίιυιιιοτο
1753 4520 1826 4569 fidem

221 4592 342 4655 supplicio
362 4591 455 4643 offecit.
469 4592 586 4644 Cetemm
602 4594 721 4645 Bextomi
738 4595 836 4644 nomine
848 4606 897 4642 non
908 4594 978 4654 pater
997 4592 1040 4641 sod
1057 4592 1137 4654 patria
1145 4590 1280 4651 indicatum
1300 4590 1393 4640 soilioot
1408 4591 1527 4640 oriundus
1547 4590 1586 4639 vir
1596 4593 1651 4640 ιπεῑ
1661 4604 1678 4639 o
1694 4592 1773 4641 Βεείε
1783 4604 1828 4655 oy=

221 4660 279 4725 pido
292 4666 378 4714 Horat
395 4662 534 4727 provincio.
547 4666 578 4715 V.
590 4664 709 4716 Hammor
721 4671 744 4722 2,
757 4677 781 4728 p.
798 4667 827 4713 77
837 4667 863 4712 ει
876 4667 929 4711 551.
950 4660 962 4725 ΙΙ
973 4661 1030 4725 —§
1046 4668 1081 4711 ιι,
1096 4664 1137 4719 τήν
1156 4658 1280 4723 στρατιὰν]
1292 4674 1356 4725 mgo,
1368 4664 1409 4711 τὸν
1427 4662 1525 4725 στρατόν
1536 4663 1597 4711 text.

257 4734 324 4785 xm.
338 4731 387 4797 §2
403 4730 506 4799 Κομῶν]
516 4746 581 4797 mgo,
595 4735 679 4799 βρίθων
691 4735 752 4785 [ext.
770 4728 782 4796 ίΙ
799 4759 831 4769 -
844 4731 891 4795 θθ.
904 4729 957 4795 νῦν]
975 4744 1039 4791 tngo,
1051 4733 1115 4787 τελος
1126 4734 1187 4782 text.

252 4805 319 4859 xlv.
332 4804 347 4868 §
360 4810 381 4853 1.
397 4800 554 4867 Νικσρέζον...
566 4804 595 4853 δι’
612 4802 768 4869 αἱτίαε]οθ(1.
785 4815 876 4866 margo.
892 4802 928 4853 De
942 4802 1025 4851 causis
1039 4803 1106 4853 necis
1118 4816 1142 4853 ν.
1160 4803 1271 4853 Gholooc.
1283 4816 1308 4867 p.
1329 4808 1383 4854 528.
1402 4806 1412 4868 n
1429 4807 1557 4855 -κελεύει
1572 4806 1748 4867 ναυπηγεῖσθαι
1762 4804 1821 4869 eto}

224 4878 340 4933 chalooo.
353 4888 378 4938 p.
396 4879 451 4934 529,
469 4878 503 4924 6:
518 4877 565 4924 Καὶ
577 4876 617 4925 τὸν
635 4876 676 4937 μὲν
694 4880 801 4938 χειμῶνα
810 4875 819 4937 (
829 4876 903 4933 1462)
923 4874 946 4922 ἐν
968 4875 1084 4937 Βυζαντίῳ
1101 4876 1224 4937 διατρίὸων
1236 4876 1345 4924 ναυτικόν
1362 4892 1388 4925 τε
1402 4878 1538 4938 ἐξηρτύετο,
1559 4878 1600 4925 καὶ
1621 4878 1645 4931 ἐς
1658 4878 1700 4925 τὸν
1714 4878 1821 4929 Εὔξεινον

222 4950 306 5000 πόντον
320 4948 472 5008 ἐναυπηγεῖτο
485 4949 582 5010 τριήρεις
593 4946 653 5006 ἀμφὶ
668 4947 710 5000 τὰς
723 4945 861 5008 τριάκοντα,
873 4946 913 4991 καὶ
925 4945 1058 5007 οἰκοδομῶν
1069 4945 1138 5013 ναούς
1153 4962 1177 4994 τε
1196 4947 1235 4993 ιιτὶ
1248 4946 1358 5008 βασίλεια
1377 4947 1468 4997 ἐπενόει
1479 4948 1521 5005 τήν
1535 4947 1665 5005 Βυζαντίου
1677 4947 1749 4996 πάλιν
1759 4948 1828 4994 αὒτίν

224 5021 256 5072 εὶς
267 5019 297 5066 τὰ
307 5015 406 5067 ντντικὰ
422 5016 532 5079 εὐπορίαν
548 5018 702 5080 παρέξεσθαι,
714 5017 778 5065 ὥστε
791 5015 854 5071 ἄξιον
870 5016 941 5076 λόγου
955 5018 1062 5068 ναυτικὸν
1088 5020 1111 5073 ἐς
1129 5018 1171 5075 τήν
1185 5018 1306 5067 θάλασσαν
1332 5017 1496 5080 ἐξαρτύεσθαι·
1510 5023 1541 5081 τῇ
1551 5018 1596 5079 γάρ
1610 5018 1720 5077 θαλάσση
1734 5018 1822 5077 λογιζό-

224 5106 291 5151 μενος
299 5089 405 5148 εὕρισκεν
417 5089 449 5143 ὡς
462 5088 483 5136 εἰ
495 5087 660 5151 ἐπικρατήσει,
673 5090 729 5148 ῥᾷον
740 5087 805 5150 αύτῷ
823 5088 1004 5149 παααχυιιήαειν
1014 5086 1054 5135 καὶ
1067 5089 1096 5137 τὰ
1109 5092 1155 5137 τῶν
1169 5089 1293 5145 πολεμίων.
1309 5088 1320 5151 ΙΙ
1331 5114 1357 5124 -
1370 5086 1385 5151 §
1400 5096 1422 5138 2.
1436 5090 1476 5136 καὶ
1487 5088 1590 5149 μάλιστα
1602 5090 1630 5136 τὸ
1641 5093 1690 5136 τῶν
1701 5084 1820 5148 Ἐνετῶν]

225 5162 262 5211 ct.
272 5157 383 5213 chalooc.
392 5168 416 5218 p.
427 5162 480 5217 530,
493 5157 531 5205 10,
543 5158 554 5222 γ
566 5183 597 5195 -
606 5158 621 5222 §
630 5159 697 5210 (οὓς
709 5171 735 5207 τε
747 5157 780 5206 cf.
793 5157 877 5208 chalc.
889 5169 914 5219 p.
931 5160 985 5219 529,
998 5161 1026 5206 ιν
1037 5170 1100 5221 sqq..
1115 5161 1239 5209 Ηιιιιιιιοι.
1253 5165 1276 5219 2,
1289 5171 1313 5222 p.
1326 5162 1364 5209 73.
1377 5158 1388 5223 ΙΙ
1406 5159 1518 5211 -Ἆοίιν
1528 5160 1604 5209 τεκαὶ
1619 5155 1822 5222 Εὐρώπςνγεοο.
