3809 5859
808 390 1053 453 FRAGMENTA.
1676 391 1713 465 3⁴7

122 524 148 581 έν
163 518 338 599 Χρυσοπόλει.
363 517 394 598 (7]
409 516 552 597 Ἐξήτησεν
571 509 615 579 σθν
629 523 643 579 ό
658 522 757 587 horse<
778 520 822 579 τὸν
839 546 890 581 πα-

122 609 218 689 τρίκιον
242 606 287 665 τὸν
311 606 481 684 κρατήσαντα
495 606 539 666 τὸν
560 606 674 684 πώγωνα
692 610 771 667 αὐτοῦ
784 606 869 686 λέγων
878 624 890 647 ‘³

122 726 135 750 ι
153 697 243 777 φέρετε
266 694 310 755 τὀν
335 696 404 753 τατοί
418 716 484 771 μου,
499 720 511 747 ν
524 695 568 753 καί
593 696 782 776 ἀπεκεφάλισεν
800 698 889 757 αὐτόν.

120 774 250 855 Ἔστειθεν
262 764 305 833 οθν
321 773 365 833 τὸν
386 776 487 834 doum
505 774 635 853 ίίυριακὸς
649 778 663 832 ό
677 774 841 854 πατριάρχης
855 780 891 844 εἰς

122 863 165 923 τὸν
182 864 255 943 ἅγιον
270 860 397 933 ’ίωιίννην
412 864 448 929 είς
463 854 493 919 τό
505 856 652 937 Ἕόδομον.
672 851 722 921 Ἦν
734 863 762 921 δέ
775 866 812 942 τῷ
824 864 892 939 γένει

121 951 198 1033 Θρᾷξ
213 954 277 1009 ἐτῶν
291 950 341 1021 νε’,
354 939 408 1027 ε’ίχε
424 946 451 1006 δέ
466 950 576 1025 γυναῖκα
590 947 714 1007 Λεοντίαν
731 949 776 1007 καί
790 952 891 1029 μητέρα

122 1043 167 1100 καὶ
191 1038 319 1119 θυγατέρα
343 1036 502 1113 Δομενζίαν,
517 1036 562 1095 καί
588 1036 754 1097 έόαοιλευσεν
780 1038 825 1108 ἔτη
850 1039 887 1111 η’.

120 1128 157 1208 (ε)
168 1128 221 1188 Καί
234 1124 338 1204 ἔκραξεν
353 1122 891 1205 όδῆμοςέντῷίπποδρομίῳ·ιθίαυρίκιος

120 1218 168 1275 οὐκ
189 1212 317 1289 ἀπέθανε,
338 1213 404 1288 μάθε
431 1208 479 1281 τὴν
501 1209 662 1281 ἀλήθειαν».
683 1210 737 1271 Καί
757 1212 891 1271 ἐκέλευσεν

122 1304 297 1381 ἀπενεχθῆναι
317 1297 463 1377 Μαυρίκιον
482 1296 528 1355 καὶ
547 1295 678 1357 τὰτέκνα
699 1298 778 1357 αὐτοῦ
794 1302 829 1366 εἷς
846 1298 890 1357 τόν

123 1392 213 1467 μῶλον
227 1388 270 1449 τόν
285 1385 432 1466 Εὖτροπίου
444 1383 489 1445 καλ
505 1388 706 1459 ἀποκτανθῆναι

416 1568 588 1645 [nonin]

946 523 1056 595 ἐξήτασε
1074 526 1135 592 τοὺς
1147 529 1317 607 γραμμιστδις
1331 531 1376 591 καί
1391 532 1450 603 τσθς
1464 533 1584 613 πρώτους
1597 540 1650 594 τῶν
1669 560 1716 612 με·

947 616 1008 691 ρῶν.
1019 644 1061 658 -
1075 614 1109 690 (ε)
1126 614 1161 674 ‘0
1180 615 1208 674 δέ
1230 618 1349 697 γαμόρδς
1369 622 1447 679 αὐτοῦ
1464 622 1578 701 Πρίσκος
1592 623 1715 704 [ἔγραψεν

946 700 1011 777 πρὸς
1025 699 1181 780 Ἦροίκλειον
1200 705 1243 764 τὸν
1258 708 1396 785 πατρίκιον
1410 708 1456 767 καί
1471 710 1617 788 στρατηγόν
1632 711 1716 791 Ἀρρι·

946 789 1019 865 κῆς,]
1034 787 1102 848 ὥστε
1119 795 1272 851 ἀποστεῖλαι
1286 793 1442 871 Ἡράκλειον
1454 795 1498 855 τὸν
1510 797 1565 855 υίθν
1579 800 1659 857 αὐτοῦ
1670 799 1716 857 καί

947 876 1065 945 Νικήταν
1079 875 1123 934 τόν
1138 877 1192 935 υίδν
1213 882 1336 959 Γρηγορᾶ
1348 888 1395 941 τοῦ
1411 886 1610 963 θποστρατήγου
1622 888 1713 961 αθτοίί,

946 964 1150 1043 ὑπισχνούμενος
1164 968 1249 1044 αὐτοῖς
1257 969 1406 1046 προδιδόναι
1420 974 1536 1031 Φωκόίν·
1547 973 1656 1044 ἠκούετο
1665 973 1717 1053 γὰρ

946 1048 987 1108 ὅτι
1001 1058 1214 1131 καταστρατηγεῖ
1225 1058 1324 1117 Φωκᾶ.
1346 1059 1380 1135 (ο)
1395 1060 1430 1118 0i
1446 1057 1473 1117 δέ
1489 1058 1617 1139 Πραίσινοι
1634 1063 1661 1118 ἐν
1673 1064 1717 1118 ἱπ-

945 1140 1076 1222 ποδρομίᾳ
1090 1142 1178 1221 ἔλεγον
1192 1142 1256 1223 πρὸς
1270 1147 1385 1205 densi·
1397 1174 1409 1199 ι
1422 1148 1502 1209 πόλιν
1514 1152 1549 1214 είς
1562 1148 1607 1207 τὸν
1619 1155 1716 1207 καῦκον

948 1228 1032 1301 ἔπιες,
1054 1231 1133 1289 πόλιν
1156 1230 1201 1289 τὸν
1223 1236 1282 1290 νοῦν
1304 1233 1450 1301 ἀπώλεσας.
1462 1262 1475 1287 ν
1487 1235 1543 1296 Καί
1562 1235 1674 1305 πολλοὺς
1692 1236 1719 1305 ἐξ

948 1316 1035 1374 αὐτῶν
1057 1319 1201 1377 ἀπέκτεινε.
1222 1320 1393 1395 Θυμωθένεες
1415 1325 1439 1382 oi
1458 1322 1585 1404 llpc‘cuos
1604 1322 1719 1385 ἔκαυσαν

946 1403 976 1462 τό
990 1404 1156 1486 πραιτώριον.

1191 1596 1247 1652 αιδ
1269 1596 1290 1653 s.
1313 1596 1470 1680 spoli-Q)
1541 1626 1545 1633 ·

361 1729 417 1787 218
439 1747 466 1811 e.
489 1726 644 1806 (606-608)

988 1782 1054 1845 Ὅτι
1068 1785 1220 1851 ἐπιόούλους
1242 1784 1352 1853 πολλοὺς
1372 1787 1464 1846 ἐπίασι
1485 1790 1585 1856 Φωκθίς
1596 1791 1611 1822 ⁴¹
1626 1790 1678 1849 ίιπό
1690 1814 1718 1850 τε

161 1875 226 1937 Ὀτι
246 1874 358 1946 ποιήσας
382 1877 425 1933 τὸν
448 1876 583 1953 πατρίκιον
610 1874 728 1954 Πρίσκον
755 1876 769 1932 δ
792 1877 892 1941 Φωκόῖς
948 1872 1123 1951 τοῦέποίρχου
1136 1872 1271 1932 αὐτοῦκαὶ
1284 1873 1467 1933 ἄλλων.-ε.
1481 1867 1717 1955 ΚαὶήλθενἩριί-

121 1964 240 2041 γαμόρὸν
257 1962 300 2021 ἐπὶ
317 1963 425 2040 θυγατρί
438 1964 484 2023 καί
500 1964 631 2041 θεωρήσας
651 1964 686 2021 τθι
707 1963 825 2042 λαυροίτα
845 1968 898 2023 τοῦ.
947 1963 1044 2033 κλειος,
1058 1962 1182 2033 δηλωθείς
1204 1960 1278 2040 παρὰ
1300 1966 1345 2020 τοῦ
1368 1960 1485 2041 Πρίσκου
1506 1955 1646 2040 πατρικίου
1657 1968 1719 2045 ,είς

122 2050 243 2129 γαμόροῢ
259 2053 338 2109 αὐτοῦ
359 2060 404 2107 καί
430 2054 472 2121 τῆς
492 2050 634 2129 θυγατρός,
648 2054 683 2119 εἰς
706 2053 782 2119 ζῆλον
807 2052 887 2109 ἐλθών
946 2047 1071 2119 ’λόυδον,
1093 2050 1138 2108 καί
1160 2048 1297 2126 δεξάμενος
1310 2049 1354 2108 τὸν
1374 2050 1479 2122 κόμητα
1493 2049 1601 2110 ’Aelio
1624 2050 1719 2125 ἔμαθεν

121 2238 179 2275 eum
196 2224 292 2275 occidit.
309 2224 473 2274 Theodosium
493 2224 525 2275 ad
540 2224 686 2275 Dindromos
698 2224 732 2289 (in
747 2238 821 2288 quern
835 2225 917 2274 loonm
936 2224 1017 2289 ipsum
1034 2223 1180 2276 Mauritium
1195 2224 1334 2288 confugisse
1346 2226 1454 2274 loannes
1465 2224 1551 2285 tradit)
1564 2226 1720 2276 interiectum

122 2309 179 2345 esse
200 2294 260 2345 dicit
285 2298 372 2344 auctor
398 2292 487 2344 chron.
513 2296 601 2345 Paseh.
616 2308 640 2359 p.
659 2299 713 2345 ⁶94.
730 2296 846 2345 celerino
865 2295 935 2345 addit
947 2294 1147 2356 Theophylactus
1161 2308 1186 2357 p.
1205 2298 1260 2356 sii,
1284 2298 1294 2343 1
1320 2295 1411 2343 lamam
1426 2308 1534 2357 sparsam
1549 2308 1603 2345 esse
1617 2297 1721 2347 Alexan·

123 2364 196 2414 dmm
215 2364 352 2413 Theodosio
364 2364 501 2427 pepercisse
513 2366 639 2427 aliumque
653 2364 775 2428 quendem
788 2367 869 2415 vinum
887 2365 993 2415 similem
1008 2363 1062 2425 eius
1075 2365 1130 2414 loco
1146 2364 1282 2424 occidisse,
1292 2363 1377 2427 ipsum
1390 2378 1451 2414 vero
1462 2365 1638 2427 Theodosium,
1651 2370 1720 2431 post»

120 2448 196 2497 ηυειο
217 2434 285 2483 roris
305 2432 412 2483 orientis
427 2434 481 2488 loca
499 2434 611 2495 adiisset,
632 2434 731 2487 tandem
749 2436 775 2485 in
797 2436 958 2485 harbarorum
977 2434 1132 2485 solitudinem
1149 2435 1287 2497 proiectum
1305 2434 1391 2483 morbo
1406 2434 1550 2485 decessisse.
1569 2436 1598 2484 ‘0
1617 2437 1658 2497 μὲν
1679 2437 1720 2486 οὖν

122 2506 189 2566 λόγος
203 2504 270 2562 οὗτος
282 2504 327 2553 ἀνὰ
339 2508 418 2553 πᾶσαν
430 2504 471 2562 τήν
484 2506 621 2568 οἰκουμένην
634 2508 747 2569 ὄνήχησε,
763 2508 822 2564 πλὴν
836 2508 861 2556 δέ
874 2523 909 2562 τις
921 2505 992 2554 αὐτὸν
1008 2504 1121 2569 βόρδαρος
1132 2504 1273 2560 δπεκθησεν.

152 2575 200 2638 §7.
216 2574 341 2638 Κυριακόν]
354 2577 384 2624 V.
397 2574 538 2638 Theophen.
553 2590 577 2638 p.
585 2580 640 2639 445,
654 2575 832 2639 Theopirylact.
841 2579 929 2639 pilai,
942 2574 993 2623 alii.
1007 2572 1061 2637 ή-
1077 2572 1227 2636 Δομενεζίαν]
1237 2572 1409 2634 Δυσμενζιανην
1420 2572 1507 2622 codex.
1518 2576 1548 2622 V.
1559 2574 1719 2638 Theophanes

122 2660 147 2709 p.
161 2648 216 2704 454,
226 2652 249 2695 5.

154 2714 169 2777 §
185 2718 208 2763 θ.
223 2712 386 2777 Theophanes
397 2728 422 2777 p.
444 2718 489 2765 447
504 2732 510 2763 ι
523 2718 552 2777 τῇ
571 2715 597 2763 δὲ
616 2716 710 2779 πέμπτη
723 2717 799 2779 ἡμέρᾳ
821 2714 933 2765 Δεοντίαν
948 2715 990 2772 τὴν
1004 2716 1089 2763 ἑαυτοῦ
1104 2718 1205 2773 γυναῖκα
1218 2714 1314 2775 ἔστεψεν
1334 2713 1479 2775 Δθγοῦσταν.
1500 2714 1719 2771 Καταοτασειίζουσι

122 2785 198 2835 τοίνυν
217 2784 316 2847 τὰμέρη
330 2786 386 2847 πρὸς
397 2786 486 2842 elisio
503 2786 576 2846 ταθτη
594 2790 623 2847 τῇ
642 2786 716 2848 ἡμέρας
736 2786 776 2835 διὰ
792 2786 885 2841 στάσεις
903 2785 991 2833 τόπων.
1001 2786 1031 2833 '0
1041 2784 1066 2833 ei
1085 2783 1194 2844 τύραννος
1212 2783 1454 2847 τὸνἏλέξανδροντόν
1471 2785 1627 2844 συναπόραην
1646 2788 1719 2837 αὑτοῦ

122 2856 225 2917 ίπεμψεν
243 2854 421 2905 κατασκευάσαι
441 2856 472 2904 τὰ
493 2858 561 2921 μέρη.
584 2857 612 2905 '0
638 2856 817 2919 δί’λλέξανδρος
841 2858 926 2919 ίίοσμᾷ
941 2860 975 2918 τῷ
994 2860 1041 2903 τῶν
1063 2856 1165 2903 Βενεεών
1185 2852 1299 2916 ὃηραίρχερ
1317 2858 1396 2915 χεῖρας
1419 2854 1549 2914 ἐπιόαλών,
1568 2854 1658 2912 ώθησεν
1679 2858 1720 2905 καὶ

122 2926 223 2988 ὔθρισεν.
250 2926 279 2972 Oi
309 2924 333 2973 δέ
360 2926 452 2974 Βενετοὶ
474 2926 656 2986 ἀγανακτοῦντες
681 2927 788 2988 ένραζυν·
816 2946 828 2969 ο
846 2928 937 2987 θπαγε,
953 2927 1012 2988 μάθε
1028 2927 1070 2983 τὴν
1090 2922 1248 2973 κατάστασιν·
1268 2922 1429 2984 θ’-Μαυρίιιιος
1449 2923 1494 2970 οὐκ
1514 2923 1626 2972 ἀπέθανεν
1641 2945 1653 2969 ν
1673 2925 1721 2988 (sic

122 2996 199 3045 etiem
214 2994 441 3058 ‘iheophyipses
462 2996 508 3059 17).
517 2998 545 3045 '0
558 2998 582 3047 δὲ
600 2999 707 3059 τύραννος
717 2997 805 3046 τούτων
825 2997 933 3055 ἀκηκοὼς
946 3002 993 3044 τῶν
1005 2997 1101 3057 φωνῶν,
1113 2993 1151 3041 ίπί
1161 2993 1200 3039 τὸν
1208 2997 1250 3041 τοῦ
1262 2993 1393 3055 nunptios
1404 2991 1473 3055 ρόνον
1483 2998 1594 3041 κινεῖται·
1608 2996 1648 3042 καὶ
1662 2995 1720 3044 ἀπσ-

124 3067 215 3120 σεείλας
247 3066 388 3128 στρατιώτας
410 3067 496 3127 ἤγαγεν
525 3068 608 3123 αὐτοὺς
629 3068 653 3117 έν
672 3068 801 3125 Χαλκηδόνι
819 3069 851 3124 εἰς
867 3068 894 3116 τό
914 3068 1037 3129 Εθρωπίου
1051 3066 1115 3129 [lege
1136 3063 1276 3127 Edrpuuiou]
1295 3066 1394 3126 λιμένα,
1410 3065 1450 3112 καὶ
1464 3068 1657 3128 προαναιροῦνται
1678 3072 1720 3114 τοῦ

121 3136 237 3199 βασιλέως
248 3138 270 3185 οἱ
282 3136 361 3191 παῖδες
369 3139 391 3185 ol
402 3137 490 3200 ἄρρενες
500 3137 523 3185 έν
533 3137 615 3198 θθεσιν
629 3138 701 3187 αὐτοῦ
711 3140 780 3187 πέντε
790 3138 877 3201 [mene.
896 3140 958 3187 Nov.
974 3150 1014 3185 an.
1023 3135 1089 3199 6621.
1107 3135 1118 3198 h
1137 3161 1163 3171 -
1175 3133 1316 3199 Es’rrporriou]
1325 3133 1460 3197 Theophyl.
1473 3148 1497 3198 p.
1516 3138 1595 3192 loom
1611 3152 1618 3183 :
1630 3136 1721 3197 ἀναιρεῖ

120 3208 160 3257 τόν
171 3204 301 3269 Μαυρὶκεον
315 3207 347 3261 είς
358 3206 398 3256 τόν
413 3207 536 3269 λεγόμενον
549 3208 679 3269 Εὐτροπίου
695 3208 784 3268 λιμένα.
801 3208 894 3257 Eodem
904 3207 979 3257 modo
989 3210 1108 3269 Anonym.
1117 3206 1260 3256 incrameri
1273 3205 1447 3256 eneconem.
1459 3212 1483 3267 θ,
1497 3220 1522 3268 p.
1535 3210 1589 3257 θθθ.
1603 3207 1718 3257 eirronie.

120 3274 209 3325 Posch.
225 3289 249 3338 p.
270 3280 324 3335 θθθ,
348 3282 362 3326 θ
381 3297 387 3325 z
405 3279 451 3326 Καὶ
469 3279 636 3328 Κωνσταντίνα
651 3284 666 3335 ἡ
683 3281 729 3329 ἀπὸ
749 3282 894 3343 βασιλισσών
908 3278 1030 3339 ἀπετμήθη
1051 3278 1123 3339 πέραν
1138 3278 1170 3332 είς
1189 3277 1230 3325 τὸν
1251 3278 1328 3337 μῶλον
1337 3277 1377 3325 τόν
1398 3274 1528 3337 Εὖτροπίου
1543 3275 1642 3333 πλησίον
1656 3277 1719 3324 Χαλ·

120 3345 224 3402 κηδόνος.

150 3417 190 3464 Fr.
210 3418 256 3463 nie
274 3426 296 3463 e.
317 3415 347 3464 τὰ
362 3413 474 3480 inspiro]
487 3420 518 3467 τὰ
535 3420 609 3481 leupo
628 3417 684 3481 (sic)
703 3416 790 3468 codex.
814 3416 924 3480 intellige
949 3415 1059 3465 lauretus
1080 3415 1198 3479 imagines
1223 3414 1301 3465 Prisci
1325 3418 1352 3465 et
1371 3415 1513 3465 ponemus
1537 3415 1631 3464 uxoris.
1659 3417 1721 3465 ilem

120 3488 203 3539 nonu
220 3484 380 3548 Theophanes
395 3500 421 3551 p.
431 3490 486 3549 454,
498 3492 511 3537 5
526 3508 532 3536 ι
545 3490 627 3549 Τούτῳ
635 3483 670 3551 τῷ
679 3488 724 3537 ίτει
732 3486 917 3552 (θθθλψωιιᾶεό
928 3486 1037 3548 τύραννος
1051 3487 1138 3543 ἔζευξεν
1149 3488 1194 3545 τὴν
1204 3488 1277 3537 αυτοῦ
1291 3488 1406 3551 θυγατέρα
1418 3486 1558 3549 Δομεντῑίαν
1575 3487 1674 3550 Πρίσκῳ
1683 3492 1719 3550 τῷ

119 3554 236 3617 πατρικίῳ
249 3558 288 3603 καί
300 3556 386 3617 κόμητα
406 3562 453 3605 τῶν
471 3556 651 3621 έξκουόετόρων,
666 3558 706 3607 καὶ
719 3559 842 3619 γενομένου
859 3561 902 3606 τοῦ
914 3556 991 3618 γόμου
1005 3557 1029 3604 έν
1042 3560 1077 3617 τῷ
1092 3557 1199 3620 παλατίιρ
1211 3562 1266 3605 πῶν
1280 3557 1384 3621 Μυρίνης
1400 3558 1520 3607 έκελευσεν
1536 3558 1632 3607 ίππικὸν
1645 3557 1719 3619 ἀχθῆ-

119 3641 163 3673 ναι.
175 3621 243 3673 otei
260 3622 375 3685 δήμαρχοι
393 3630 439 3673 τῶν
457 3626 499 3675 δύο
510 3630 586 3689 μερών
596 3627 641 3688 (ec.
653 3632 701 3676 τῶν
720 3627 842 3689 ΙΙρασίνων
854 3626 894 3673 καὶ
913 3631 960 3673 τῶν
979 3626 1091 3685 Βενετών)
1109 3627 1133 3674 ίν
1144 3631 1192 3681 τοῖς
1207 3628 1336 3689 περικίοσιν
1353 3627 1473 3689 μετὰτῶν
1495 3628 1622 3688 βασιλικῶν
1633 3627 1719 3690 λαυροί·

118 3712 166 3743 των
180 3694 283 3750 ἔστησαν
296 3695 402 3755 Πρίσκου
414 3697 455 3743 καί
474 3697 613 3759 Δομεντζίας
622 3698 733 3759 λαυράτα.
746 3699 827 3746 Ταῦτα
840 3694 921 3745 ίδώνό
936 3695 1045 3757 βασιλεὺς
1061 3695 1234 3755 ἠγανάκτησεν,
1250 3696 1290 3743 καί
1307 3696 1400 3757 πέμψας
1412 3696 1466 3751 τοὺς
1478 3694 1613 3757 δημάρχους
1626 3696 1718 3758 θεορεί-

119 3782 161 3823 νην
174 3764 214 3811 καὶ
227 3763 417 3826 Πάμφιλον,καὶ
431 3765 521 3822 στήσας
543 3766 626 3823 αὐτοὺς
636 3770 737 3829 γύμνους
753 3767 824 3822 είςτδ
842 3764 933 3826 στόμα,
958 3766 1079 3813 ίαελευσεν
1103 3765 1265 3823 ἀποτμηθῆναι
1289 3765 1382 3818 αὐτούς.
1406 3766 1505 3827 Πέμψας
1528 3765 1554 3812 δὲ
1574 3766 1615 3813 τόν
1630 3781 1719 3827 πρωτο-

119 3834 242 3897 κούρσωρα
262 3832 348 3893 αὐτοῦ,
370 3834 451 3895 ἠρώτα
463 3835 564 3897 αὐτοὺς,
580 3837 641 3892 τίνος
658 3838 820 3901 ἐπιτρέψαντος
841 3841 913 3885 τοῦτο
928 3835 1082 3892 πεποιήκασι·
1095 3838 1116 3883 ol
1130 3836 1156 3885 ei
1169 3835 1253 3895 εἶπον,
1268 3836 1305 3884 ὅτι
1325 3835 1386 3883 κατὰ
1403 3836 1526 3901 συνήθειανΙ
1542 3837 1565 3883 ol
1574 3837 1718 3898 γραμμισεαί

120 3907 188 3952 τοῦτο
198 3904 351 3959 πεποιήκασι.
363 3904 392 3953 '0
404 3904 428 3953 el
439 3905 512 3967 δῆμος
523 3907 563 3953 καί
573 3908 595 3954 ol
608 3905 675 3969 ὄχλοι
687 3906 782 3968 ἔκραζον
792 3917 797 3928 ·
813 3924 825 3949 ιι
840 3905 1001 3967 ριλανθρώπου
1013 3902 1129 3954 δεσπότου
1139 3905 1214 3953 πολλὰ
1222 3904 1252 3953 τὰ
1263 3904 1303 3961 ίτη
1315 3925 1337 3952 ι.
1348 3907 1378 3954 oi
1395 3906 1420 3953 δὲ
1439 3906 1584 3967 γραμμισταί
1594 3906 1719 3968 ἐρωτηθέν-

120 3990 170 4031 τες,
189 3974 228 4021 διὰ
248 3972 270 4021 τί
292 3979 360 4022 τοῦτο
380 3974 541 4035 πεποιήκασι,
562 3975 664 4038 έρασαν,
684 3976 719 4025 ότι
733 3983 775 4027 τοῦ
794 3977 909 4039 βασιλέως
923 3976 993 4023 τέκνα
1009 3974 1168 4034 ὀνομασθέντα
1187 3976 1233 4025 orl
1248 3975 1343 4025 πάντων
1360 3977 1427 4037 ίιμεῖς
1442 3975 1580 4036 ἀρ’έαυτῶν
1594 3981 1664 4027 τοῦτο
1678 3994 1719 4027 πε·

121 4060 261 4107 παιηκαρκν.
840 4102 844 4109 γ

151 4114 200 4175 §h
216 4113 297 4162 Verha
311 4112 410 4177 έγραψεν
478 4114 584 4179 Ἀφρικῆς
603 4116 714 4181 supplevi
729 4130 744 4167 e
757 4118 904 4181 Theophane
926 4130 951 4181 p.
973 4119 1028 4167 teo.
1043 4118 1068 4176 9,
1084 4112 1127 4162 nbi
1138 4112 1192 4165 hoec
1208 4131 1214 4163 :
1233 4115 1315 4179 Τοθτιρ
1332 4119 1366 4178 τῷ
1382 4115 1428 4165 έτει
1443 4113 1508 4175 (soi)
1528 4117 1541 4164 ό
1563 4115 1667 4179 Πρίσκος
1685 4117 1718 4179 μή

121 4184 241 4245 θπορέρών
262 4184 322 4243 δρῶν
334 4184 386 4239 τοὺς
403 4184 498 4241 ἀδίκους
516 4186 598 4245 φόνους
614 4189 654 4235 καί
666 4188 696 4237 τὰ
707 4189 753 4238 lund
766 4191 843 4237 Φωκᾶ
864 4186 988 4249 γινόμενα,
1013 4184 1112 4247 ἔγραψεν
1125 4186 1181 4249 πρὸς
1194 4185 1329 4249 Ἡράκλειον
1347 4186 1387 4235 τὸν
1399 4186 1520 4248 πατρίκιον
1538 4186 1579 4234 καὶ
1589 4189 1718 4249 στρατηγόν

126 4254 249 4317 Ἆρρικῆς,
261 4256 323 4303 ώστε
334 4255 470 4305 ἀποστεῖλαι
480 4257 521 4307 τὸν
532 4259 582 4307 oliv
605 4260 677 4307 αι’ποῦ
695 4261 734 4307 καὶ
748 4259 851 4315 Νικήτου
868 4259 907 4308 τὸν
922 4258 973 4305 υίὸν
996 4258 1101 4318 Γρηγορᾰ
1112 4261 1153 4303 τοῦ
1173 4256 1295 4317 πατρικίου
1313 4256 1353 4305 καὶ
1365 4256 1543 4320 θποστρατήγου
1554 4257 1634 4317 αὐτοῦ,
1653 4258 1718 4315 ὅπως

121 4326 218 4375 έλθωσιν
228 4326 289 4373 κατὰ
298 4331 338 4374 τοῦ
348 4326 458 4387 τυράννου
469 4332 546 4379 Φωκᾶ
555 4344 561 4355 ·
571 4328 655 4387 ήκουεν
670 4332 714 4392 γὰρ
732 4329 890 4393 μελετωμένην
903 4329 928 4377 έν
940 4326 1038 4390 Ἀρρικῄ
1049 4325 1110 4373 κατὰ
1120 4327 1197 4375 nors
1209 4325 1344 4389 ἀνταρσίαν.

152 4396 167 4459 §
186 4399 209 4447 3.
224 4394 385 4459 Theophanes
404 4411 428 4461 p.
444 4400 499 4459 457,
514 4399 617 4463 teleos)
630 4401 673 4450 :³0
684 4401 709 4450 δέ
719 4403 806 4455 «husim
823 4398 931 4456 insinues
945 4396 1042 4445 ίππικδν
1059 4396 1099 4443 καὶ
1118 4400 1140 4444 ol
1154 4396 1266 4459 Πράσινοι
1279 4397 1376 4460 θόρισαν
1394 4396 1465 4447 αὐτόν
1483 4398 1599 4457 λέγοντες·
1619 4416 1631 4440 ι
1648 4400 1717 4449 πάλιν

121 4468 152 4520 είς
163 4466 204 4515 τόν
217 4469 306 4513 καῦκον
322 4466 400 4527 έπιες,
414 4467 483 4517 πάλιν
499 4471 539 4518 τόν
550 4474 605 4519 νοῦν
623 4470 746 4525 ἀπώλεσας
757 4469 875 4530 (ἅπελεκες
884 4470 943 4530 vg).
955 4486 967 4509 ν
980 4465 1026 4515 Καί
1038 4464 1161 4527 έπέτρεψεν
1179 4468 1294 4517 Κώνσταν
1310 4467 1350 4515 τὸν
1368 4467 1474 4531 ὕπαρχον
1489 4472 1530 4524 τῆς
1549 4468 1654 4529 πόλεως,
1674 4470 1716 4517 καὶ

101 4596 103 4601 .
120 4538 219 4591 πολλοὺς
230 4538 402 4600 ἠκρωτηρίασαν
416 4540 456 4588 καὶ
470 4541 500 4587 τὰ
511 4542 569 4601 μέλη
581 4542 657 4591 αὐτῶν
672 4542 695 4591 έν
711 4546 738 4603 τῇ
752 4538 864 4601 Σφενδόνῃ
876 4538 1018 4601 ἐκρέμασενΔ
1033 4536 1178 4599 πορευθέντες
1190 4537 1369 4599 (όργεσθίντεςέ)
1382 4538 1407 4585 ol
1417 4540 1441 4587 οί
1450 4537 1564 4601 netum
1573 4537 1655 4587 ίδαλον
1670 4543 1716 4602 πῦρ

121 4608 153 4663 είς
163 4609 190 4656 τδ
198 4606 338 4668 πραιτώριον
353 4612 392 4657 καί
403 4610 504 4658 ἔκαυσαν
518 4612 544 4660 τὸ
555 4612 662 4675 σεκρέτον
675 4612 716 4659 καὶ
728 4610 759 4658 rit
768 4608 859 4671 σκρίνια
871 4610 911 4657 καί
924 4608 967 4665 τὰς
980 4606 1096 4671 φυλακάς·
1107 4607 1146 4655 καί
1164 4608 1265 4663 έλθόντες
1284 4606 1340 4669 (leg.
1358 4606 1492 4670 ἐξελθόντες)
1510 4609 1533 4655 el
1543 4608 1567 4659 ίν
1579 4611 1629 4662 ταῖς
1642 4609 1715 4670 ρυλα·

120 4680 173 4731 κοῖς
187 4678 279 4739 leuior.
293 4676 331 4726 ct.
342 4682 460 4741 Anonym.
476 4680 502 4729 in
520 4683 603 4731 crem.
620 4680 709 4731 nnecd.
729 4682 788 4729 Per.
808 4684 832 4741 ε,
842 4691 867 4741 p.
885 4682 939 4727 833.

153 4745 196 4793 Fr.
216 4749 269 4795 nie.
290 4746 338 4809 i.§
359 4754 380 4797 i.
403 4748 489 4799 iiinlca
509 4749 597 4800 oretio.
616 4752 676 4799 Post
696 4760 782 4798 rocem
794 4742 891 4804 ’Φωκιῑς
906 4746 1028 4797 excidisse
1048 4742 1146 4797 videtur
1166 4748 1319 4805 eustodiendo
1339 4746 1384 4809 γὰρ
1397 4746 1438 4797 rel
1450 4746 1498 4795 lale
1510 4746 1577 4808 qnid.
1599 4743 1714 4796 Suhindi·

120 4817 210 4864 cantur
224 4828 280 4877 quoe
305 4819 389 4867 uenat
416 4818 576 4883 Theophanes
594 4833 619 4883 p.
640 4822 686 4869 loli
709 4816 751 4881 (ed
772 4830 811 4867 an.
833 4816 888 4881 σοι)
911 4838 918 4867 :
940 4818 1061 4877 θεόδωροτ
1082 4818 1127 4878 γὰρ
1146 4820 1160 4867 ο
1181 4820 1288 4883 ὕπαρχος
1308 4818 1478 4873 Καππαδοκίας
1505 4817 1545 4865 καὶ
1568 4816 1715 4873 Ἐλπίδιοςι

119 4882 200 4933 έπένω
212 4890 254 4933 τοῦ
273 4884 420 4949 ἀρμαμένεου
440 4890 481 4937 καὶ
503 4890 576 4953 έτεροι
593 4889 695 4952 διάφοροι
715 4888 839 4947 ίπιόουλὴν
853 4888 967 4945 ἐποίησαν
982 4888 1069 4937 διελεῖν
1083 4890 1121 4939 iul
1136 4890 1291 4952 ίπποδρσμίου
1312 4888 1353 4937 τόν
1369 4890 1467 4937 Φωκᾶν,
1490 4884 1663 4947 conjuratione
1682 4884 1714 4933 ah

121 4954 250 5009 Anastasio
263 4954 419 5020 largitionum
429 4957 519 5009 comite
527 4958 637 5021 prodita,
647 4960 760 5009 auctores
769 4958 821 5021 ejus
835 4957 961 5022 suppliciis
974 4957 1057 5009 allecti
1070 4961 1136 5009 sunt.
1363 4993 1371 5008 .

152 5016 201 5080 §n
221 5019 257 5066 De
279 5031 305 5068 re
318 5018 350 5067 ci.
365 5018 528 5081 Theophanes
537 5033 560 5083 p.
569 5024 615 5071 459
630 5020 703 5082 (eto),
715 5020 758 5081 qui
778 5018 865 5069 eodem
878 5033 927 5082 quo
941 5022 1048 5069 ioannes
1063 5021 1130 5071 iente
1143 5033 1205 5070 usus
1221 5031 1276 5070 esse
1288 5018 1395 5068 ridetur.
1408 5016 1462 5079 11-
1479 5014 1634 5080 Καὶώνυμον]
1649 5019 1713 5066 Ean·

121 5086 178 5136 dem
192 5086 298 5136 insulem
309 5090 398 5138 auctor
411 5089 518 5151 ποιέεις
530 5094 544 5139 3
563 5088 622 5139 dicit
632 5091 864 5154 προσπαραιειμίνην
876 5096 905 5153 τη
920 5090 1000 5152 πόλει,
1013 5089 1076 5141 adeo
1089 5093 1117 5140 ni
1128 5088 1153 5139 in
1169 5090 1256 5140 intimo
1266 5090 1348 5139 coron
1359 5087 1414 5135 sinu
1424 5084 1555 5149 quaerenda
1564 5098 1618 5137 cese
1634 5084 1713 5137 rideri

122 5158 207 5220 possit.
223 5156 359 5221 significari
374 5157 518 5209 hodiernam
537 5160 680 5223 θσίοιεριιιο
698 5159 737 5209 rel
749 5160 900 5223 Colelimui,
917 5175 973 5225 que
986 5160 1052 5224 opud
1070 5163 1168 5211 veteres
1185 5161 1298 5209 auctores
1318 5158 1421 5206 vocatur
1437 5153 1568 5218 Beshicus,
1590 5168 1606 5204 ο
1626 5156 1714 5237 cynico
1817 5176 1824 5193 ι
