3809 5859
612 290 663 350 oa
683 287 920 350 assuuntur)
943 287 1188 349 sauronam.
1630 282 1715 372 xxiii.

105 425 319 485 Aristodemum
331 426 507 501 Nysaensem
522 422 757 513 grammaticum,
771 442 831 501 quo
843 422 906 500 ipse
920 420 1080 500 Pompejus
1089 420 1209 496 Magnus
1222 434 1400 499 praeceptore
1413 439 1483 479 usus
1496 419 1545 479 sit.
1558 418 1706 477 Alteruter

107 542 207 580 eorum
222 534 266 580 est
280 520 482 581 Aristodemus
495 518 652 597 Nysaensis
665 538 751 596 quem
769 519 803 577 in
816 518 941 577 Eroticis
956 520 1018 577 suis
1037 521 1069 596 (c.
1088 520 1116 593 8)
1135 516 1233 575 laudat
1254 516 1377 593 Augusti
1392 536 1507 574 coaevus
1519 514 1705 573 Parthenius.

108 618 220 677 Deinde
232 617 405 677 nominandi
419 628 509 675 sunt:
526 615 727 673 Aristodemus
740 610 913 689 Thebanus,
930 614 1077 685 θηδαῑκῶν
1093 626 1206 689 auctor,
1221 612 1412 672 escholiastis
1426 612 1594 690 Apollonii,
1609 609 1708 667 Theo·

108 716 191 788 criti,
207 714 358 793 Euripidis
369 726 398 771 et
412 712 531 771 Homeri
545 710 620 769 bene
639 724 744 782 notus,
759 708 961 768 Aristodemus
982 710 1142 787 Συναγωγῆς
1158 712 1267 786 μυθικῆς
1287 710 1424 787 scriptor,
1439 708 1467 767 si
1482 708 1552 767 fides
1575 706 1710 766 habenda

108 810 378 889 Pseudoplutaruho
398 812 429 869 in
443 808 550 868 Parall.
562 808 634 865 min.
649 828 673 865 c.
690 807 719 879 δ,
737 818 766 863 et
783 805 983 864 Aristodemus
993 806 1044 883 qui
1059 804 1119 886 πιρλ
1141 805 1296 885 εὑρημάτων
1317 806 1450 884 scripsit,
1470 818 1542 864 teste
1563 804 1711 863 Clemente

111 908 196 967 Alex.
214 908 322 967 Strom.
342 927 368 978 1,
382 926 410 984 p.
428 905 492 963 133.
509 904 642 962 Ceterum
657 901 719 960 baec
733 920 823 979 opera
844 890 940 959 utrum
965 914 1042 959 recte
1058 920 1095 959 an
1110 921 1192 960 secus
1214 902 1291 960 inter
1303 914 1360 961 tres
1383 902 1584 961 Aristodemos
1595 901 1711 979 disper-

113 1005 231 1078 tiamur,
244 1004 276 1061 in
292 1002 388 1061 medio
403 999 626 1077 relinquendum
643 1011 695 1058 est.
711 998 793 1056 Haud
809 996 902 1073 magis
917 1010 1030 1055 constat
1042 998 1159 1075 quando
1173 998 1304 1056 vixerint
1317 1012 1464 1070 auctores,
1477 1011 1601 1056 attamen
1612 997 1710 1056 seculo

110 1112 180 1178 post
197 1096 489 1171 Christumsecundo
503 1115 553 1155 eos
568 1115 626 1153 non
643 1094 730 1152 luisse
745 1095 923 1173 posteriores
935 1114 971 1151 ex
985 1107 1067 1151 aetate
1085 1114 1205 1167 eorum,
1218 1093 1354 1171 aquibus
1368 1094 1504 1167 citantur,
1521 1094 1708 1169 intelligitur.

111 1195 234 1255 Ineunte
251 1195 350 1255 seculo
371 1196 456 1253 tertio
471 1193 572 1251 floruit
585 1191 787 1251 Aristodemus
798 1212 814 1249 e
827 1190 912 1249 Caria
933 1190 1092 1262 oriundus,
1104 1191 1201 1269 pictor
1220 1204 1249 1249 et
1267 1191 1365 1270 operis
1379 1191 1415 1250 de
1434 1190 1596 1270 pictoribus
1614 1192 1708 1269 picto·

112 1270 235 1370 rumque
249 1291 411 1349 fautoribus
420 1303 531 1361 auctor,
541 1287 625 1366 cujus
639 1286 767 1365 bospitio
782 1305 834 1365 per
847 1286 1073 1363 quadriennium
1086 1307 1155 1347 usus
1170 1301 1213 1347 est
1224 1288 1342 1346 llarius
1353 1288 1547 1347 Philostratus
1556 1287 1602 1369 [Ἴ.
1614 1288 1711 1348 llledio

113 1391 211 1449 seculo
225 1401 328 1467 quarto
343 1388 553 1464 assignaverim
568 1385 801 1455 Aristodemum,
818 1384 902 1461 cujus
916 1383 1022 1441 Suidas
1037 1384 1170 1442 meminit
1189 1383 1287 1443 verbis
1302 1406 1309 1441 ι
1325 1382 1510 1463 Ἀριστόδημος
1524 1383 1652 1462 ἐπιτομὴν
1664 1388 1711 1457 τῆς

113 1486 226 1545 καθόλου
238 1484 400 1565 Ἧρωδιανοῦ
415 1484 513 1563 ἔγραψε
535 1482 599 1562 πρδς
613 1481 727 1542 Δαναόν.
750 1481 878 1552 Etenim,
891 1481 949 1539 nisi
974 1481 1140 1557 conjectura
1154 1481 1246 1550 lallit,
1264 1480 1465 1541 Aristodemus
1484 1482 1535 1541 ille
1549 1494 1578 1540 et
1594 1483 1713 1541 Danaus

116 1583 192 1642 baud
203 1582 313 1640 diversi
326 1582 434 1640 suerint
447 1580 485 1639 ab
495 1580 534 1637 iis
548 1597 622 1656 quos
636 1575 753 1638 Libanii
765 1575 946 1655 temporibus
960 1577 991 1635 in
1005 1575 1092 1654 Syria
1104 1577 1218 1635 scholas
1231 1576 1369 1635 habuisse
1378 1578 1537 1655 probabile
1546 1592 1590 1637 est
1600 1579 1675 1658 (Μ).Ι

151 1678 195 1737 Ex
214 1679 261 1737 his
276 1678 468 1737 Aristodemis
488 1695 553 1734 cum
578 1674 718 1734 historico
740 1686 841 1732 nostro
863 1672 1081 1750 componendus
1094 1672 1187 1731 videri
1210 1660 1304 1751 p'ossit
1322 1673 1523 1733 Aristodemus
1536 1674 1713 1752 Nysaensis,

114 1776 224 1854 quippe
238 1774 289 1853 qui
303 1774 438 1832 historias
450 1772 602 1849 scripsisse
615 1769 787 1849 perhibetur
797 1767 874 1845 apud
889 1767 1077 1826 Parthenium
1092 1769 1124 1827 in
1138 1768 1247 1829 Erotio.
1263 1791 1289 1830 c.
1307 1770 1336 1841 δ,
1347 1769 1400 1828 uhi
1414 1770 1538 1848 prolixae
1551 1774 1713 1832 narrationi

115 1872 152 1931 da
169 1872 298 1950 llerippa
313 1870 443 1941 Milesia,
455 1888 544 1946 quam
560 1866 663 1925 Gallus
675 1864 793 1944 quidam
807 1865 949 1943 captivant
963 1863 1142 1937 abduxerat,
1157 1865 1263 1923 lemma
1276 1866 1438 1944 praeligitur
1456 1888 1463 1924 :

156 1968 267 2048 Ἱστορεῖ
288 1965 506 2046 Ἀριστόδημοςὸ
529 1962 649 2031 Nesseis
673 1966 699 2022 ἐν
722 1961 891 2042 α’,Ίστοριῶν
912 1960 973 2039 περί
991 1960 1105 2035 τούτοιν,
1125 1963 1195 2032 πλὴν
1216 1958 1256 2019 δτι
1274 1959 1308 2019 adr
1324 1961 1443 2037 deipara
1463 1963 1643 2042 ὑπαλλάττει,
1658 1964 1717 2025 ἀντί

113 2064 251 2143 Ἧρίππης
266 2066 353 2123 καλῶν
370 2061 506 2139 Εὗθυμίαν
518 2061 601 2142 (²⁵⁸),
614 2060 659 2120 τδν
670 2058 697 2119 δέ
711 2057 849 2143 βιίρὸαρυν,
861 2056 1000 2137 Καυοίραν.

155 2168 224 2221 llaec
241 2176 335 2221 tamen
356 2161 399 2221 sic
415 2162 465 2219 vix
483 2173 550 2219 snnt
574 2160 697 2235 integra.
710 2157 781 2216 Nam
807 2155 977 2214 nominibus
1000 2173 1190 2233 personarum
1207 2158 1236 2213 in
1256 2174 1344 2233 opere
1366 2157 1423 2215 isto
1438 2157 1578 2217 historico
1602 2160 1717 2220 traditis

114 2260 303 2319 Parthenium
318 2277 399 2316 mero
413 2278 466 2316 suo
481 2255 605 2315 arbitrio
618 2256 677 2313 alia
692 2252 874 2313 substituisse
888 2250 965 2309 haud
982 2250 1159 2323 credideris,
1175 2252 1225 2310 sed
1245 2265 1468 2312 consentaneum
1492 2268 1536 2313 est
1554 2275 1588 2314 ea
1605 2277 1642 2315 ex
1656 2259 1716 2317 alio

115 2358 194 2415 sonte
207 2354 358 2435 depromi,
374 2352 460 2431 cujus
474 2352 584 2411 mentio
599 2371 676 2411 nunc
689 2349 883 2408 desideratur.
898 2348 992 2425 ldqne
1010 2360 1089 2405 tanto
1102 2348 1217 2407 facilius
1235 2350 1430 2427 concesseris,
1449 2372 1539 2428 quum
1558 2353 1625 2413 aliis
1645 2355 1719 2414 locis

114 2451 347 2531 quamplurimis
361 2451 401 2527 (v.
413 2461 524 2509 narrat.
538 2469 564 2507 ι.
577 2457 604 2516 4.
616 2450 646 2507 6.
660 2468 688 2523 9.
705 2467 749 2505 ιτ.
765 2448 811 2503 13.
826 2454 872 2514 τί..
893 2445 938 2503 ι5.
954 2466 1002 2506 aa.
1018 2445 1068 2502 αδ.
1083 2444 1131 2524 33)
1147 2445 1205 2504 duo
1219 2445 1306 2505 simul
1320 2448 1500 2523 singularum
1516 2451 1714 2509 narrationum

113 2562 245 2609 auctores
261 2570 277 2607 a
295 2545 453 2605 Parthenio
477 2544 643 2603 laudentur.
662 2547 720 2601 Aut
733 2543 824 2619 igitur
837 2543 978 2619 scripturn
993 2554 1074 2599 erat:
1088 2540 1196 2620 Ἱστορεῖ
1211 2540 1236 2623 [δ
1250 2542 1320 2601 δεῖνα
1338 2544 1396 2621 (an.
1410 2542 1597 2624 Ἀριστόκριτος
1605 2546 1640 2622 il·
1651 2548 1716 2626 γραί-

113 2665 155 2723 ρει
179 2644 205 2701 δὲ
231 2642 289 2722 καί]
305 2639 490 2721 Ἀριστόδημος
513 2655 577 2717 etc,
593 2654 642 2700 aut
664 2662 672 2698 τ
690 2638 801 2719 Ἱστορεῖ
824 2638 1028 2716 Ἀριστόδημος,
1047 2636 1154 2715 [γροίρει
1176 2635 1203 2695 δὲ
1223 2637 1270 2696 καί
1284 2642 1298 2696 δ
1313 2638 1395 2721 δεῖνα]
1417 2642 1443 2699 ἐν
1460 2640 1486 2700 α’
1498 2640 1634 2722 Ἱστοριῶν
1652 2644 1715 2723 περὶ

113 2740 229 2811 τούτοιν,
246 2740 317 2799 adeo
333 2750 365 2799 ut
378 2759 438 2798 non
449 2739 562 2817 liqueat
575 2751 672 2797 utrum
690 2737 868 2796 Aristodemi
883 2737 1015 2795 historiae
1029 2754 1065 2793 an
1087 2734 1163 2793 alius
1177 2737 1329 2813 scriptoris
1353 2738 1470 2801 fuerint.
1489 2740 1570 2797 Alter
1586 2740 1637 2799 ille
1653 2742 1716 2800 sor-

115 2838 198 2895 tassis
213 2836 393 2914 Hegesippus
406 2836 452 2893 vel
472 2835 664 2894 Aristocritus
679 2834 751 2905 suit,
766 2853 840 2911 quos
864 2834 899 2892 de
915 2831 1003 2891 rebus
1018 2831 1142 2889 Milesiis
1164 2833 1316 2911 scripsisse
1337 2853 1374 2892 ex
1397 2836 1462 2913 ipso
1486 2835 1643 2896 Parthenio
1664 2858 1716 2898 no·

116 2936 226 2992 rimus.
240 2932 351 2990 Deinde
364 2950 434 2989 vero
450 2952 539 3009 quum
554 2951 591 2989 ex
604 2930 704 2989 verbis
724 2928 759 2988 τὰ
773 2928 891 3007 ὀνόματα
905 2930 1068 2988 ὑπαλλάττει
1087 2929 1242 3004 colligatur
1255 2949 1315 2988 nou
1335 2932 1423 2989 modo
1442 2931 1562 2992 Milesiae
1585 2934 1717 2993 mulieris

114 3028 165 3088 sed
186 3028 273 3087 etiarn
293 3026 370 3085 Galli
387 3026 507 3086 barbari
530 3028 650 3085 nomina
670 3026 786 3085 diversa
808 3026 915 3084 tradita
937 3044 1015 3097 esse,
1035 3026 1142 3083 lemma
1164 3026 1364 3103 relingendum
1386 3048 1449 3087 esse
1469 3049 1573 3089 censeo
1595 3032 1627 3089 in
1643 3031 1718 3090 banc

114 3126 288 3186 sententiam
305 3144 313 3183 t
331 3123 386 3182 ἄντί
404 3123 539 3205 Ἧρίππης
557 3127 646 3184 καλῶν
661 3123 864 3199 Εὐθυμίαν,τὸν
883 3123 910 3183 δέ
930 3123 1063 3204 βοίρὸαρον
1079 3123 1133 3201 [οὗ]
1149 3122 1275 3205 Καυοίραν
1292 3125 1404 3203 [λέγων,
1420 3124 1527 3189 ἀλλὰ...
1541 3128 1562 3207 ].
1581 3128 1620 3187 Ut
1641 3150 1718 3189 nunc

113 3222 231 3299 quidem
254 3222 431 3281 narrationis
450 3221 539 3281 verba
558 3220 682 3293 habent,
697 3220 776 3279 Galli
799 3239 905 3279 nomen
932 3221 1054 3279 omnino
1073 3222 1185 3279 nullum
1207 3223 1323 3299 legitur,
1343 3237 1372 3283 at
1395 3225 1448 3283 illo
1466 3225 1545 3298 loco,
1559 3225 1612 3286 ubi
1633 3248 1718 3287 man-

113 3320 221 3378 tionem
237 3320 300 3393 ejus
314 3332 532 3397 exspectamus,
548 3318 667 3377 Cauarae
693 3337 798 3376 nomen
822 3318 918 3376 omitti
941 3331 1064 3396 propter
1091 3319 1292 3395 proximarum
1317 3320 1464 3379 literarum
1494 3323 1715 3382 similitudinem

116 3415 200 3474 facile
211 3416 307 3501 potuit
315 3438 324 3489 ;
340 3415 452 3474 scilicet
465 3415 496 3473 in
511 3416 609 3473 verbis
626 3436 632 3471 ι
647 3414 707 3474 ἔνθα
726 3416 805 3474 αὐτοῦ
820 3416 900 3483 συνῆν
914 3418 931 3485 ἡ
946 3415 1011 3492 γυνὴ
1027 3414 1102 3493 ἀνδρὶ
1113 3417 1166 3472 τῶν
1178 3414 1297 3491 μάλιστα
1312 3414 1384 3495 παρὰ
1408 3418 1517 3483 Κελτοῖς
1537 3418 1715 3497 δοξαζομένων

114 3512 300 3571 scribendum
317 3513 403 3572 luerit
417 3512 482 3590 γυνὴ
492 3510 629 3590 [Καυοίρη]
641 3508 725 3589 ἀνδρί.
737 3508 870 3567 Ceterum
887 3522 985 3567 narrat
995 3509 1169 3571 Parthenius
1180 3512 1325 3571 Xanthum
1338 3514 1481 3573 hlilesium
1492 3560 1500 3587 ,
1513 3530 1545 3575 ut
1558 3518 1714 3596 llerippam

112 3628 231 3668 uxorem
245 3609 364 3668 aGallis
374 3611 485 3669 louiam
500 3606 680 3666 vastantibus
692 3605 765 3683 lm)
778 3606 920 3685 captivam
934 3606 1087 3665 abductam
1098 3610 1263 3681 redimeret,
1275 3631 1392 3671 corrasa
1402 3613 1525 3691 pecunia
1534 3616 1566 3672 in
1577 3614 1713 3674 Celticam

145 3784 179 3846 (*)
193 3785 261 3833 Flav.
275 3784 440 3835 Philostratus
454 3785 491 3833 De
503 3783 577 3843 imag.
593 3781 618 3830 in
631 3782 750 3845 prooernio
761 3794 785 3844 p.
798 3786 843 3832 339
857 3781 897 3831 ed.
911 3781 987 3831 Didot
1001 3800 1008 3831 :
1023 3782 1095 3831 Ὅσοι
1109 3784 1150 3847 μὲν
1165 3784 1206 3832 οὖν
1217 3784 1300 3847 κράτος
1318 3786 1404 3846 ἤραντο
1418 3793 1458 3846 της
1476 3788 1606 3850 ἐπιστήμης
1617 3789 1663 3852 (sc.
1675 3796 1716 3849 τῆς

115 3854 269 3917 ζωγραφικῆς)
279 3857 318 3904 καὶ
340 3856 395 3903 ὅσοι
411 3854 489 3910 πόλεις
502 3856 542 3901 καί
555 3853 606 3902 ὅσοι
620 3854 724 3915 βασιλεῖς
739 3852 806 3912 ἔρωτι
819 3852 842 3907 ἐς
856 3851 928 3908 αὐτὴν
941 3852 1086 3913 ἐχρήσαντο,
1100 3854 1175 3903 ἄλλοτε
1188 3852 1210 3902 τ’
1222 3855 1310 3915 τίρηται
1322 3857 1361 3903 καὶ
1372 3856 1529 3920 Ἀριστοδήμῳ
1538 3863 1573 3918 τῷ
1582 3858 1610 3907 ἐκ
1619 3859 1714 3923 Καρίας,

115 3926 141 3973 ὃν
152 3926 200 3985 ἐγὼ
211 3926 249 3972 ἐπὶ
261 3925 381 3991 (carpasia
392 3925 453 3980 ξένον
468 3918 614 3983 ἐποιησάμηί
627 3925 685 3972 ἐτῶν
694 3920 822 3985 τεσσάρων·
840 3921 926 3983 ἔγραψε
938 3922 964 3970 δὲ
974 3925 1036 3971 κατὰ
1048 3924 1090 3982 τὴν
1102 3924 1211 3985 Εὐμήλου
1222 3925 1306 3987 σοφίαν
1320 3928 1380 3974 πολὺ
1393 3928 1422 3976 τὸ
1441 3926 1536 3990 ἐπίχαρι
1548 3928 1572 3983 ἐς
1588 3929 1661 3988 αὐτὴν
1675 3933 1715 3991 ρέ-

115 4012 170 4058 ρων.
187 4020 219 4031 -
231 3994 348 4044 Statumh
361 3994 491 4057 quusdam
504 3992 655 4043 Aristodemi
675 3991 788 4042 meminit
810 3989 905 4039 Plinius
921 3994 960 4051 34,
972 3990 991 4054 ς,
1007 3995 1037 4040 8ο
1050 3992 1090 4041 od.
1109 3991 1184 4055 Sillig.
1202 3993 1249 4043 Alii
1268 3994 1358 4057 quibus
1372 3994 1521 4045 Aristodemi
1534 4011 1624 4048 nomen
1640 3998 1717 4051 luisse

115 4069 224 4127 canstat,
236 4068 393 4116 recensentur
404 4065 428 4114 iu
438 4064 536 4126 Pauly’s
553 4064 713 4125 naalencyct.
727 4078 751 4112 ιι.
766 4062 791 4109 h.
806 4073 831 4110 v.
843 4063 869 4110 ei
885 4060 910 4109 in
926 4062 996 4124 Papii
1008 4066 1034 4112 et
1050 4063 1171 4112 Benselcri
1184 4066 1272 4113 lexico
1284 4065 1410 4114 nominum
1426 4066 1590 4130 propriorum.

146 4136 193 4199 (Ἥ
206 4136 321 4185 libanius
331 4134 401 4199 epist.
413 4139 468 4195 888,
480 4134 512 4183 ad
526 4134 700 4185 Heraclianum
714 4132 858 4196 prefectum
870 4144 896 4193 p.
907 4134 954 4181 its
967 4130 1006 4180 ed.
1017 4133 1094 4182 Wolf.
1107 4150 1114 4183 ι
1131 4133 1206 4190 οὗτός
1223 4135 1273 4183 ἐστι
1287 4135 1380 4196 Δίφιλος
1392 4138 1406 4183 ὁ
1417 4141 1525 4194 Δαναοῦ,
1536 4138 1564 4187 τὸ
1575 4144 1618 4188 τοῦ
1631 4142 1716 4203 πατρὸς

115 4212 204 4265 ποιῶν,
217 4208 352 4268 διδάσκων,
364 4209 396 4262 ὡς
410 4206 504 4261 ἐκεῖνος.
518 4206 564 4254 Kal
578 4206 607 4266 ἦν
619 4206 660 4267 μέν
675 4220 715 4263 μοι
731 4202 814 4261 βελτίω
827 4203 965 4264 τοῦπατρὸς
981 4205 1069 4265 εἰπεῖν,
1083 4204 1151 4265 ipati
1162 4205 1229 4265 δὲμὴ
1241 4205 1321 4270 χαίρω.
1334 4208 1395 4262 Τοὺς
1407 4209 1521 4263 παλαιοὺς
1535 4208 1673 4268 denotastis:
1685 4214 1717 4266 elz

114 4278 156 4333 τὰς
167 4282 214 4326 τῶν
228 4280 285 4325 νέων
297 4277 374 4338 ψυχὰς
393 4274 494 4334 εἰσάγων
514 4277 553 4323 οιαὶ
569 4275 638 4331 αὐτός
652 4277 701 4323 ἐστι
715 4274 813 4330 ποιητὴς
826 4272 911 4333 ἀγαθός
966 4275 1079 4333 Τιμήστις
1098 4276 1123 4322 δέ
1143 4276 1237 4335 Δίριλυν
1250 4278 1295 4325 οὐκ
1312 4278 1408 4339 ἀμισθί,
1428 4279 1517 4339 μέλλων
1535 4295 1561 4339 γε
1575 4282 1646 4332 αὐτὸν
1660 4284 1716 4339 ίξτιν

116 4348 202 4410 ᾄδοντα
215 4348 258 4405 τὴν
270 4349 314 4403 σήν
329 4346 439 4409 ἀρχήν
455 4345 516 4395 'lois
530 4346 554 4394 δέ
569 4347 594 4394 ἐν
609 4352 658 4401 τοῖς
673 4345 724 4407 περὶ
739 4348 822 4391 τοῦτον
843 4342 1004 4401 Παλαιστίνην
1015 4344 1147 4406 εὐφρανῶν,
1160 4347 1184 4394 ἐν
1198 4345 1214 4408 η
1227 4353 1330 4396 ποιεῖται
1342 4348 1383 4403 τὰς
1398 4348 1536 4408 συνουσίας,
1549 4351 1669 4408 κάκείνους
1681 4354 1716 4409 ol,

115 4418 257 4479 ἐφέστηκας,
272 4417 295 4465 ἐν
306 4417 339 4471 ol<
351 4416 401 4479 tao·
417 4417 456 4472 οὓς
476 4418 496 4465 sl
516 4434 550 4473 τις
568 4418 643 4475 lactea
658 4413 703 4464 τίνι
723 4412 827 4477 μεγίστῳ
843 4416 1029 4473 φιλοτιμοῦνται,
1046 4416 1138 4464 Δαναὸν
1152 4418 1229 4478 ἐροῦσι
1246 4420 1287 4465 καί
1306 4417 1410 4479 Δίφιλον.
1429 4418 1498 4468 ldem
1517 4418 1713 4483 episi.1268,ad

116 4485 252 4545 Alcimum,
266 4498 289 4547 p.
301 4490 346 4534 596
364 4506 369 4533 :
384 4484 457 4541 Μόλις
471 4488 548 4535 λαθὼν
563 4487 605 4542 τὴν
618 4485 731 4547 ἡμετέραν
743 4482 813 4531 πόλιν
828 4481 1004 4547 (Anliocbiaml
1016 4486 1128 4546 histaspis<
1140 4485 1216 4533 διέδυ·
1229 4487 1330 4543 πολλοὺς
1342 4488 1387 4549 γὰρ
1400 4488 1461 4550 ἔχων
1474 4490 1527 4545 τοὺς
1541 4492 1649 4550 ἐρῶντας,
1659 4494 1716 4555 ὑπὲρ

113 4560 156 4604 τοῦ
169 4555 335 4617 Ἀριστοδήμου
350 4554 400 4617 (τὸν
416 4556 579 4617 Ἀριστόδημον
590 4554 660 4617 odit.)
671 4554 787 4614 ἐτηρεῖτοΙ
797 4554 826 4613 ἠν
848 4552 893 4613 γὰρ
908 4554 947 4601 καί
965 4553 1035 4608 αὐτὸς
1046 4553 1094 4614 ἐγὼ
1108 4561 1156 4603 τῶν
1172 4557 1320 4619 βουλομένων
1338 4559 1409 4607 αὐτὸν
1430 4558 1511 4608 ἐνθάδε
1530 4560 1604 4608 εἶναι·
1619 4562 1715 4624 καὶγὰρ

114 4625 172 4687 ὑπὲρ
184 4627 251 4685 ημῶν
263 4622 291 4683 ἦν
304 4624 383 4672 ἐνθάδε
434 4626 496 4673 πάνυ
510 4626 554 4685 γὰρ
564 4626 658 4687 ἀχθοιμι
671 4624 729 4671 alni
740 4622 800 4670 ἄλλα
812 4624 846 4671 ὢν
857 4622 970 4685 Μητέριος
984 4623 1119 4684 ἄμεμπτος,
1131 4627 1229 4687 πονηρὸς
1243 4627 1303 4675 εἶναι
1318 4626 1396 4686 δόξει,
1413 4628 1472 4677 διὸτι
1493 4629 1579 4691 Σύρους
1593 4632 1713 4689 θαυμάσας

114 4695 199 4743 ταύτὸν
220 4694 277 4755 ἐσχι
295 4694 349 4756 παρ’
363 4694 467 4743 ἐκείνων.
481 4720 513 4731 -
524 4693 603 4743 Danai
620 4706 710 4743 nomen
732 4693 884 4741 rarissimum
904 4696 949 4741 est.
966 4696 1047 4748 Quare
1066 4693 1091 4742 in
1110 4694 1193 4744 suidas
1211 4697 1265 4745 loco
1283 4710 1328 4760 pro
1342 4698 1433 4746 Δαναόν
1444 4700 1545 4759 (naseos
1560 4698 1614 4747 cod.
1626 4702 1655 4760 E)
1667 4700 1714 4749 ior-

114 4762 189 4813 tsssis
200 4764 361 4823 Διογενειανδν
371 4762 560 4824 legendumessc
570 4762 742 4825 Bernhardyus
752 4760 931 4824 suspicabatur.
944 4764 972 4811 ln
983 4761 1192 4813 Benselerilexico
1201 4779 1268 4814 nom.
1279 4778 1363 4829 propr.
1373 4769 1473 4815 Danaus
1482 4767 1583 4830 quidam
1594 4768 1714 4830 Ephesius

115 4832 237 4883 excitatur
249 4845 279 4882 ex
291 4832 408 4882 llionneti
421 4836 506 4883 Daren
522 4832 567 4882 des
578 4834 646 4882 atad.
661 4834 704 4891 Vl,
719 4837 768 4880 tto.

146 4904 206 4965 (Ψ)
221 4904 268 4951 Ριο
282 4902 407 4964 reiculas,
420 4903 486 4965 quod
495 4903 593 4953 codices
603 4907 629 4953 et
638 4903 758 4953 editiones
768 4902 891 4965 praebent,
906 4902 1036 4964 tegendum
1046 4917 1101 4954 esse
1111 4905 1229 4967 Εὐδνμίαν
1237 4911 1305 4957 recte
1315 4911 1398 4957 censet
1410 4906 1549 4956 Dindorllus
1558 4906 1662 4957 inThcs.
1674 4922 1711 4974 gr.

114 4986 136 5022 s.
148 4985 183 5031 r.‚
194 4971 236 5021 ubi
251 4972 315 5023 adde
324 4972 397 5021 aliam
410 4972 528 5037 Εὐθυμίαν
537 4972 658 5023 Milesiam
669 4986 798 5023 occurrere
811 4973 836 5022 in
848 4976 921 5037 corp.
936 4976 1013 5024 lnscr.
1027 4978 1058 5024 tt.
1069 4978 1123 5025 708.

144 5043 221 5106 (ω’)
232 5042 387 5092 invasionem
401 5042 464 5091 hanc
475 5046 650 5092 commemorat
658 5043 793 5092 Pausanias
806 5048 843 5103 10,
855 5048 901 5105 32,
914 5048 938 5093 4.
952 5044 1044 5094 Ioniam
1053 5047 1079 5095 et
1092 5046 1213 5098 AEolidem
1224 5060 1240 5097 a
1251 5047 1327 5098 Gallis
1337 5046 1491 5097 Tolistoholis
1502 5052 1647 5113 occupatam
1658 5062 1712 5103 esse
