3809 5859
597 778 602 789 .
675 535 1312 773 carrorumsf'
1420 573 1487 581 ”
1584 551 1594 579 ”

164 1112 475 1178 Critobulus'lmbrius
490 1111 543 1189 (⁴¹),
559 1111 611 1189 qui
624 1108 827 1181 hiechemetis,
844 1112 1039 1189 potentissimi
1058 1109 1224 1169 Tuscorum
1239 1110 1445 1189 imperatoris,
1456 1111 1609 1172 historiam
1627 1116 1732 1176 condi·

125 1214 188 1291 dit,
203 1214 272 1273 licet
286 1213 350 1291 ipse
363 1221 461 1273 rerum
477 1209 524 1269 sui
538 1209 680 1287 temporis
694 1227 762 1287 pars
780 1208 911 1290 quaedam
928 1208 1017 1267 suerit
1031 1228 1084 1267 nec
1098 1208 1213 1284 ignotus
1224 1208 1313 1267 homo
1328 1208 1479 1269 delituisse
1491 1211 1635 1282 videatur,
1652 1212 1734 1271 hulla

126 1322 221 1380 ιιιιιιειι
235 1327 252 1367 ιι
266 1307 372 1370 coaevis
393 1304 588 1384 scriptoribus
601 1319 629 1365 et
643 1306 674 1364 in
687 1305 788 1365 eodem
804 1290 977 1383 argumento
988 1303 1176 1365 versantibus
1194 1304 1260 1382 ejus
1284 1305 1393 1363 mentio
1412 1304 1558 1383 injicitur,
1569 1325 1625 1366 nec
1645 1308 1734 1385 quid·

127 1424 213 1483 quam
226 1404 262 1464 de
272 1424 308 1463 eo
319 1415 498 1481 compertum
514 1402 654 1461 habemus
666 1415 774 1481 praeter
785 1422 893 1480 eaquae
903 1404 967 1484 ipse
977 1403 1013 1461 de
1024 1422 1056 1461 se
1067 1398 1208 1481 prodidit.
1224 1400 1342 1460 Summa
1353 1402 1461 1461 horum
1474 1399 1619 1463 momenta
1630 1406 1732 1482 paucis

129 1502 384 1578 comprehendam.

168 1597 260 1676 Capta
285 1595 540 1675 Constantinopoli
563 1595 603 1675 (d.
626 1616 664 1672 ²9
686 1594 757 1654 Maii
784 1596 886 1671 1453),
905 1614 995 1672 quum
1012 1597 1133 1654 nuntius
1148 1598 1191 1654 rei
1207 1595 1349 1655 Italorum
1363 1598 1490 1658 navibus
1506 1601 1538 1658 in
1556 1599 1689 1661 Imbrum
1705 1614 1734 1661 et

129 1693 269 1759 Lemnum
283 1708 312 1755 et
324 1696 447 1757 Thasum
456 1693 598 1767 venisset,
613 1705 706 1751 metus
718 1710 818 1751 omnes
828 1692 946 1750 incessit
960 1711 996 1750 ne
1017 1691 1177 1751 Chamuaas
1189 1688 1353 1752 'lurcorum
1375 1696 1539 1757 navarchus
1551 1697 1690 1777 Callipoli
1703 1699 1734 1756 in

128 1792 311 1873 propinquas
326 1792 437 1850 insulas
451 1789 600 1867 trajiceret
613 1810 646 1849 ao
660 1790 787 1868 pessima
797 1807 925 1866 quaque
940 1788 1035 1846 forent
1047 1789 1248 1867 perpetienda.
1266 1789 1369 1867 ltaque
1390 1793 1542 1851 archontes
1563 1813 1637 1872 quos
1656 1792 1735 1853 Con·
1820 1825 1822 1828 v

127 1888 272 1947 stantin'us
286 1888 394 1947 insulis
402 1887 586 1966 praefecerat,
605 1888 686 1946 illico
706 1888 802 1963 sugam
824 1886 1035 1964 arripuerunt,
1051 1899 1081 1945 et
1101 1884 1288 1945 [emulorum
1305 1906 1373 1965 pars
1394 1889 1426 1946 in
1447 1889 1561 1949 Cretam
1583 1891 1612 1948 et
1627 1890 1731 1949 Chium
1755 1966 1759 1973 ἱ

130 1998 159 2051 et
172 1983 312 2047 Euboeam
327 1985 417 2057 abiit,
432 2004 484 2043 nec
506 2004 566 2043 non
581 1997 677 2045 cetera
691 1982 848 2043 multitudo
870 1982 929 2039 alio
951 1982 1034 2041 sedes
1048 1982 1208 2044 transferre.
1219 1982 1424 2044 meditabatur.
1438 1984 1505 2055 Quo
1516 1987 1645 2061 cognito,
1668 1968 1734 2044 Cri:

129 2081 263 2156 tohulus‚
278 2094 311 2141 ut
324 2082 465 2161 impetum
480 2082 602 2140 terroris
617 2080 779 2152 inhiberet,
802 2078 981 2157 trepidantes
996 2078 1130 2139 hortatus
1144 2094 1188 2140 est
1208 2081 1295 2141 neda
1314 2082 1406 2140 salute
1428 2080 1624 2160 desperarent.
1640 2082 1734 2141 Simul

129 2180 226 2239 virum
248 2178 337 2238 fidum
360 2197 425 2236 cum
440 2176 526 2236 donis
540 2177 717 2236 clandestino
731 2174 768 2235 ad
782 2175 959 2233 Chamuaam
981 2176 1163 2251 amandavit,
1180 2178 1217 2236 ab
1235 2198 1329 2257 eoque
1342 2178 1471 2237 obtinuit
1490 2192 1522 2237 ut
1535 2179 1618 2238 nullo
1632 2179 1736 2238 insula

128 2273 445 2336 damnoailicerentur.
458 2274 570 2335 Deinde
584 2275 764 2332 sacerdotem
783 2271 963 2330 lmbriorum
979 2284 1009 2330 et
1031 2273 1122 2333 alium
1138 2276 1263 2335 civitatis
1286 2277 1448 2355 primorem
1471 2275 1508 2335 ad
1529 2277 1734 2338 Mechemetem

128 2370 279 2449 misit-qui
288 2371 466 2431 deditionem
479 2372 640 2430 insularum
654 2390 688 2429 ac
700 2368 877 2429 tributorum
893 2370 1065 2445 pensionem
1077 2370 1228 2434 offerrent.
1242 2372 1371 2431 Comiter
1381 2360 1512 2452 exceptis
1527 2393 1581 2432 rex
1591 2376 1735 2435 concessit

126 2481 174 2541 ut,
191 2474 308 2529 servato
324 2469 375 2547 qui
392 2480 474 2527 antea
490 2468 583 2527 suerat
600 2486 697 2528 rerum
712 2479 803 2539 statu,
818 2464 936 2525 imbrus
955 2465 1121 2539 Palamedi,
1136 2467 1202 2527 AEni
1223 2471 1307 2528 urbis
1327 2471 1469 2548 principi,
1483 2454 1598 2531 'ihesus
1617 2476 1689 2530 vero
1704 2484 1734 2530 et

91 2558 95 2567 '
116 2565 257 2625 ‘lemnus
271 2566 401 2641 Dorico,
416 2566 570 2643 Mytilenas
582 2565 718 2637 domino,
734 2562 874 2641 subjectae
888 2576 1049 2623 manerent.
1067 2564 1202 2624 Ceterum
1221 2564 1408 2638 Critobulus,
1432 2585 1469 2624 ne
1491 2567 1571 2627 solus
1594 2561 1657 2626 haec
1683 2588 1736 2626 sua

127 2662 274 2721 industria
287 2662 419 2722 effecisse
433 2662 578 2733 videatur,
594 2660 748 2739 subjungit
766 2660 947 2718 Palamedem
962 2679 1080 2739 quoque
1090 2673 1120 2719 et
1129 2662 1269 2721 Dorieum
1281 2664 1317 2721 de
1328 2663 1428 2722 eadem
1438 2682 1469 2723 re
1483 2664 1593 2741 legatos
1604 2663 1731 2737 misisse,

127 2778 204 2837 quos·
215 2760 274 2817 viri
288 2760 325 2817 ab
338 2760 404 2837 ipso
420 2759 502 2817 missi
518 2758 715 2837 maximopere
731 2756 914 2833 adjuvissent
928 2758 969 2831 (3,
984 2756 1021 2829 75
1038 2778 1068 2834 p.
1082 2758 1158 2836 108).
1342 2762 1345 2767 '
1636 2773 1639 2777 ⁴

168 2853 258 2914 initio
275 2856 346 2914 anni
370 2856 456 2923 rato,
472 2854 581 2913 Dorico
598 2853 762 2912 Palamedis
782 2852 844 2910 lilio
858 2864 886 2910 et
901 2870 1069 2911 successore
1083 2871 1130 2910 res
1144 2872 1234 2912 novas
1249 2854 1401 2927 moliente,
1419 2855 1494 2913 ditio
1516 2853 1580 2931 ejus
1597 2876 1615 2913 a
1628 2855 1735 2914 Turcis

129 2964 269 3031 occupata
284 2964 312 3009 et
328 2950 449 3010 lonuaes
464 2951 628 3010 navarchus
642 2949 773 3009 imbrum
795 2949 943 3027 appellens
961 2946 1116 3008 Critobulo
1131 2962 1232 3009 nostro
1250 2948 1449 3030 praeiocturam
1462 2952 1567 3011 insulae
1579 2953 1734 3012 commisit.

55 3125 59 3131 Ι
128 3049 184 3108 Καὶ
195 3046 303 3128 πέμψας
317 3047 427 3127 ἄγγελον
443 3046 605 3126 (Ἰωνυόζης)
617 3048 807 3125 μετακαλεῖται
822 3044 999 3124 Κριτόόουλυν
1012 3045 1058 3104 καλ
1069 3043 1249 3126 παραδίδωσιν
1267 3049 1339 3128 αὐτῷ
1359 3046 1408 3120 τήν
1429 3070 1458 3106 τι
1477 3051 1557 3120 νῆσον
1579 3050 1669 3107 πᾶσαν
1688 3046 1734 3108 καὶ

127 3140 163 3202 τὰ
175 3144 202 3201 ἓν
217 3143 284 3223 αὐτῇ
298 3144 409 3224 φρούρια
423 3144 513 3225 ἄρχειν
532 3143 620 3204 τεκαὶ
638 3144 777 3225 φυλάττειν
792 3144 835 3220 (a,
854 3143 899 3216 16,
917 3162 972 3221 rp.
990 3143 1067 3221 114).
1269 3134 1271 3138 ’
1620 3137 1623 3144 ’

167 3240 275 3301 AEstate
289 3242 358 3300 anni
371 3243 519 3320 sequentis
534 3242 607 3315 1457
620 3241 788 3300 [rudovicus
804 3260 820 3299 a
837 3240 964 3299 Callixto
981 3238 1025 3298 lll
1040 3241 1180 3318 pontifice
1194 3242 1226 3299 in
1240 3261 1319 3300 mare
1333 3240 1458 3318 AEgaum
1470 3245 1575 3300 missus
1585 3239 1736 3301 ulinsnlas

127 3336 265 3398 a'l'urcis
283 3352 440 3417 occupatas
459 3340 490 3399 in
517 3352 686 3418 potestatem
707 3338 872 3415 redigeret,
890 3350 1046 3417 postquam
1064 3337 1252 3396 Samothrace
1270 3349 1299 3396 et
1321 3336 1432 3396 lemno
1450 3338 1560 3416 potitus
1583 3351 1661 3423 erat,
1677 3338 1734 3396 Co·

127 3434 228 3493 mitem
242 3436 341 3494 nescio
357 3455 442 3513 quem
455 3456 520 3495 cum
536 3436 633 3495 deoem
651 3434 822 3505 triremibus
832 3430 947 3494 'lemno
959 3435 991 3493 iu
1004 3433 1137 3494 lmbru‘m
1156 3434 1270 3494 solvere
1281 3434 1385 3513 jussit,
1403 3448 1435 3494 ut
1450 3436 1524 3494 hanc
1543 3454 1660 3515 quoque
1682 3436 1730 3494 in-

128 3532 220 3597 sulam
236 3530 294 3591 sibi
308 3531 492 3610 adjungeret.
510 3532 608 3599 Κόντυς
623 3532 670 3606 δὲ,
688 3531 856 3591 Critobulus
872 3553 897 3601 a,
919 3532 968 3602 23,
984 3552 1002 3589 a
1020 3531 1079 3605 ait,
1096 3530 1253 3610 ἀφικόμενος
1272 3532 1298 3599 ἐς
1312 3530 1425 3613 'luipolt
1442 3530 1486 3602 ξὺν
1501 3538 1559 3599 ταῖς
1577 3532 1641 3592 δέκα
1653 3530 1734 3612 τριή-

128 3651 185 3707 ριαι
199 3630 260 3708 (Ἵ,
274 3628 367 3707 λόγους
379 3628 520 3710 πρυαρόρει
538 3629 708 3710 Κριτυόυόλῳ
727 3632 766 3710 τῷ
783 3628 881 3700 ταύτης
891 3628 1036 3709 ἐπόρχαντι
1048 3630 1108 3711 περὶ
1123 3629 1247 3697 ἐνδόσεως
1263 3633 1311 3701 τῆς
1324 3628 1423 3702 νήσου,
1437 3629 1585 3710 ὶγχειρόαας
1601 3630 1674 3710 αὑτῷ
1689 3629 1734 3690 καλ

157 3795 192 3858 (¹)
209 3796 363 3859 Κριτόόονλας
375 3798 390 3846 ό
400 3797 534 3857 νησιώτης,
550 3796 581 3847 τὰ
597 3802 678 3861 πρῶτα
689 3802 736 3845 τῶν
747 3794 943 3859 ’4μ6ριωιῶν,ιὴν
955 3797 1087 3860 ξυγγραφήν
1097 3797 1166 3854 τήνδε
1179 3798 1306 3862 ξυνέγραψε
1317 3796 1362 3846 lib.
1379 3800 1402 3858 l,
1419 3803 1440 3857 t,
1456 3803 1465 3847 4
1479 3812 1504 3861 p.
1519 3801 1563 3858 5⁴3
1576 3796 1733 3863 Κριιόόυνλος

127 3868 143 3915 d
161 3864 298 3931 Ἰγιόριώιης
313 3871 327 3919 ὁ
340 3869 381 3918 καὶ
396 3867 452 3917 τάδε
464 3868 608 3933 ξυγγράψας,
626 3871 650 3929 3,
665 3870 702 3927 44,
719 3871 729 3916 4
743 3880 767 3931 ρ.
784 3870 835 3916 tas.
848 3868 940 3917 Nomen
951 3866 1043 3930 gentile
1054 3867 1204 3930 Ἰριὸριώιης,
1214 3867 1285 3947 puod
1297 3868 1397 3918 τυιιιιιὸν
1413 3867 1490 3919 luisse
1500 3866 1607 3929 videtur,
1625 3867 1685 3918 alibi
1696 3881 1737 3919 me

128 3934 209 3999 legere
231 3950 280 3986 non
299 3935 406 3987 memini.
425 3937 566 3988 Similitere
579 3936 718 3986 nominihus
734 3936 759 3987 in
779 3952 804 3993 ας
820 3936 989 3987 desinentibus
1008 3937 1144 3986 tornantur
1156 3936 1314 4001 Ἠπειρώτης,
1333 3936 1417 3996 Ἰήτης.
1427 3933 1500 3994 Quod
1519 3936 1608 3987 attinet
1625 3936 1692 3988 istud
1705 3939 1735 3987 τὰ

127 4009 224 4070 πρῶτα,
241 4007 274 4056 ol.
297 4003 415 4057 Herodol.
430 4014 454 4067 o,
471 4014 515 4057 tud
531 4024 537 4055 ι
551 4008 662 4070 Αἰσχίνης
685 4006 730 4056 ἰὼν
752 4012 800 4056 τῶν
815 4004 948 4069 Ἑριτριὲιυν
964 4006 995 4057 τὰ
1013 4005 1155 4069 πρῶτα,ἰό.
1169 4012 1193 4067 9,
1212 4008 1241 4058 77
1254 4015 1263 4055 t
1275 4007 1384 4070 Λάμπων
1398 4009 1540 4071 Αῑγινητέων
1554 4010 1584 4057 τὰ
1598 4014 1690 4072 πρῶτα.
1702 4010 1733 4059 V.

127 4076 209 4130 Behr.
221 4076 254 4127 ad
267 4077 358 4129 Herod.
370 4078 388 4127 i.
403 4078 431 4137 4.,
446 4077 529 4142 steph.
540 4077 614 4129 Thes.
628 4091 649 4127 s.
667 4092 690 4128 v.
706 4078 788 4141 πρώτη
801 4090 824 4142 p.
841 4082 911 4137 atti,
923 4080 954 4128 D.
967 4104 999 4115 —-
1011 4078 1081 4128 Atius
1096 4078 1216 4141 sequioris
1238 4079 1287 4128 aori
1310 4077 1451 4130 cntobuius
1469 4080 1509 4129 est
1520 4082 1608 4129 auctor
1628 4078 1735 4130 homilia

127 4145 160 4195 de
180 4147 293 4209 passione
312 4147 421 4209 Domini,
433 4148 504 4210 cujus
521 4147 646 4213 exemplar
661 4147 720 4198 olim
735 4147 817 4197 tuitin
836 4146 983 4198 bibliotheca
997 4147 1150 4199 Soorialeusi.
1164 4146 1221 4199 vid.
1235 4147 1359 4212 catalogos
1378 4147 1500 4198 iihromm
1517 4162 1554 4213 gr.
1573 4151 1668 4199 scona
1685 4150 1736 4200 iia·

128 4217 216 4268 rooetio
229 4222 255 4269 et
263 4218 361 4270 Niooiao
373 4218 405 4269 de
418 4220 442 4269 la
455 4223 531 4271 Torre
544 4222 668 4270 molestos
681 4218 707 4269 in
722 4217 779 4269 hod.
791 4218 863 4269 codd.
878 4218 979 4270 Scouai.
994 4222 1021 4287 ii,
1032 4221 1075 4280 Vt,
1091 4224 1119 4270 ts
1133 4220 1159 4270 et
1171 4221 1199 4281 i,
1212 4220 1260 4279 1‚o
1273 4218 1368 4270 ethius
1383 4218 1450 4283 apud
1461 4218 1644 4269 Emmanuelem
1655 4217 1736 4270 itiiier

128 4287 154 4337 in
175 4290 321 4352 caidocus
338 4290 383 4341 des
398 4302 457 4340 nass.
472 4305 511 4354 or.
525 4291 558 4342 de
571 4288 713 4341 t'eseurtot
732 4302 757 4353 ρ.
773 4292 817 4339 ott
835 4291 861 4339 st
872 4292 929 4341 ato.
944 4318 972 4327 -
986 4290 1130 4342 mennam
1150 4289 1232 4341 nostrl
1248 4288 1361 4341 historici
1382 4288 1428 4339 tuit
1446 4289 1602 4354 lipsiensis<
1615 4289 1657 4351 qui
1669 4289 1736 4353 apud

128 4358 250 4411 'rhomam
265 4359 426 4425 Peloponnesi
439 4363 568 4425 despotam
578 4362 667 4413 medici
678 4372 783 4412 munere
793 4361 892 4411 iunctus
901 4372 956 4411 esse
969 4360 1076 4422 ridetur,
1090 4363 1116 4412 ot
1129 4374 1159 4413 eo
1172 4362 1223 4411 tere
1234 4365 1346 4425 tempora
1357 4366 1409 4424 quo
1421 4360 1529 4411 Thomas
1542 4360 1569 4411 in
1586 4361 1658 4413 italia
1667 4360 1734 4411 diem

127 4429 190 4481 ootit
202 4431 243 4495 (ta
254 4430 321 4492 Maii,
335 4434 412 4495 1445),
424 4446 482 4482 cum
497 4432 553 4483 iliis
574 4434 683 4497 oespotn
699 4436 825 4482 Anconam
838 4430 912 4481 venit.
923 4431 982 4484 vid.
993 4432 1095 4496 epistota
1111 4431 1260 4482 bessarionis
1275 4430 1413 4482 cardinalis
1426 4430 1461 4495 (d.
1480 4437 1505 4482 9.
1520 4437 1581 4496 hug.
1607 4433 1674 4493 tiso)
1690 4446 1730 4495 ap.

129 4501 274 4551 Phrautzern
286 4515 312 4565 p.
322 4505 440 4563 ito-ias,
451 4504 477 4553 in
490 4516 540 4566 qua
555 4503 687 4568 paedagogo
698 4505 725 4552 et
741 4500 869 4553 critobulo
886 4502 982 4553 medico
997 4516 1058 4553 cura
1071 4516 1205 4568 puemmrn
1214 4502 1311 4553 itionum
1330 4502 1524 4554 commendatur.
1536 4504 1624 4553 ttoster
1636 4514 1735 4565 quoque

128 4569 272 4625 (iritohulris
286 4587 335 4623 non
349 4574 446 4638 unctus
468 4574 514 4625 tuit
530 4573 640 4639 despotia
662 4572 835 4637 peloponnesa
854 4587 910 4624 nam
925 4574 1001 4625 irater
1020 4575 1123 4625 Thema
1143 4571 1296 4634 ὓειιιεῑιιιιλ,
1311 4573 1423 4624 imbrum
1437 4575 1464 4624 et
1475 4575 1594 4624 Mannum
1612 4570 1735 4623 nsotrae

127 4641 214 4695 rums
223 4642 273 4693 sibi
283 4641 337 4693 dari
348 4644 461 4708 cupiens,
474 4659 504 4695 ea
514 4644 546 4695 de
559 4656 587 4696 ra
600 4644 679 4695 literis
690 4642 752 4694 adiit
763 4640 920 4694 critobulnm
931 4647 958 4695 et
969 4644 1016 4694 hoc
1026 4639 1198 4708 lucanisque
1211 4640 1325 4707 cupiebat
1339 4640 1452 4694 obtinuit.
1462 4641 1583 4695 tonassts
1593 4641 1737 4695 critobulus

129 4714 156 4769 ot
170 4712 223 4779 ipse
236 4714 348 4764 medicus
361 4716 441 4767 tuerat
455 4729 529 4779 penos
544 4718 667 4781 satrapam
678 4714 784 4777 aliquem
797 4713 944 4775 turcicum,
962 4716 1026 4765 stom
1039 4714 1104 4779 apud
1115 4726 1185 4777 reges
1202 4715 1334 4765 Persarum
1350 4714 1459 4777 ctesias,
1474 4714 1642 4774 Democedes‚
1657 4713 1731 4777 Apol·

130 4780 234 4840 ΜΕ
250 4784 339 4835 Virum
355 4798 371 4834 a
385 4785 421 4835 rei
441 4785 543 4836 mediae
563 4785 666 4837 scientia
685 4798 733 4835 non
748 4783 855 4836 alienum
870 4786 973 4851 prodere
991 4785 1088 4838 videtur
1105 4786 1181 4851 pastis
1193 4786 1327 4851 descriptio
1337 4785 1372 4851 (o,
1386 4790 1413 4836 48
1431 4800 1456 4850 ρ.
1470 4786 1534 4849 too),
1546 4798 1634 4848 quam,
1654 4785 1676 4833 si
1692 4798 1734 4833 ro-

129 4852 230 4913 iaisset,
242 4854 317 4905 etiam
330 4856 509 4909 accuratiorem
521 4856 634 4907 exhihere
644 4856 778 4921 potuisset,
792 4859 821 4906 ut
834 4854 956 4922 mitigitur
966 4870 998 4908 er
1007 4857 1090 4909 verbis
1102 4878 1109 4907 :
1122 4860 1234 4908 Τοιοῦτόν
1246 4858 1276 4915 δή
1286 4874 1309 4907 τι
1321 4860 1361 4909 ssi
1371 4860 1399 4907 τὸ
1411 4854 1472 4914 εἶδος
1484 4864 1525 4915 τῆς
1535 4856 1623 4917 νόσου,
1636 4856 1669 4912 ὡς
1679 4855 1732 4916 ἐμοί

128 4938 158 4985 γι
169 4923 287 4984 eamden
298 4925 328 4974 τὰ
341 4926 440 4975 πλεῖστα
451 4926 615 4991 παραλιπόντι.
625 4926 694 4976 idem
711 4925 842 4989 Ιιςςιιρειιι,
855 4927 1014 4978 liechemetis
1035 4928 1172 4987 medicum,
1183 4941 1232 4977 uon
1253 4928 1388 4978 iutmducit
1407 4927 1501 4991 absquo
1523 4926 1645 4989 praeconio
1666 4922 1733 4987 quod

129 4991 247 5059 collegam
260 4994 336 5059 sapit,
356 4996 426 5059 ἄνδρα
439 5009 530 5045 vocans
542 5000 614 5059 τυρὸν
627 4998 666 5045 καὶ
685 4996 715 5044 τὰ
729 5000 810 5057 πρῶτα
821 5003 862 5058 τῆς
873 5000 956 5063 τέχνης
967 5001 1078 5063 φέροντα,
1090 4999 1136 5059 don
1152 5000 1204 5061 περί
1227 5014 1254 5048 τι
1274 4999 1302 5047 τό
1320 4998 1448 5062 πραατιαόν
1462 4998 1502 5045 καὶ
1518 4996 1656 5060 ραινόμινον
1672 4997 1732 5059 igar,

129 5064 171 5113 καὶ
182 5066 229 5127 dost
240 5068 292 5132 trapi
300 5068 328 5116 τό
336 5067 477 5132 θεωρητικὸν
487 5069 528 5117 stoi
541 5069 695 5131 dorcacestria,
705 5068 744 5115 val
760 5068 789 5126 δὴ
801 5071 842 5118 ast
860 5072 920 5133 μέγα
937 5070 1064 5133 δυνίριιναν
1074 5070 1130 5134 παρ’
1142 5070 1206 5133 αὐτῷ
1219 5062 1254 5132 (4,
1264 5072 1288 5128 s,
1298 5070 1313 5117 4
1325 5080 1350 5131 p.
1369 5064 1432 5129 444).

163 5146 214 5211 (·*)
226 5149 316 5213 copias
334 5149 443 5200 hostium
466 5150 550 5201 nescio
570 5164 602 5201 an
619 5150 651 5201 de
671 5147 791 5200 industria
804 5149 945 5201 critobulus
961 5152 1031 5216 iusto
1041 5149 1147 5212 majores
1165 5146 1309 5213 prodiderit.
1323 5149 1375 5197 sec.
1389 5148 1485 5196 Ducam
1497 5158 1523 5210 p.
1539 5143 1734 5198 autuoortms

132 5216 350 5285 ”finierim
378 5234 426 5272 sec.
439 5221 596 5273 critobutum
606 5235 665 5273 vero
677 5221 778 5284 triginta
790 5222 903 5273 triremes
916 5222 942 5273 in
954 5234 1023 5275 mare
1033 5220 1144 5285 AEgoeum
1155 5216 1266 5269 adduxit.
1549 5233 1561 5239 ··
1673 5230 1677 5236 ’

929 5313 948 5394 vj
1597 5308 1633 5373 a.
