3809 5859
413 328 661 391 Mnoflellul'ls
680 328 810 403 ANNUS
831 330 881 391 lli.
904 332 981 393 (1961
1005 329 1189 410 (lm-liin
1210 330 1245 389 P.
1269 330 1324 405 C.).
1624 332 1664 395 95

66 459 141 518 κενόν
154 459 255 539 ἀνδρῶν
278 458 324 517 καί
341 461 394 517 τῶν
407 458 619 540 προμαχομένων
638 458 735 541 ἔρημον
751 460 842 541 (ίγγίις
901 460 998 540 μεταξύ
1012 466 1058 522 τοῦ
1079 460 1196 539 μεγοίλου
1212 460 1312 542 τείχους
1325 484 1371 520 και
1393 485 1438 521 του
1460 474 1663 543 σταυρωματος,

64 549 118 629 γάρ
131 570 182 606 που
193 546 335 627 ἐτύγχανεν
348 545 385 607 ὢν
399 548 585 628 ἀγωνιζόμενος
594 548 618 629 ),
633 548 692 615 τούς
703 572 731 607 τε
745 549 841 633 ἄνδρας
897 548 988 628 βαθίος
1005 548 1076 616 ὄντος
1095 550 1140 607 καί
1158 548 1368 621 δυαδιεξιτήτου,
1388 548 1434 608 καί
1452 551 1664 630 κατασρόττουσι

65 634 217 703 ὑπεξιόντος
239 634 383 714 λαθραίως,
397 634 456 702 τούς
476 658 505 693 τε
530 635 654 711 μένοντας
672 636 784 703 ἀσθενῶς
806 638 841 694 δι’
894 637 994 705 πάντας
1014 642 1107 710 αὐτοῦ,
1119 636 1179 704 τοὺς
1195 636 1222 696 di
1237 638 1332 697 ὠθοῦσι
1352 639 1395 696 διὰ
1409 642 1457 709 τῆς
1472 638 1579 709 πυλίδος
1592 642 1663 701 ’Iou-

63 721 205 801 ὀλιγότητα
225 722 404 802 μαχομένους,
424 722 469 783 καί
481 722 555 801 γνούς
572 726 603 783 ἐκ
624 721 721 782 τούτων
745 722 790 783 τόν
813 748 842 783 τε
895 724 1043 798 ατίνου,ἥν
1063 717 1135 792 ούτος
1149 723 1259 805 ἀνέῳξεν
1273 728 1300 784 ἐν
1313 728 1351 806 τῷ
1375 729 1481 808 μεγάλῳ
1500 728 1599 808 τείχει,
1620 728 1663 787 ίνα

66 811 184 891 δρασμὸν
197 814 250 869 τῶν
265 811 366 890 ἀνδρῶν
383 808 428 869 καί
439 808 487 881 πλε
502 814 550 868 τοῦ
567 810 669 889 τείχους
687 810 840 891 ἀπόλειψιν,
893 814 1038 894 προχείρως
1052 812 1100 893 ἔχη
1113 812 1256 872 διαόαίνειν
1269 812 1312 872 inl
1326 811 1357 872 τίι
1369 814 1521 895 σταύρωμα.
1566 817 1599 897 (ε)
1611 819 1665 877 Καὶ

66 896 136 976 μέγα
149 896 252 977 ’βοήσας
266 898 351 965 εύθύς·
368 925 381 949 ι
392 895 525 977 Ἔχομεν,
542 886 625 971 εἶπεν,
640 887 663 956 ῶ
678 898 747 978 ριλοι
760 941 769 974 ,
791 896 839 968 τὴν
894 901 993 979 γίνεται
1006 902 1119 979 ὠθισμὸς
1131 906 1241 962 ἐνταῦθα
1252 902 1296 961 καί
1309 901 1385 984 μόνος
1398 905 1450 961 τῶν
1461 907 1664 985 προστυχόντων

66 985 163 1062 πόλιν,
179 986 274 1066 ῑχομιν
287 986 353 1058 ἤδη·
367 984 505 1065 φεύγουσιν
520 986 545 1043 οί
559 983 650 1061 ἄνδρες
661 982 840 1061 ἡμᾶεΊῦκίτῑ
894 989 975 1056 πολύς
988 988 1062 1073 παρὰ
1078 994 1129 1047 τῶν
1144 992 1272 1063 ὁπλιτῶν,
1293 989 1340 1049 ἅτε
1356 989 1606 1072 ξυνθεδραμηιιότων
1620 996 1665 1053 καί

66 1072 232 1151 παραμίνειν
258 1071 408 1153 ἅνίχονται·
430 1070 529 1151 γυμνὸν
554 1072 606 1130 τῶν
630 1071 839 1151 προμαχομένων
895 1078 989 1157 ίτίρων
997 1081 1043 1137 ούιι
1054 1076 1148 1155 όλίγων
1159 1078 1278 1145 ἀτάκτως
1287 1078 1406 1157 πρθςτλν
1417 1078 1481 1158 βοὴν
1491 1082 1664 1161 πολλαχόθεν·

66 1160 99 1218 τὸ
112 1161 212 1239 τεῖχος·
231 1160 319 1239 ὀλίγου
330 1159 410 1219 πόνου
428 1160 459 1218 τὸ
472 1158 548 1240 ἔργον
565 1158 642 1231 καὶὴ
659 1158 734 1227 πόλις
755 1160 839 1219 ἑάλω·

68 1248 108 1325 μὴ
130 1252 312 1326 μαλακισθῆτε
335 1239 397 1318 σῶν,
414 1245 483 1305 ἀλλὰ
504 1254 614 1328 χωρεῖτε
634 1245 697 1326 πρός
715 1245 746 1305 τ“ο
764 1246 839 1327 ίργον

69 1336 202 1417 εὐψύχως,
213 1339 257 1396 καί
265 1337 366 1416 γίνεσθε
374 1336 463 1418 ἄνδρες
470 1334 651 1417 ἀγαθοί,κᾶγὼ
661 1334 719 1411 μεθ’
728 1338 813 1413 ὑμῶν.
825 1361 839 1390 ι

71 1425 110 1502 (ε)
125 1425 218 1483 Ταῦτα
232 1424 313 1482 εἰπὼν
327 1428 417 1502 ἡγεῖτο
430 1426 533 1503 πρῶτος
545 1422 631 1490 αὐτός.
647 1424 683 1483 Oi
695 1422 724 1482 θλ
738 1424 839 1485 ἀλαλά-

69 1509 160 1578 ξαντες
171 1510 260 1592 δρόμῳ
273 1510 318 1569 καί
332 1514 383 1589 βοῇ
397 1509 529 1591 ρρικαλίῳ
540 1508 717 1591 προλαύόντες
729 1510 773 1569 τὸν
789 1514 839 1589 βα-

71 1598 148 1657 σιλέα
160 1604 289 1680 χωροῦσιν
303 1602 347 1658 ἐπὶ
357 1598 389 1657 τὸ
402 1598 561 1680 σταύρωμα,
570 1598 617 1657 καλ
630 1594 720 1679 μοίχης
731 1599 840 1676 ἰσχυρᾶς

72 1687 211 1764 γενομένης
235 1688 276 1766 ίρ’
295 1684 402 1758 ίαανὸν,
421 1686 561 1765 τρέπονται
579 1682 638 1752 τοὺς
661 1682 745 1764 ταύτῃ
768 1682 840 1744 Ῥω-

73 1774 168 1850 μαίους
181 1773 227 1832 καί
242 1774 334 1852 βιαίως
348 1773 511 1833 ἐπιόαίνουσε
525 1779 570 1832 τοῦ
583 1770 784 1854 σταυρώματος,
794 1770 841 1831 καί

70 1860 140 1920 ούτω
154 1860 213 1928 τοὺς
226 1863 274 1939 μίν
289 1864 375 1920 αὐτῶν
390 1861 510 1942 ῥίπτουσι
524 1858 593 1920 κατὰ
605 1865 651 1919 τοῦ
665 1858 782 1939 χοίραειος
793 1864 840 1918 τοῦ

895 1158 924 1224 οὗ
937 1166 969 1237 δὴ
982 1167 1027 1226 καί
1047 1163 1170 1246 βασιλεὺς
1191 1170 1388 1233 Κυινσταντῖνος
1405 1165 1496 1227 πίπτει
1515 1172 1665 1249 μαχόμενος

894 1253 1026 1329 μετὰτῶν
1041 1254 1084 1323 ξὺν
1101 1256 1173 1333 αὐτῷ
1185 1252 1319 1332 γενναίως.
1567 1286 1569 1292 v

932 1341 1009 1402 llll.
1031 1342 1066 1400 01
1084 1340 1112 1400 δὲ
1133 1343 1238 1399 ὁπλῖται
1254 1339 1389 1421 ίσεχίσντο
1406 1343 1457 1414 ἤδη
1480 1342 1522 1403 διὰ
1544 1348 1591 1416 τῆς
1619 1368 1667 1405 πυι

896 1428 967 1496 λίδος
979 1428 1023 1489 ἐπί
1037 1427 1085 1500 τὴν
1099 1431 1189 1501 πόλιν,
1203 1432 1227 1488 σί
1241 1426 1268 1485 δὲ
1283 1427 1329 1487 καί
1343 1428 1385 1486 διὰ
1401 1436 1446 1488 τοῦ
1459 1431 1666 1511 κατερριμμένου

894 1514 1010 1594 μεγοίλου
1031 1515 1133 1595 τείχους
1160 1514 1315 1575 ἐσέπιπτον·
1337 1514 1367 1573 τό
1386 1518 1414 1575 δὲ
1432 1515 1497 1574 ἄλλο
1516 1518 1666 1596 στράτευμα

894 1611 946 1662 πᾶν
969 1600 1094 1679 ἑπόμενον
1125 1604 1234 1683 ὠθισμῷ
1257 1603 1300 1661 καί
1327 1604 1372 1681 βίᾳ
1401 1604 1517 1683 ἐσεχεῖτο
1537 1607 1667 1685 λαμπρῶς

896 1689 947 1749 iri
960 1700 1047 1751 πᾶσαν
1068 1688 1116 1763 τὴν
1135 1689 1211 1750 πόλιν
1232 1690 1444 1768 σκεδαννύμενον.
1486 1693 1519 1773 (τ)
1541 1694 1669 1759 Βασιλεὺς

896 1781 919 1837 δ’
932 1778 1014 1845 ἑστὼς
1027 1776 1078 1859 πρὸ
1091 1783 1137 1838 τού
1151 1776 1266 1853 μεγάλου
1280 1777 1398 1856 τείχους,
1412 1776 1457 1837 ίνα
1471 1779 1517 1837 καί
1531 1784 1548 1851 ἡ
1564 1782 1665 1860 μεγιίλη
1691 1778 1696 1793 ’

896 1865 1000 1944 σημαία
1013 1856 1046 1937 ἦν
1061 1864 1108 1924 καί
1123 1863 1153 1923 τό
1169 1864 1302 1941 ξύνθημα,
1321 1865 1464 1925 ἀπεσκόπει
1478 1865 1512 1925 τό
1531 1867 1665 1946 δρώμενα·

71 2041 198 2104 ρατόρτιον
207 2042 232 2090 ἓν
242 2042 289 2105 πρὸ
297 2042 390 2091 πολλῶν
400 2039 491 2105 χρόνων
505 2042 614 2101 ἀσφαλῶς
629 2039 804 2102 πεφραγμένον,
813 2036 942 2099 ὑπόγαιον,
956 2037 1012 2099 πρὸς
1023 2036 1051 2085 τὸ
1065 2036 1170 2085 κάτωθεν
1183 2036 1250 2099 pipo<
1260 2040 1303 2085 τοῦ
1315 2035 1449 2085 παλατίου’
1464 2036 1505 2085 οιαὶ
1523 2037 1668 2096 δηλώσαντες

70 2114 109 2172 τῷ
126 2112 231 2172 βασιλεῖ,
245 2110 284 2159 διὰ
293 2110 439 2173 προστάξεως
451 2111 522 2161 αὑτοῦ
535 2110 646 2173 ἠνοίχθη
660 2110 701 2157 καὶ
712 2108 834 2171 dippum
844 2106 947 2163 ἐξαύτοῦ
958 2104 1152 2167 περισκεπόμινοι
1162 2110 1213 2161 τοῖς
1224 2104 1313 2168 τείχεσι
1325 2110 1373 2159 τοῖς
1387 2106 1532 2167 ὑγιαίνουσι,
1549 2108 1589 2156 nei
1599 2108 1667 2157 ἀντι-

71 2181 178 2242 μάχοντο
193 2184 240 2235 τοῖς
251 2180 362 2243 Τούριιοις
375 2180 399 2229 ts
411 2185 446 2243 τῷ
455 2179 604 2243 περιθολαίῳ,
614 2179 649 2229 Τὸ
659 2179 684 2227 θλ
693 2178 769 2240 ὄνομα
777 2183 819 2235 τῆς
829 2182 915 2238 speon:
930 2175 1019 2233 ἐκείνης
1028 2174 1101 2229 πύλης
1113 2175 1219 2223 ermeno
1233 2191 1290 2223 ποτε
1307 2174 1467 2239 Κερτοπὸρεα.
1480 2175 1572 2225 Eadem
1591 2180 1668 2239 porta

71 2250 222 2310 Ξυλοιιίριιου
233 2246 323 2297 (licitur
335 2249 400 2311 apud
411 2250 607 2298 caunensium
626 2246 670 2297 lib.
690 2251 713 2308 θ,
728 2259 751 2295 c.
770 2247 786 2295 9
803 2262 810 2293 :
827 2247 873 2295 Καὶ
892 2243 1007 2304 διελέγετο
1021 2243 1096 2307 κρύφα
1111 2247 1159 2297 τοῖς
1176 2244 1200 2291 iu
1213 2244 1334 2305 Βυζαντίῳ
1347 2244 1433 2306 φίλοις,
1448 2245 1488 2293 ἐὰν
1502 2246 1609 2294 δύναιντο
1624 2246 1667 2305 τήν

68 2319 139 2367 πόλιν
156 2320 220 2381 αὐτῷ
240 2318 583 2382 παραδιδόναι·ίπηγγε’λλοντό
596 2320 676 2377 τετήν
691 2324 731 2378 τῆς
745 2316 895 2380 Ξυλοιιίριιου
907 2316 1033 2378 λεγομένην
1047 2316 1121 2372 πύλην
1135 2314 1163 2364 ἐιι
1174 2316 1268 2364 πολλῶν
1284 2315 1345 2363 θεῶν
1359 2316 1577 2379 ιἰπῳιιοδομημίνην
1588 2318 1666 2379 inopi·
1762 2352 1765 2357 ,

69 2393 150 2443 ξαντα
166 2389 282 2448 εἰσάγειν.
294 2390 410 2439 ceterum
423 2402 468 2452 per
478 2389 542 2439 hunc
553 2389 725 2452 cercoportcm
741 2388 841 2435 Grecos
851 2384 877 2434 in
888 2383 976 2433 urbem
992 2386 1103 2433 retrusos
1118 2394 1172 2433 esse
1192 2383 1218 2433 in
1236 2395 1316 2447 eoque
1340 2384 1451 2433 tumultu
1469 2384 1585 2435 occidisse
1601 2386 1667 2435 Onn-

70 2456 207 2509 stontinnrn
233 2458 375 2508 critobulus
392 2458 461 2508 hund
475 2462 543 2509 recte
553 2460 650 2509 dixerit.
663 2461 700 2508 lix
711 2457 800 2508 ceteris
811 2454 972 2518 scriptoribus
983 2454 1103 2518 colligitur
1115 2452 1302 2505 Constantinum
1314 2453 1378 2503 inter
1391 2454 1518 2504 cllumicm
1532 2456 1667 2518 portentet

70 2532 168 2592 portam
180 2532 206 2578 S.
216 2529 331 2590 Romani,
346 2543 395 2579 nou
408 2543 467 2580 soro
477 2543 551 2594 prope
566 2529 696 2594 palatium,
707 2527 834 2577 cecidisse.
848 2529 931 2576 Duces
945 2538 971 2588 p.
988 2530 1042 2584 285,
1060 2528 1086 2575 17
1101 2526 1197 2575 Τυτοοε
1215 2524 1391 2589 quinquaginta
1403 2528 1490 2575 narret
1508 2538 1554 2589 per
1573 2526 1666 2576 cerco·

70 2603 169 2663 portent
181 2603 322 2663 penetrasse
330 2599 435 2662 indeque
443 2601 468 2649 in
484 2615 585 2651 murum
594 2599 767 2660 adscendisse;
783 2598 822 2648 his
833 2597 859 2647 in
871 2598 921 2647 alto
938 2595 1089 2660 conspectis,
1105 2600 1245 2657 llomenos,
1265 2596 1309 2659 qui
1322 2599 1379 2645 ente
1396 2609 1496 2647 murum
1512 2596 1665 2667 pugnebent,

69 2675 166 2721 terrore
176 2669 302 2734 perculsos
310 2682 354 2733 per
369 2670 457 2720 clicrsi
470 2674 565 2733 portam
574 2672 634 2733 (per
646 2668 747 2719 liomnnl
759 2672 855 2732 portmn
869 2681 919 2717 sec.
929 2666 1092 2719 Chalcocond.
1109 2682 1134 2728 p.
1150 2672 1203 2730 39⁶,
1220 2674 1229 2716 1
1240 2666 1248 2731 )
1262 2666 1287 2715 in
1299 2666 1386 2716 urbem
1398 2665 1579 2729 praecipitanter
1592 2680 1619 2717 se
1628 2680 1667 2717 re-·

70 2740 169 2802 cepisse
183 2738 244 2789 odeo
258 2739 437 2789 utinriremse
448 2741 627 2789 conculcarent.
649 2741 704 2796 Quo
714 2738 776 2798 riso,
786 2739 893 2796 Turcos,
907 2738 951 2799 qui
964 2736 1029 2786 circe
1046 2737 1222 2788 ltlecliemetcm
1234 2739 1318 2795 erent,
1329 2735 1470 2785 insistentes
1481 2735 1630 2797 fugientibus
1641 2736 1667 2785 in

71 2810 161 2861 urbem
171 2809 304 2873 irruppissc
316 2811 406 2873 portien
417 2823 462 2873 per
474 2811 578 2861 nondun
589 2810 675 2861 Ghorsi
693 2812 790 2874 portam
801 2809 842 2873 (S.
853 2806 956 2858 Romani
970 2820 1019 2857 sec.
1032 2807 1185 2871 Barburum),
1205 2806 1295 2870 parlim
1315 2819 1373 2855 vero
1394 2818 1438 2869 per
1453 2805 1580 2869 proximas
1601 2807 1667 2856 muri

70 2881 170 2939 ruiuss,
190 2894 266 2943 quum
286 2884 359 2944 ports
371 2894 430 2933 mox
445 2884 600 2932 mortuorum
617 2883 643 2931 et
662 2880 838 2943 exspirantium
859 2878 1004 2942 corporibus
1018 2878 1184 2929 obturaretur.
1199 2878 1259 2928 Τότε
1283 2877 1316 2932 cl:
1334 2882 1382 2925 τῶν
1399 2876 1511 2941 Τυύμιων
1530 2878 1583 2933 δοὺς
1602 2878 1667 2940 αύτῷ

71 2948 263 3014 (consentino)
275 2951 337 2999 κατὰ
349 2951 477 3013 πρόσωπον
493 2953 533 2999 καὶ
542 2953 643 3010 πλήξας,
654 2952 696 2999 καί
715 2950 783 3005 αὐτὸς
795 2954 831 3011 τῷ
846 2949 944 3011 Τούριιῳ
959 2949 1037 3011 ίτέραν
1051 2949 1191 3011 ἐχαρίσατο·
1203 2952 1250 3001 τῶν
1268 2947 1364 2996 ὄπισθεν
1373 2948 1396 2995 θ’
1411 2948 1486 3010 ἔτερος
1502 2948 1596 3009 ιιαιρίαν
1615 2948 1668 3003 δοὺς

69 3020 176 3081 πληγὴν,
189 3019 259 3068 ineos
268 3019 331 3068 κατὰ
337 3024 409 3080 γῆς...
417 3018 465 3069 Ἦν
478 3022 528 3083 ὥρα
537 3021 617 3083 πρώτη
628 3021 771 3087 τῆςήμίρας,
785 3018 852 3075 ἡλίου
864 3018 931 3067 ούπω
942 3016 1002 3081 ύπίρ
1012 3024 1056 3079 γῆν
1070 3018 1186 3079 ρανίντος.
1198 3016 1355 3067 Etodounon
1364 3016 1390 3065 ti
1402 3016 1440 3065 ιιαί
1453 3016 1668 3067 διασκεδασθέντων

71 3091 121 3138 ἀπὸ
138 3094 175 3148 τῆς
191 3089 265 3147 πύλης
279 3091 383 3153 Χαριαού
399 3089 443 3144 ίως
460 3095 505 3139 τοῦ
517 3090 633 3139 παλατίου
650 3091 691 3137 τὸν
706 3088 874 3146 ἀπαντήσαντα
892 3086 1000 3148 ίφόνιυον
1014 3087 1101 3150 ὁμοίως
1115 3088 1156 3137 ιιαί
1171 3087 1212 3136 τὸν
1227 3086 1349 3149 φεύγοντα.
1367 3085 1500 3134 Phrantzes
1515 3096 1540 3147 p.
1560 3090 1614 3147 285,
1638 3093 1668 3136 20

72 3172 164 3209 nomen
175 3161 252 3222 portio
264 3171 396 3221 perquem
413 3159 488 3209 Turci
503 3160 656 3223 irruperunt,
669 3172 717 3209 uon
733 3160 869 3217 memoret,
882 3156 1032 3207 intellexisse
1050 3160 1134 3209 entem
1152 3156 1252 3216 ridetur
1261 3158 1286 3206 S.
1306 3154 1408 3205 llorneni
1422 3158 1533 3218 portem,
1553 3156 1668 3219 quonienr

72 3229 140 3279 circo
151 3228 215 3278 hono
233 3228 406 3291 imperatorem
419 3232 445 3278 et
454 3229 612 3279 Franciscum
622 3230 766 3279 Toletnnum
785 3229 811 3277 et
824 3226 986 3291 Theophilum
1002 3226 1167 3291 Polaeologmn
1184 3229 1210 3276 ct
1223 3229 1341 3276 loannem
1353 3225 1490 3275 Delmetem
1508 3222 1604 3275 sortiter
1620 3239 1667 3289 pu·

72 3302 175 3363 guantes
183 3299 328 3349 occubuisse
344 3300 420 3350 retcrt
430 3313 455 3363 p.
473 3304 527 3359 187,
540 3298 634 3351 addens
649 3314 677 3350 se
687 3299 770 3363 ipsum
781 3300 837 3349 tum
853 3298 879 3347 in
895 3297 935 3347 liis
945 3298 1006 3347 locis
1018 3310 1067 3347 non
1083 3297 1197 3358 siluisse,
1212 3296 1294 3346 sedin
1312 3295 1360 3345 alia
1376 3295 1446 3345 urbis
1459 3296 1529 3358 perte
1540 3298 1667 3345 uersatum

7 3388 12 3408 ι
73 3384 138 3420 esse.
151 3372 234 3427 Quare
246 3368 321 3419 etiem
334 3367 365 3418 do
381 3369 538 3433 rationeque
553 3369 650 3419 occisus
664 3368 697 3419 sit
714 3369 848 3433 imperator
867 3366 928 3417 nihil
950 3366 1062 3417 tradidit.
1076 3366 1217 3417 Lconmdus
1236 3380 1261 3430 p.
1278 3369 1323 3415 333
1340 3364 1376 3414 ite
1397 3364 1472 3415 habet
1490 3366 1543 3415 :sc
1555 3366 1668 3415 trtulcern

71 3440 169 3498 nostri,
184 3439 215 3487 ut
234 3439 342 3499 portam
356 3438 617 3500 increderentnrcito
637 3440 753 3502 oppressi
769 3438 895 3501 pereunt.
913 3435 1010 3493 Quidue
1030 3438 1139 3488 τὐηίονιε
1155 3437 1303 3499 imperator
1316 3433 1411 3489 cadens
1431 3436 1512 3497 atquc
1530 3446 1668 3497 reserpere

73 3509 203 3561 relabitur
216 3512 242 3559 et
252 3511 444 3572 compressione
458 3512 583 3573 princeps
588 3510 687 3572 patric
702 3510 786 3559 evito
799 3506 939 3569 demiprnt.
956 3510 1094 3558 Perierunt
1111 3520 1144 3557 es
1153 3508 1290 3557 nostriset
1304 3507 1406 3555 latinis
1417 3507 1443 3554 et
1454 3506 1550 3555 Grecis
1561 3517 1589 3553 se
1599 3508 1667 3555 invi·

72 3592 130 3630 cem
144 3579 355 3631 corrculcantilius
367 3581 396 3629 in
410 3583 496 3645 portus
512 3583 585 3631 eritis
600 3582 707 3632 circiter
720 3580 871 3641 octlnyenti.
889 3579 943 3627 Sco.
961 3576 1182 3641 chelcocondylnm
1198 3591 1223 3641 p.
1239 3581 1293 3631 395.
1310 3574 1539 3631 15Τιιτο11πιύντις
1557 3577 1598 3624 rud
1610 3577 1667 3625 διώ-

73 3668 155 3707 κοντες
172 3650 276 3713 ἔτρωσαν
295 3650 395 3719 βασιλίρ
412 3654 590 3702 Κωνσταντῖνον
605 3651 629 3707 lc
646 3651 687 3701 τὸν
707 3652 788 3711 ὦμον,
800 3652 841 3698 nui
854 3648 1012 3706 ἐτελεύτησεν.
1023 3649 1145 3698 Ρυευυλιιε
1157 3662 1216 3698 vero
1228 3648 1263 3711 (l,
1283 3644 1356 3709 loon)
1372 3648 1503 3710 postquem
1519 3644 1668 3695 dixersllu-

74 3720 207 3770 stinianum
222 3717 543 3783 mnossumrdisoessisse,
559 3718 719 3769 deluderem
740 3718 824 3769 decem
842 3717 973 3780 ienitrnroe
989 3716 1014 3766 in
1031 3730 1156 3767 summum
1169 3730 1281 3781 aggerem
1294 3714 1434 3780 pervenisse
1454 3713 1573 3777 indeque,
1591 3728 1669 3777 quum

74 3791 207 3855 oppidanos
220 3790 361 3853 perterritos
376 3790 495 3852 otingam
508 3790 637 3841 molientes
645 3789 770 3850 riderent,
781 3788 932 3839 horrendum
946 3788 1053 3838 edidisse
1062 3788 1206 3850 clamorem,
1221 3786 1300 3852 pergit
1311 3787 1378 3836 hunc
1391 3786 1416 3835 in
1430 3784 1550 3835 modum·

538 3914 586 3959 Rex
592 3914 688 3967 ullorte
696 3917 768 3969 ceput
773 3912 843 3968 paleo
853 3912 959 3955 nudetur
964 3910 1035 3955 inani

538 3976 751 4020 inclinassemus
761 3975 827 4019 intro
838 3973 940 4018 tentorio
948 3972 1021 4027 sersos

356 4052 372 4083 α
537 4036 981 4093 σασρεύαεσοιπιιαπν,ιιιαρπσσίσιαοτε
990 4034 1077 4079 citatus

539 4098 1049 4157 exilit.cpuesuccciocsrevocorslodorons
1099 4128 1103 4139 .

538 4161 665 4217 increpitet
677 4162 758 4211 socios.
769 4160 1003 4216 tresipsrrpuenopere
1012 4160 1107 4203 irrrncct

489 4234 497 4247 ·
538 4223 687 4269 Jonitzcror.
700 4222 805 4267 Tondcsn
811 4220 962 4265 medicinler
971 4224 1075 4275 temporo
1082 4219 1169 4275 mnndi

540 4284 632 4330 vibrato
644 4284 728 4329 cecidit
737 4284 828 4341 plodio.
843 4283 918 4337 θσραε
929 4282 1028 4326 adstulit
1038 4292 1101 4326 ιινιιιε

538 4357 568 4388 ια
580 4344 698 4398 numum
707 4359 786 4401 recem
797 4344 912 4396 missorii,
922 4355 967 4399 pro
977 4355 1073 4387 numere
1084 4354 1169 4386 cesum

540 4408 624 4452 attulit
635 4411 708 4465 utque
717 4408 774 4453 doci
783 4407 933 4455 Moclrnretto,
944 4407 968 4448 et
975 4405 1036 4449 donn
1046 4404 1142 4461 recepit.

76 4521 201 4572 Burburus
213 4534 239 4584 p.
253 4522 282 4571 57
301 4538 307 4567 ι
323 4520 359 4569 De
369 4518 543 4582 l'irnporador
553 4522 610 4569 onai
623 4532 677 4569 non
688 4534 715 4571 se
721 4520 784 4584 pote
793 4516 976 4571 sooernooelc
988 4516 1016 4567 dl
1026 4517 1090 4581 solli
1100 4519 1148 4579 sol,
1162 4519 1191 4567 ni
1202 4520 1262 4567 οιύο
1276 4518 1304 4566 nl
1313 4518 1409 4574 morlo.
1425 4528 1471 4565 rna
1485 4516 1577 4577 alpuni
1592 4512 1670 4575 dixe,

77 4589 125 4641 che
137 4588 199 4652 elio
209 4590 274 4639 oislo
284 4587 365 4637 inncl
375 4600 485 4637 numero
499 4586 527 4638 dl
536 4590 613 4652 corpi
625 4590 720 4649 morti,
736 4589 761 4640 el
773 4587 839 4653 quoi
851 4587 879 4652 so
899 4585 971 4647 dito,
983 4586 1030 4637 clre
1046 4587 1071 4637 cl
1086 4600 1114 4637 se
1125 4586 1218 4651 sotepd
1234 4586 1264 4636 cl
1279 4586 1353 4637 intrd
1371 4584 1416 4635 che
1433 4583 1517 4649 [enei
1536 4580 1634 4632 Turchi
1652 4596 1670 4632 α

79 4662 107 4710 lo
118 4664 201 4724 porto
215 4660 249 4710 de
259 4664 455 4711 son-liornnno.
468 4659 507 4709 Ad
520 4659 574 4709 lraec
584 4660 610 4709 in
621 4660 728 4724 margine
744 4660 869 4724 adscripta
879 4660 955 4707 sunt:
967 4656 1149 4721 n’rmperador
1164 4668 1287 4721 propone
1299 4655 1346 4707 clue
1357 4657 1376 4707 ll
1387 4658 1446 4707 suot
1461 4654 1631 4712 ιὀοιοτοεεσ,
1644 4654 1670 4701 ct

78 4732 101 4779 si
115 4742 197 4781 messe
208 4729 282 4779 nella
293 4728 369 4793 surio
377 4742 427 4779 con
437 4730 465 4779 lo
479 4729 565 4793 spado
570 4766 581 4792 ,
589 4733 614 4779 et
626 4732 699 4780 coscd
708 4732 734 4780 et
746 4729 843 4789 rliccd,
854 4730 901 4792 poi
912 4729 1017 4777 recosrd
1027 4732 1051 4778 ot
1067 4731 1119 4779 cosi
1135 4728 1213 4779 mori.
1232 4726 1339 4790 nonique
1354 4738 1437 4776 rumor
1448 4721 1607 4788 spergebatur
1622 4736 1670 4773 non

79 4800 195 4851 cecidisse
209 4800 389 4865 imperatorem,
399 4799 442 4848 sed
452 4799 561 4863 elapsum
573 4800 661 4850 alicubi
672 4799 781 4862 utinm,
792 4803 822 4851 ul
836 4799 948 4849 referunt
959 4804 1043 4848 auctor
1060 4798 1151 4849 Thrcni
1165 4812 1190 4847 ν.
1209 4802 1254 4849 825
1271 4801 1297 4848 et
1314 4802 1372 4846 ¹015
1387 4799 1412 4846 et
1429 4796 1564 4845 Phrcntucs
1574 4806 1601 4855 p.
1615 4796 1668 4843 290.

79 4874 116 4921 De
129 4872 209 4935 capite
219 4870 371 4936 imperatoris
384 4870 416 4920 ed
426 4871 551 4921 sultanum
570 4870 644 4920 allato
656 4872 690 4921 ci.
705 4873 786 4922 Duces
799 4886 825 4936 p.
844 4874 901 4930 3⁰⁰,
920 4869 965 4931 qui
978 4872 1098 4932 prcetoree
1109 4868 1170 4919 dicit
1182 4864 1268 4933 pellem
1283 4865 1438 4917 Constantini
1455 4864 1525 4929 polee
1542 4864 1630 4913 sertem
1644 4864 1670 4911 in

79 4944 161 4994 varies
173 4944 253 4993 terres
265 4941 366 4992 missam
379 4953 442 4998 esse.
452 4944 483 4991 ut
492 4942 584 5004 ubiqm
597 4942 644 4991 hoc
655 4941 764 4991 victorin
777 4940 916 5005 symbolum
934 4944 1096 5002 spectaretur.
1108 4938 1252 4989 Audiendns
1270 4937 1351 5000 potius
1368 4936 1499 4985 Phrentzes
1510 4947 1540 4997 p.
1556 4935 1610 4995 291,
1626 4932 1671 4997 qul

80 5012 212 5075 quesitum
226 5013 290 5063 iuter
310 5014 422 5062 mortuos
437 5014 463 5062 et
477 5015 602 5076 repertum
619 5010 771 5062 comtcntini
789 5023 879 5074 corpus
894 5008 954 5071 μετὰ
974 5010 1096 5072 βασιλικῆς
1108 5014 1190 5072 τιμῆς,
1200 5006 1272 5069 jussu
1290 5003 1462 5063 ncommods,
1476 5001 1601 5065 sepultum
1614 5014 1668 5051 esso

80 5082 197 5144 prodidit.

111 5154 172 5201 Lxl.
190 5152 205 5215 §
220 5157 241 5203 1.
254 5150 388 5217 λαμπρῶς]
398 5150 538 5216 legendnm
547 5162 706 5217 proponerem
714 5150 817 5216 λάῆρως,
831 5149 878 5202 nisi
885 5152 996 5215 λαμπρῶς
1004 5148 1029 5198 in
1040 5148 1094 5200 loco
1103 5146 1225 5199 simillimo
1236 5144 1300 5195 inlrs
1311 5157 1364 5208 cop.
1379 5146 1417 5206 72,
1429 5148 1442 5192 2
1452 5142 1600 5193 occurreret.
1614 5142 1625 5206 ll
1640 5166 1671 5179 -·
