3809 5859
821 311 980 375 inlunis
1000 312 1233 374 Antiocuuul

467 480 522 539 ort
546 492 572 531 e.
597 472 658 549 [an.
678 471 760 549 aru]

268 618 334 679 ’Ὅτι
349 618 479 677 σιινεκύκα
492 619 561 676 κατὰ
579 617 624 677 τδν
639 618 716 678 αὐτὸν
735 617 829 699 χρόνον
846 620 903 695 (an.
920 620 1002 701 514.)

233 708 264 767 τδι
275 705 344 765 κατά
353 705 400 777 τὴν
411 704 522 785 Θρηίκην
535 706 699 783 Βιταλιανδς,
708 706 888 785 ἀνθρωπίσκος
903 707 1004 788 βραχύς

231 794 276 854 καί
289 792 398 870 τραυλός
412 791 459 865 τὴν
474 792 561 874 ρωνὴν
577 792 622 851 καί
636 792 682 859 τίς
699 792 781 873 ἄκρας
794 802 847 853 τοῖν
863 795 1003 877 βλεράροιν

231 879 458 957 ὐποκεκαυμίνος,
470 882 523 947 υίὸς
537 880 572 939 ῶν
588 881 782 961 Πατρικιόλου,
796 883 909 963 πατρίδα
923 886 1004 964 ἐσχη-

228 970 301 1036 κότος
326 968 455 1031 Ζάλδαόα
476 973 522 1041 τῆς
542 968 615 1027 κάτω
629 969 734 1036 Μυσίας
757 968 875 1047 πόλισμα
902 970 999 1050 βραχύ.

229 1052 313 1127 Οὐτος
331 1056 422 1129 ἐπειδὴ
447 1057 481 1117 τά
504 1056 591 1117 πολλά
607 1056 793 1138 συνδιατρίόων
819 1065 872 1125 τοῖς
893 1056 1002 1125 Οὐννοις

230 1148 392 1229 ἑτοιμότερος
424 1146 490 1227 πρδς
525 1145 650 1205 ἀπόνοιαν
683 1146 798 1223 ἠγγέλθη
826 1149 864 1227 τῷ
900 1149 1004 1224 βασιλεῖ

232 1235 387 1315 (ἀφαιρεθείς
400 1232 451 1313 γάρ
465 1231 591 1303 σιτήσεως
613 1232 740 1310 δημοσίας
765 1237 817 1293 τῶν
836 1233 1003 1311 καλουμένων

230 1325 417 1401 ροιδερατικῶν
451 1319 620 1400 ἀνθρώπιον),
644 1324 774 1398 εἰσηγεῖτο
798 1329 852 1389 τοῖς
882 1320 915 1379 τδι
943 1322 1004 1400 περ]

232 1410 345 1473 Σκυθίαν
360 1410 406 1470 καί
419 1408 530 1490 Θρηίκην
553 1412 682 1488 πληροῦσι
706 1409 843 1487 τάγματα,
865 1410 1004 1489 δυσχεραί-

230 1522 302 1559 νουσι
313 1500 360 1576 μέν
375 1498 419 1557 καί
433 1496 458 1565 ἐξ
469 1499 567 1555 ἑαυτῶν
582 1499 622 1577 ἐρ’
635 1487 672 1563 οἷς
686 1496 802 1575 έπαοχον
817 1497 881 1575 πρός
894 1502 939 1557 τοῦ
955 1499 1003 1569 τὴν

231 1585 391 1666 στρατηγίαν
410 1586 512 1665 ἔχοντος
526 1582 672 1657 Ὗπατίου,
688 1586 732 1643 καὶ
748 1586 780 1655 δὴ
802 1584 885 1643 πείθει
909 1584 1004 1665 βρδίως

230 1674 259 1732 τὸ
272 1678 373 1755 πρῶτος
392 1672 469 1752 ἄρξαι
489 1676 541 1731 τῶν
560 1672 788 1753 παρανομωτάτων
814 1672 859 1731 καί
883 1672 1004 1732 ἐπέκεινα

231 1762 343 1839 τόλμης·
355 1762 414 1828 τούς
427 1761 477 1840 γδιρ
493 1763 530 1840 τῷ
551 1764 692 1840 στρατηγῷ
707 1758 913 1840 παρεδρεύοντες
926 1764 1005 1822 Κων-

232 1851 366 1909 σταντῖνόν
379 1874 438 1909 τινα
462 1853 493 1908 ἐκ
507 1849 604 1916 Λυδίας
622 1849 669 1907 καί
686 1850 841 1927 Κελεαρῖνον
861 1849 1002 1929 φονεύσας,

232 1938 269 1995 ἔτι
285 1938 330 1997 καί
351 1935 495 2005 Μαξέντιον
523 1936 567 1995 τόν
590 1941 636 1995 τοῦ
654 1934 816 2011 καλουμένου
831 1936 942 2009 Δουκδς,
956 1936 1004 2009 τὴν

233 2027 332 2082 Μυσῶν
348 2022 570 2103 ἐπιτετραμμένον
592 2018 686 2099 ἀρχὴν,
702 2020 858 2102 διαρθείρει,
875 2020 920 2081 καί
935 2021 1002 2101 [τὸν]

233 2115 271 2191 τῷ
292 2115 433 2193 στρατηγῷ
443 2113 576 2188 σύμπνουν
595 2110 640 2168 καὶ
653 2112 688 2175 είς
700 2108 805 2167 ἅπαντα
816 2108 1004 2189 κεχαρισμένον

233 2204 347 2279 Καρίνον
369 2200 489 2277 συσχδιν,
503 2202 549 2269 τῆς
567 2202 613 2255 τοῦ
638 2196 675 2269 μὴ
693 2197 793 2255 ἀνελεῖν
806 2196 913 2277 χάριτος
927 2196 1004 2273 κομί-

233 2290 304 2356 ζεται
319 2289 401 2365 δῶρον
412 2285 443 2345 τδ
455 2283 605 2362 συμπρᾶξαί
619 2287 642 2345 oi
664 2284 728 2364 πρὸς
741 2284 788 2355 τὴν
812 2288 858 2353 τῆς
872 2283 1003 2344 Ὀδυσσοῦ

233 2377 278 2436 καί
291 2380 339 2447 τῆς
351 2373 510 2453 στρατηγίας
525 2372 660 2444 ἐξουσίαν,
676 2374 897 2451 καταρημίσαντα
909 2377 943 2439 ὡς
962 2370 1002 2442 είη

234 2467 305 2545 αὐτῷ
318 2463 351 2522 τδι
371 2467 418 2534 τῆς
439 2460 579 2541 ἡγεμονίας
598 2460 825 2540 ἐπιτετραμμένα,
842 2462 1003 2538 παραδοῦναι

234 2552 260 2611 il
276 2552 321 2609 καί
338 2550 432 2609 όπόσον
448 2542 478 2621 ἦν
495 2551 559 2629 παρ’
577 2551 648 2629 αὐτῷ
664 2549 781 2628 χρυσίον.
798 2548 898 2615 Πείσας
915 2540 959 2607 οὐν
974 2551 1005 2608 ἐκ

233 2639 331 2698 τούτων
347 2640 465 2704 ἅπαντας
480 2638 587 2716 βλέπειν
601 2640 637 2703 εἷς
652 2636 742 2708 αὐτόν,
756 2635 926 2713 συναθροίσας
936 2638 1004 2718 ἀμρλ

233 2725 313 2794 τάςν’
327 2726 448 2807 χιλιάδας
468 2726 618 2802 πολεμικῶν
638 2748 668 2783 τε
693 2724 737 2781 καί
761 2723 888 2803 ἀγροίκων
906 2726 1005 2805 ἀνδρῶν

233 2820 266 2890 τῇ
290 2813 491 2875 Κωνσταντίνου
511 2813 651 2891 προσάγειν
671 2812 823 2892 ἠγγέλλετο.
869 2812 904 2891 (a)
920 2811 956 2872 Ὁ
977 2812 1004 2871 δέ

235 2903 373 2981 βασιλεὺς,
387 2901 432 2960 καί
446 2900 472 2969 ἐξ
490 2892 526 2959 ῶν
545 2900 654 2980 ἔναγχος
668 2897 804 2960 ἐπεπόνθει
822 2900 886 2978 πρὸς
906 2899 1004 2959 δειλίαν

234 2988 399 3069 κατενεχθεὶς
411 2989 456 3047 καὶ
473 2991 511 3067 τῷ
523 2987 663 3068 παραδόξῳ
678 2990 729 3045 τῶν
743 2985 920 3065 περιστάντων
933 2989 1005 3067 αὐτῷ

235 3076 426 3155 δυσχεραίνων,
436 3072 544 3153 προσέτι
556 3073 583 3133 δέ
598 3074 643 3133 καί
656 3077 694 3153 τῷ
705 3073 805 3133 ἀκούειν
817 3072 875 3141 τούς
886 3072 1006 3141 ἐπιόντας

1055 448 1150 524 τειχῶν
1180 442 1404 521 παρακελεύεται,
1425 443 1566 523 γράμμασι
1596 440 1645 513 τὴν
1673 440 1771 501 aliiae
1795 450 1838 501 re3

1058 533 1198 601 συστάντος
1214 530 1255 589 ἐπ’
1270 530 1348 590 αὐτόν
1360 529 1470 608 θορύύου
1482 534 1737 609 προκαθιστῶντας,
1751 533 1800 599 τῆς
1815 530 1841 587 δὲ

1059 617 1126 698 θπίρ
1143 624 1195 678 τῶν
1211 618 1283 688 ζώων
1304 620 1426 698 είσρυρᾶς
1443 618 1571 696 τετάρτην
1588 616 1725 696 περιελὼν
1746 621 1841 695 μοῖραν

1057 711 1103 765 τοῦ
1119 707 1234 766 Βιθυνῶν
1256 729 1285 763 τε
1302 706 1348 765 καὶ
1363 705 1487 766 Ἀσιανῶν
1500 706 1600 779 ἔθνους,
1617 708 1664 766 τόν
1681 710 1777 763 ταῦτα
1796 707 1842 774 δη-

1053 794 1155 855 λοῦντα
1172 794 1275 873 χάρτην
1289 796 1323 870 τῇ
1336 791 1406 851 κατά
1421 791 1469 864 τὴν
1483 793 1672 872 πρωτεύουσαν
1692 793 1843 864 ἐκκλησίαν

1058 883 1117 961 ἱερᾷ
1131 882 1245 961 τραπέζῃ
1260 879 1345 962 ρέρων
1359 880 1503 955 κατέθηκε,
1518 881 1564 940 καί
1579 885 1626 952 τῆς
1639 881 1755 946 πόλεως
1767 904 1843 959 ηραν-

1057 966 1104 1046 ρθν
1119 970 1231 1027 ἐποιεῖτο
1241 968 1285 1027 διά
1297 972 1350 1027 τῶν
1362 971 1390 1029 ἐν
1401 975 1455 1034 τοῖς
1468 967 1579 1029 τέλεσιν.
1609 969 1647 1045 (a)
1660 966 1744 1037 Ἤδη
1757 969 1786 1025 δὲ
1795 976 1839 1026 ταῑ

1056 1057 1212 1114 Βιταλιανόύ
1224 1054 1419 1133 προσθολόντος
1430 1062 1483 1123 τοῖς
1494 1059 1542 1126 τῆς
1552 1054 1655 1123 πόλεως
1665 1057 1843 1134 προαστείοις

1057 1145 1178 1225 καὶπερὶ
1195 1147 1262 1206 αὐτὰ
1275 1147 1309 1205 τά
1328 1146 1404 1226 τείχη
1417 1146 1588 1219 ίληλακότος,
1603 1145 1754 1206 στέλλεται
1778 1149 1842 1225 πρὶς

1059 1234 1137 1292 αὐτὸν
1162 1234 1305 1316 Πατρίκιος
1319 1236 1334 1291 ό
1347 1234 1508 1313 στρατηγὸς,
1529 1233 1586 1307 ἅμα
1612 1232 1663 1309 μέν
1677 1235 1717 1299 ὣς
1738 1233 1844 1310 προσίῃ

1058 1323 1150 1390 κοντός
1167 1326 1191 1381 οἱ
1203 1323 1250 1383 ’διδ
1269 1322 1317 1393 την
1333 1324 1417 1404 ἀρχὴν
1435 1328 1480 1381 τοῦ
1501 1324 1602 1381 τοιοῦδε
1624 1320 1729 1401 λόγου,
1743 1322 1846 1397 ἄμαέὲ

1059 1411 1104 1469 καὶ
1122 1414 1157 1476 ὡς
1176 1410 1240 1490 γίρρ
1260 1411 1384 1491 προύχων
1397 1409 1442 1468 καί
1456 1410 1591 1481 ἀξιῶσεσι,
1605 1410 1653 1469 καλ
1667 1411 1749 1489 αὐτῷ
1763 1411 1792 1469 δέ
1804 1416 1845 1487 τῷ

1057 1500 1205 1577 Βιταλιανῷ
1215 1498 1292 1577 μέρος
1307 1500 1337 1556 οὐ
1352 1522 1400 1573 μικ
1416 1497 1424 1517 “
1454 1501 1501 1567 τῆς
1515 1496 1662 1575 εὐπραγίας
1680 1497 1845 1573 γενόμενος·

1057 1585 1097 1658 θς,
1112 1587 1201 1657 ἐπειδὴ
1222 1588 1284 1665 παρ’
1300 1586 1377 1645 αὐτὸν
1390 1521 1453 1657 iiie
1465 1585 1557 1662 καίτῇ
1573 1588 1604 1643 ἐκ
1618 1588 1668 1654 τῆς
1684 1585 1844 1663 εὐεργεσίας

1057 1674 1192 1755 παρρησία
1206 1674 1358 1755 καθήψατο,
1370 1673 1404 1732 sir
1419 1671 1506 1731 εἰκότα
1519 1672 1614 1742 ἤκουεν
1630 1675 1669 1737 ῶς
1684 1661 1732 1729 οἶα
1753 1673 1845 1730 πολλά

1058 1758 1208 1842 προηνέχθη
1222 1759 1254 1819 ἐκ
1267 1784 1296 1819 τε
1309 1764 1361 1821 τῶν
1380 1758 1428 1831 τὴν
1445 1759 1580 1839 βασιλείαν
1599 1760 1783 1837 ἐσχηκότων,
1796 1760 1846 1815 καί

1056 1853 1101 1907 νῦν
1123 1848 1195 1921 ἥκειν
1214 1846 1308 1915 αὐτοὺς
1321 1847 1455 1923 δεομένους
1469 1848 1685 1924 ἐπανορθωθῆναι
1711 1846 1765 1922 μὲν
1783 1848 1838 1903 τῶν

1059 1935 1230 2011 άδθιημάτων
1242 1939 1288 1993 τοῦ
1302 1938 1349 2005 τῆς
1366 1935 1482 2014 Θρᾳκῶν
1497 1937 1664 2011 στρατηγοῦ,
1682 1938 1842 2010 κυρωθῆναι

1058 2023 1085 2082 δέ
1100 2023 1146 2082 καί
1160 2022 1207 2094 τὴν
1221 2024 1301 2103 ὀρθῶς
1311 2020 1425 2101 ἔχουσαν
1437 2026 1482 2080 τοῦ
1497 2021 1565 2079 θείου
1579 2019 1669 2087 δόξαν.
1698 2023 1733 2096 (ι)
1755 2023 1801 2097 Τῇ
1813 2022 1844 2076 δὲ

1059 2111 1185 2190 ὑστεραίᾳ
1199 2113 1251 2168 τῶν
1265 2112 1292 2168 ἐν
1308 2109 1422 2191 πρόιτοις
1436 2108 1509 2186 παρὰ
1521 2112 1568 2167 τοῦ
1584 2107 1719 2187 βασιλέως
1734 2110 1845 2178 eisaie,-

1059 2198 1155 2256 θέντων
1169 2196 1214 2255 καί
1231 2198 1450 2277 παραγενομένων
1465 2196 1622 2257 Βιταλιανού
1637 2195 1724 2275 χωρλς
1741 2200 1843 2274 [τοῦτον

1058 2285 1110 2365 γάρ
1124 2284 1184 2345 οὐδὲ
1197 2283 1260 2344 είσω
1277 2289 1324 2356 τῆς
1338 2284 1439 2352 πόλους
1456 2284 1575 2362 γενέσθαι
1599 2282 1725 2360 ἔπεισε),
1737 2282 1776 2339 τὰ
1796 2283 1844 2356 μὲν

1059 2371 1238 2450 ίπεγκσλίσας
1253 2376 1266 2428 ό
1283 2371 1405 2450 βασιλεὺς
1415 2371 1461 2429 καλ
1476 2374 1511 2438 όις
1531 2370 1614 2446 μηδὲν
1627 2370 1846 2450 θλιγωρηθέντας

1059 2459 1206 2540 διελέγξας,
1219 2459 1253 2519 τδι
1266 2459 1295 2517 δὲ
1314 2459 1505 2537 έκθεραπεύσας
1520 2458 1613 2538 δώροις
1627 2483 1657 2518 τε
1673 2460 1723 2518 καί
1739 2462 1777 2537 τῇ
1794 2460 1845 2515 τῶι

1057 2547 1231 2627 ὀφειλομένων
1253 2547 1411 2627 ἐπαγγελίᾳ,
1432 2546 1501 2615 άξειν
1520 2571 1548 2605 τε
1569 2551 1765 2626 ὑποσχόμενος
1787 2546 1846 2611 τούς

1058 2640 1104 2707 τῆς
1116 2634 1294 2716 πρεσύυτέρας
1305 2620 1414 2713 Ῥώμης
1426 2636 1460 2695 τά
1472 2636 1589 2714 περὶτῆς
1600 2635 1678 2705 δόξης
1694 2640 1751 2693 τῶν
1764 2638 1841 2713 inpii·

1059 2722 1288 2796 καταστήσοντας,
1305 2723 1475 2803 ἀπέπεμψεν,
1490 2715 1582 2803 όρίιους
1600 2726 1671 2801 ὑπὲρ
1691 2728 1742 2794 τῆς
1768 2725 1796 2787 ἐς
1813 2724 1843 2777 τό

1058 2809 1149 2869 λοιπδν
1165 2810 1265 2878 εὐνοίας
1281 2812 1366 2868 αὐτῶν
1382 2810 1582 2887 ἀποδεξάμενος.
1598 2813 1635 2870 Oi
1652 2809 1683 2867 δὲ
1699 2815 1739 2891 τῷ
1758 2813 1841 2869 Βιττ-

1059 2900 1141 2977 λιανῶ
1165 2898 1348 2979 συγγενόμενοι
1372 2897 1548 2965 ἀναλαόόντες
1571 2898 1649 2957 αὐτόν
1680 2921 1713 2955 τε
1737 2898 1788 2956 καί
1812 2898 1841 2953 τό

1059 2987 1158 3055 πλῆθος
1176 2983 1289 3065 ᾤχοντο.
1315 2984 1348 3064 (ε)
1366 2987 1400 3044 ‘0
1415 2984 1443 3043 δὲ
1458 2983 1581 3063 βασιλεὺς
1594 2983 1773 3051 Ἀναστάσιος
1795 2984 1843 3054 τὴν

1059 3077 1111 3131 τῶν
1126 3076 1152 3131 ἐν
1166 3073 1263 3152 Θρηίκη
1285 3075 1384 3131 στολων
1399 3072 1560 3150 στρατηγίαν
1578 3074 1709 3153 Κυρίλλερ
1725 3074 1844 3151 παραδί-

167 3222 170 3229 ,
228 3156 280 3221 ’τὴν
306 3154 398 3228 ὁμοίαν
423 3158 471 3222 τῆς
494 3152 632 3231 θρησκείας
664 3152 860 3230 προθάλλεσθαι
887 3153 1004 3233 μέμψιν,

1061 3162 1160 3234 δαισιν,
1185 3163 1232 3218 οὐκ
1265 3160 1400 3241 ἀσυνέτῳ,
1432 3161 1491 3220 οὐδέ
1526 3162 1673 3236 πολεμικῆς
1702 3162 1846 3235 ἐμπειρίας

234 3240 360 3317 σταυροὺς
375 3240 422 3317 μὲν
438 3242 467 3297 ἐκ
481 3241 582 3319 χαλκοῦ
594 3244 710 3317 παγῆναι
725 3239 790 3317 ὐπίρ
804 3238 849 3305 τδς
860 3239 943 3303 πύλας
953 3241 1004 3295 τῶν

1063 3242 1170 3315 ἀμαθεῖ.
1184 3238 1286 3298 Ἐλθὼν
1301 3240 1328 3298 δὲ
1343 3243 1357 3297 ό
1373 3240 1501 3318 Κύριλλος
1515 3241 1584 3298 κατδι
1600 3239 1712 3299 Μυσίαν
1720 3239 1766 3296 καί
1781 3243 1844 3295 ἑπι-

265 3406 304 3453 Fr.
319 3408 363 3455 iti
375 3418 397 3455 e.
409 3404 559 3454 Vitalianum
570 3404 662 3454 belluni
670 3418 742 3454 nemo
755 3406 842 3453 Nostro
855 3404 997 3469 exposuisse
1006 3404 1104 3456 videtur
1116 3403 1225 3454 uberius.
1239 3405 1366 3455 Summam
1375 3405 1429 3467 eius
1438 3404 1474 3454 ita
1488 3404 1558 3454 (ledit
1572 3404 1732 3454 Marcellinus
1745 3402 1844 3453 curua.

234 3473 280 3523 sub
290 3487 331 3523 an.
345 3478 399 3532 sti,
413 3477 528 3525 senatore
539 3474 591 3523 solo
603 3474 720 3523 consule:
739 3476 888 3525 Vitalianus
903 3472 999 3539 Scyllia
1010 3478 1133 3525 munitis
1141 3479 1321 3525 Romanorum
1330 3477 1448 3538 equitum
1457 3475 1696 3538 aediumqueptus
1702 3486 1788 3537 quam
1801 3476 1847 3525 Lu

235 3544 348 3595 nritlileus
372 3546 540 3595 armatennu
556 3546 585 3593 in
600 3542 688 3593 triduo
713 3546 941 3607 conserendorum,
955 3544 1058 3595 auailio
1069 3548 1097 3595 in
1109 3544 1196 3595 locum
1206 3547 1250 3607 qui
1263 3545 1394 3607 Septimus
1405 3544 1512 3608 dicitur,
1520 3544 1630 3595 aduenit
1645 3544 1736 3607 ilique
1749 3547 1842 3593 costra

234 3617 347 3666 iniciatus
359 3616 601 3681 est5clisposiiisque
612 3627 629 3664 a
642 3617 711 3663 mari
723 3616 751 3663 in
761 3627 835 3665 mare
846 3628 956 3665 sunium
968 3615 1118 3678 ordiariius,
1131 3618 1186 3677 ipse
1199 3612 1235 3663 ad
1248 3626 1329 3677 usque
1340 3616 1464 3676 portam,
1478 3625 1536 3679 qun
1551 3615 1648 3664 Aurea
1659 3613 1774 3671 dieitur,
1785 3616 1842 3663 sine

234 3685 313 3737 allius
336 3688 441 3737 nocenti
464 3684 616 3749 διἐρσιιάίω
634 3684 730 3734 scilicet
755 3696 802 3747 pro
815 3684 1023 3735 orthodoxorum
1042 3698 1069 3734 se
1078 3682 1130 3749 fide
1138 3696 1240 3749 proque
1253 3682 1408 3733 Macedonio
1421 3682 1495 3733 urbis
1510 3686 1644 3747 episeopo,
1659 3686 1799 3731 ε’νισσεεεεαι
1809 3684 1842 3730 an

233 3757 378 3806 Anastasio
393 3758 515 3818 principe
532 3756 656 3817 exulato,
675 3755 927 3817 Coiutautiuopoliin
935 3755 1071 3804 σεσεεείεεε
1080 3766 1204 3805 assem.
1214 3752 1446 3803 PorroAnastasii
1456 3750 1672 3803 simulationibus
1684 3754 1772 3814 atque
1779 3764 1843 3813 per·

227 3825 310 3885 juniis
318 3838 366 3887 ρει
380 3826 546 3875 Theodorum
560 3827 753 3875 internuntium
767 3825 868 3874 illectus
881 3827 960 3888 atque
971 3824 1077 3887 illinus,
1088 3826 1182 3875 oetaeo
1196 3822 1237 3873 die
1248 3835 1329 3885 ηυαιιι
1342 3823 1435 3874 uriem
1447 3823 1603 3881 accesserat,
1614 3822 1759 3871 remeauit.
1774 3824 1843 3869 Ηιεε

234 3895 358 3957 Onussam
373 3900 469 3945 lloesin
487 3898 619 3945 ciuitatem
638 3894 784 3944 Vitalianus
794 3897 952 3958 pernoctans
973 3896 1034 3945 astu
1053 3897 1185 3956 inaressus
1206 3892 1414 3957 mucamitem,
1431 3894 1626 3943 lenocinantem
1646 3892 1735 3952 mnan
1755 3902 1838 3952 aaran

232 3968 368 4016 strenuum
380 3967 479 4016 militia
487 3965 635 4025 ductorem,
647 3966 715 4014 iuter
726 3963 793 4014 duas
803 3966 911 4028 pellices
925 3963 1069 4014 Vitalianus
1083 3966 1179 4027 reperit
1190 3962 1376 4026 dominantem,
1385 3976 1499 4026 eumaem
1508 3962 1668 4014 abstractum
1675 3972 1742 4009 αισα
1751 3960 1842 4007 cultro

236 4036 320 4082 Getico
330 4034 484 4097 jaculavit,
496 4034 645 4099 hostemque
658 4048 685 4083 se
694 4034 839 4085 Anastasio
851 4036 946 4085 Cusarl
952 4035 1047 4097 palam
1057 4036 1197 4098 aperteque
1210 4032 1373 4083 exhibuit·
1385 4033 1455 4083 ldeni
1467 4033 1499 4082 all
1513 4045 1554 4084 an.
1566 4036 1621 4090 51⁵,
1630 4029 1766 4081 Antliemio
1778 4042 1840 4079 tou·

233 4101 286 4149 sule
302 4121 308 4149 :
325 4101 471 4151 Vitalianus
494 4102 578 4152 eidone
600 4104 738 4152 Anastasio
755 4106 819 4166 imp.
840 4105 984 4153 immanior
1007 4103 1096 4167 sactus
1111 4105 1148 4154 est
1162 4105 1299 4167 ιἰιὶιιιίσιιε,Ι
1309 4105 1450 4164 premissis
1464 4105 1560 4166 quippe
1575 4112 1687 4151 suorum
1704 4099 1829 4162 equuteo

233 4172 390 4233 armatisque
400 4170 530 4220 naviculis
547 4172 650 4219 sinistro
667 4170 716 4219 sibi
734 4172 810 4221 litore
825 4173 1036 4233 occurrentibus,
1049 4176 1105 4236 ipse
1113 4173 1239 4237 paduam
1249 4175 1333 4224 arinis
1343 4174 1457 4237 stipatus
1466 4173 1639 4223 sosinenense
1652 4170 1790 4235 prndium
1800 4172 1841 4217 ie-

233 4242 390 4301 messanen,
402 4242 529 4303 totiusque
546 4240 596 4289 loci
603 4241 741 4303 palatium
758 4239 851 4291 habuit
868 4245 1040 4292 mansionem.
1060 4244 1133 4292 llissl
1152 4247 1216 4291 sunt
1239 4242 1275 4292 aul
1292 4242 1458 4293 Vitalianum
1478 4256 1496 4293 a
1516 4244 1619 4291 casare
1629 4242 1783 4297 seniores,
1799 4243 1844 4303 qui

232 4312 305 4373 pacis
324 4322 385 4359 cum
407 4322 437 4358 eo
457 4309 522 4372 leues
547 4314 740 4372 conipouereni.
767 4314 916 4374 lt'ouaainta
943 4316 1005 4363 ouri
1017 4312 1123 4377 pondc,
1145 4315 1261 4375 exceptis
1273 4312 1405 4375 renalilus
1424 4312 1595 4373 ieiunariius,
1609 4323 1661 4373 pra
1670 4311 1764 4373 pretia
1779 4314 1843 4360 tunc

234 4382 335 4441 accepit
355 4382 481 4441 Hypani,
491 4380 553 4441 jnm
567 4379 640 4429 nulle
660 4384 761 4431 centum
779 4385 840 4433 auri
858 4383 931 4433 libris
944 4396 1005 4433 cum
1023 4387 1122 4435 Uinnio
1136 4385 1244 4445 cantico
1258 4382 1306 4432 sitii
1317 4395 1334 4430 a
1346 4386 1400 4433 suis
1412 4384 1441 4432 in
1454 4381 1574 4444 sozopoli
1592 4380 1697 4430 ablatis.
1711 4382 1844 4441 llaqiner

233 4450 350 4501 rnilitum
371 4450 518 4499 Vitalianus
530 4464 578 4514 ρει·
601 4448 741 4501 Thraciam
759 4452 846 4513 [actm
863 4456 1027 4517 Hypatium,
1047 4468 1122 4517 quem
1139 4455 1275 4516 captiuum
1291 4453 1494 4514 catenatumque
1511 4449 1587 4514 apud
1602 4453 1680 4499 neres
1697 4448 1843 4498 castellum

233 4518 353 4583 tenebat,
364 4532 482 4569 reuersus
493 4533 540 4569 suo
553 4523 651 4570 remisit
665 4524 807 4572 avunculo.
823 4523 834 4586 11
848 4525 1162 4587 -Πατρικιό).ου]κο’μητος
1177 4521 1370 4585 ροιδεράτων,ιιι
1382 4522 1551 4586 Theophanes,
1565 4535 1588 4583 p.
1605 4524 1660 4580 24³,
1677 4523 1702 4580 3,
1712 4518 1783 4568 olai.
1798 4518 1839 4566 (Ἰ.

234 4592 336 4654 Prooop.
348 4592 376 4640 B.
388 4593 467 4651 Pers..
478 4604 501 4655 p.
512 4595 551 4651 39,
564 4597 599 4643 19.
615 4594 625 4657 ll
639 4622 666 4630 -
677 4594 916 4658 inemendatiora
925 4596 989 4646 inter
999 4597 1110 4646 Thracia
1124 4593 1225 4645 castella
1240 4592 1416 4645 mediterranea
1426 4598 1549 4645 memorat
1563 4593 1698 4657 Ρεοσορίυε
1710 4598 1747 4642 De
1758 4590 1841 4651 edii,

232 4670 257 4723 p.
270 4665 323 4721 308,
335 4667 373 4713 ni.
387 4660 397 4725 ΙΙ
408 4688 438 4702 —
451 4658 576 4724 ἀφαιρεθεὶς
590 4664 634 4726 γὰρ
646 4664 769 4729 σιτήσεως]
781 4664 873 4715 dictum
891 4680 936 4729 pro
950 4668 989 4730 ἀρ.
998 4668 1089 4725 σίτησιν
1106 4666 1145 4717 vel
1154 4666 1184 4714 τὰ
1200 4665 1237 4713 ἐπὶ
1250 4670 1291 4723 τῆς
1300 4666 1422 4724 σιτήσεως.
1442 4665 1453 4728 ΙΙ
1463 4695 1494 4708 -
1505 4664 1625 4727 τάγματα]
1636 4664 1733 4725 πόματα
1748 4661 1839 4709 codes.

238 4731 248 4793 ΙΙ
278 4758 297 4767 -
308 4731 367 4796 [τόν]
383 4730 450 4794 quod
460 4734 500 4780 esi
513 4735 568 4781 ante
578 4737 611 4795 τῷ
626 4740 759 4796 στρατηγῷ,
771 4734 872 4785 inserui.
886 4735 896 4797 Ι]
911 4762 943 4772 -
956 4743 997 4794 τῆς
1013 4738 1063 4801 τοῦ]
1077 4740 1118 4796 την
1134 4740 1177 4785 τοῦ
1190 4731 1246 4782 cod.

265 4802 280 4863 §
293 4810 318 4854 2.
330 4804 352 4857 u
364 4801 408 4868 ὧν]
421 4803 478 4859 itui
490 4801 544 4851 cod.
558 4802 569 4865 ΙΙ
581 4830 611 4839 -
621 4804 743 4867 περιελὼν]
755 4807 877 4867 περιελθὼν
888 4806 942 4855 ωδ.
955 4806 966 4870 ΙΙ
978 4832 1008 4843 -
1021 4805 1157 4869 Πατρίκιος]
1167 4804 1294 4868 Πατρίκιον
1305 4804 1345 4853 τόν
1362 4804 1445 4866 Φρύγα
1455 4804 1515 4855 dicit
1529 4805 1632 4855 Malaias
1648 4818 1674 4867 p.
1687 4808 1743 4865 ίθί,
1754 4808 1777 4851 l.

234 4872 243 4887 “
265 4872 280 4945 θ
295 4876 318 4921 θ.
329 4878 376 4922 τῶν
389 4870 548 4935 ἀδικημάτων]
562 4872 666 4922 Videtur
677 4874 806 4937 legendum
816 4876 846 4923 τὰ
858 4874 1001 4938 ἀδικήματα,
1015 4881 1059 4926 nut
1068 4879 1245 4939 ἐλευθερωθῆναι
1256 4880 1304 4923 τῶν
1318 4874 1477 4933 ἀδικημάτων.

266 4936 315 4994 §⁵-
336 4934 436 4997 στόλων]
455 4936 556 4983 στέλλων
565 4934 621 4983 cod.
635 4933 645 4997 ΙΙ
667 4962 694 4969 -
712 4935 876 4999 έπεθουλεύθη]
892 4936 981 4986 Fusius
1002 4937 1057 4987 hinc
1070 4943 1152 4989 narrat
1169 4942 1270 4992 Malaios
1287 4956 1311 5005 p.
1324 4947 1379 4991 lot.
1394 4942 1405 5005 ΙΙ
1419 4970 1451 4979 -
1465 4944 1596 5006 διαφθαρεὶς
1615 4942 1683 5007 tien]
1698 4942 1841 4991 Vitalianus

237 5016 295 5052 eum
306 5017 364 5054 ense
376 5004 462 5055 Getico
472 5004 597 5067 jugulasse
611 5008 724 5055 narratur
737 5004 801 5069 apud
816 5004 990 5055 Marcellinum.
1014 5008 1152 5058 mundum
1169 5012 1316 5075 loannem§
1336 5014 1366 5061 ti
1384 5013 1493 5063 Tarrecli
1515 5016 1622 5062 llunnus
1641 5015 1682 5062 τὸν
1696 5012 1837 5075 conlimit-

236 5074 352 5133 λαυρόνρν
360 5075 603 5138 αὐταχειρίαέπραξεν.
614 5075 693 5126 Aliam
702 5088 787 5125 rerum
797 5076 884 5126 seriem
900 5074 975 5125 habes
989 5076 1014 5126 in
1027 5078 1175 5142 Theophane
1184 5120 1190 5141 ‚
1198 5082 1241 5145 qui
1250 5082 1281 5132 ad
1291 5096 1330 5131 nn.
1341 5088 1386 5134 512
1396 5081 1428 5133 de
1437 5083 1560 5134 vitaliano
1571 5086 1655 5132 narrat
1666 5101 1672 5130 z
1683 5085 1748 5131 Φασὶ
1760 5084 1787 5131 δὲ
1799 5084 1837 5131 ὅτι

236 5143 260 5191 δν
271 5146 313 5205 μιᾷ
326 5145 430 5207 συμδολη
440 5146 469 5202 ξε’
479 5146 584 5207 χιλιάδας
596 5148 684 5209 (πλεῖον
697 5148 711 5205 ἢ
722 5147 739 5202 ξ’
746 5147 850 5209 χιλιάδας
864 5149 932 5196 loun.
944 5146 959 5209 §
969 5147 996 5212 θ)
1007 5156 1107 5209 στρατοῦ
1117 5153 1241 5214 βασιλικοῦ
1250 5154 1386 5216 ίκρήμνιοεν
1398 5154 1442 5203 σὺν
1451 5153 1557 5217 Ὺπατίῳ
1568 5159 1736 5215 στρατηγοῦντι
1748 5153 1840 5207 mcliv,
