3809 5859
210 279 286 384 ¹12⁸
330 288 334 295 ’

640 319 842 382 CRITOBUIJ
863 318 1128 393 fflSTORlARUM
1150 320 1222 381 ΗΒ.
1245 320 1297 395 111,
1313 322 1426 383 ἰί-ἰθ.

228 474 306 530 γιστα
323 451 476 523 δυνηθέντας
494 450 609 531 ἀκριύῶς
629 449 756 521 ἀξετόζων
778 473 808 511 τε
821 451 867 511 καί
889 452 1005 513 σκοπού-
1060 452 1150 532 όρθρον
1171 452 1269 531 βαθὺν,
1290 451 1504 533 καίέσέρχονται
1525 477 1552 514 εν
1576 454 1669 529 αὐτῶ,
1689 448 1862 519 ἀνοιξάντων

228 562 303 615 μενος
317 538 420 618 εύρισκε
432 538 478 607 τάς
490 538 559 599 κατὰ
570 538 706 598 θάλασσαν
720 539 827 622 πράξεις
839 540 964 620 μεγίστας
978 564 1007 600 τε
1061 542 1134 609 εύθύς
1152 541 1199 613 τήν
1214 540 1277 620 πρδς
1295 540 1369 600 νότον
1391 542 1488 601 πυλίδα
1506 544 1558 599 τῶν
1578 539 1684 599 ἔνδοθεν
1713 537 1861 615 ξυμπρατ·

228 628 308 697 ούσας
322 629 368 688 καί
383 627 595 705 ὀνομαστοτάτους
609 630 655 688 καί
669 628 704 687 τά
720 629 840 708 μέγιστα
864 636 1006 708 κατωρθοι-
1061 630 1157 691 πόντων
1174 632 1276 695 αὐτοῖς·
1294 618 1350 707 εἰχε
1371 628 1422 707 γθρ
1444 627 1674 696 πάντος’τούτους
1698 619 1777 707 ᾗπερ
1795 627 1860 703 ἔφη-ι

225 719 304 785 κότας
324 718 368 777 διδ
389 716 525 789 θαλάσσης
547 716 649 783 αύτούς.
692 716 744 777 Διά
757 740 797 777 τοι
815 721 892 776 τοῦτο
908 719 955 777 καὶ
976 716 1006 777 τδ
1060 717 1370 798 προκατεσκευασμένους
1395 738 1424 775 τε
1446 718 1491 777 καὶ
1511 714 1594 777 ταύτδι
1615 714 1861 793 ξυμύουλομένως

226 802 323 877 ταύτης
333 804 427 885 κράτος
443 808 470 873 ές
484 804 576 865 ἑαυτὸν
587 804 710 866 έύούλετο
721 806 1006 886 μεταστήσανγήγύιρ
1061 809 1145 887 αύτῷ.
1190 810 1224 885 γε)
1251 804 1410 865 Εἰσελθόντα
1431 804 1459 864 δί
1485 805 1606 885 δέχονται
1629 805 1737 872 πάντες
1761 806 1790 862 οἰ
1815 810 1859 863 ταῖ

226 894 273 955 καί
288 895 411 955 θάλασσα
431 893 596 963 ξυνιλθυῦοαι
610 893 663 954 ύπδ
680 893 744 972 μίαν
759 894 1005 977 ἀρχὴν,μεγίστην
1060 896 1152 961 ἀστιος
1177 894 1357 970 ἀσμενοι,καλ
1382 898 1455 973 κοινῇ
1476 894 1664 973 ξυνδραμόντες
1690 894 1739 963 ξὺν
1768 893 1858 961 ὅπλοις

225 982 330 1063 ταχέρις
342 982 423 1053 αὐτὴν
439 983 642 1061 ἀπεργάζονται.
674 984 740 1043 ’Καὶ
752 983 896 1061 ταῦταμὲν
910 983 1003 1053 ούτιας.
1061 984 1247 1045 κατακλείουσι
1261 983 1319 1051 τούς
1334 982 1451 1052 Ἰταλούς
1471 984 1499 1041 έν
1513 992 1568 1049 τοῖς
1581 986 1749 1064 έπαρχικοῖς
1770 984 1856 1057 δημα-

267 1072 344 1133 xlv,
367 1072 422 1131 Τοῦ
439 1072 464 1131 δ’
479 1073 558 1131 αύτοῦ
576 1077 707 1153 χειμῶνος
727 1072 772 1130 καί
796 1073 1003 1153 Κριτόύουλυςδ

227 1159 1005 1241 ἸμύρεώτηςλόγουςπροσφέρειτοῖςδυνατοῖςτῶνΛημνίων

229 1250 289 1329 περὶ
301 1250 426 1315 ἐνδόσεως
438 1253 484 1320 τῆς
495 1247 577 1320 νήσου
588 1252 627 1329 τῷ
640 1248 758 1328 βασιλεῖ·
769 1249 807 1308 ἔτι
819 1248 872 1327 γδιρ
882 1253 1006 1329 κατεῖχον

228 1338 338 1399 Ἰταλοί.
362 1340 398 1398 Οἱ
413 1336 441 1396 δέ
456 1337 578 1416 δέχονται
595 1336 641 1396 καί
656 1335 804 1416 παρέχωσι
823 1339 907 1417 τούτῳ
924 1337 1007 1397 πιστὰ

231 1417 248 1497 ἦ
261 1426 314 1501 μήν
329 1423 422 1485 δώσειν
435 1424 484 1495 τὴν
499 1427 577 1493 νῆσον
592 1424 756 1504 ἀφικομένῳ·
768 1414 801 1495 ήν
814 1423 866 1502 γύιρ
881 1426 967 1491 αὐτοῖς
979 1426 1006 1483 έν

225 1521 279 1580 τοῖς
299 1511 412 1593 πρώτοις
425 1515 477 1570 τῶν
499 1511 581 1592 φιλων
601 1509 689 1590 ἀνήρ,
714 1512 760 1570 καὶ
781 1512 855 1571 αύτοὶ
870 1514 1007 1573 έπίστευον

231 1603 303 1682 αύτῷ
316 1602 351 1660 τά
364 1623 394 1677 γε
408 1599 587 1672 τοιαῦτα,καί
601 1599 772 1679 προέπεμπον
783 1597 870 1681 κρύφα
884 1602 1007 1659 ἀπαλλα-

229 1690 309 1767 γῆναί
322 1711 351 1747 τε
369 1685 521 1768 βουλόμενοι
535 1691 582 1758 τῆς
595 1685 741 1767 βαρύτητος
755 1690 806 1745 τῶν
819 1687 930 1747 Ἰταλῶν
944 1689 1007 1765 καί,

229 1777 260 1836 τό
276 1776 413 1854 μέγιστον,
429 1775 539 1840 δεδιότες
557 1774 601 1834 τὸν
623 1776 716 1835 στολον
728 1780 773 1834 τοῦ
794 1775 938 1856 βασιλέως,
952 1775 1006 1853 μή·

229 1886 293 1924 ποτε
307 1860 423 1923 ἐπελθὼν
436 1862 530 1942 αἴφνης
540 1864 626 1929 αὐτοῖς
636 1863 758 1941 μεγάλως
772 1864 895 1945 βλάψειε·
908 1863 1008 1923 ’ἰταλοί

229 1951 281 2032 γδρ
304 1954 352 2011 οὐκ
371 1948 501 2022 ἠδύναντο
516 1954 635 2029 βοηθεῖν·
650 1951 696 2009 καί
710 1951 755 2010 διὰ
772 1956 850 2010 τοῦτο
870 1950 1009 2012 έύούλοντο

230 2038 392 2105 ἀποστάντες
406 2039 491 2097 αὐτῶν
502 2042 695 2118 προσχωρῆσαι
705 2041 743 2119 τῷ
754 2040 867 2118 βασιλεῖ.
891 2042 923 2115 (ε)
940 2043 1007 2120 Κρι-

229 2127 353 2195 τόύουλος
367 2128 395 2187 δὲ
409 2126 442 2185 τδ
455 2128 539 2191 πιστά
551 2124 641 2186 λαύύνν
656 2129 721 2206 παρ’
736 2129 838 2202 αὐτῶν,
860 2130 1008 2207 ἀφικνεῖται

227 2217 254 2282 ἐς
276 2212 323 2285 τήν
342 2214 497 2292 Ἀδριανοῦ·
516 2213 562 2272 καί
586 2212 687 2288 πέμπει
709 2213 741 2286 δὴ
759 2213 915 2295 γράμματα
938 2214 1008 2275 κατὰ

227 2301 307 2381 τάχος
326 2303 352 2369 ές
373 2301 417 2362 τδν
440 2300 572 2377 δεσπότην
589 2302 742 2380 Δημήτριον
763 2302 894 2379 μηνύοντα
916 2302 1007 2383 καιρδν

228 2382 295 2450 εἰναι
309 2391 356 2458 τὰς
369 2390 464 2461 νήσους
474 2392 582 2465 αἰτῆσαι
593 2389 667 2470 παρὰ
680 2396 726 2449 τοῦ
739 2390 881 2469 βασιλέως,
895 2390 1008 2471 ’ἰμύρον

226 2480 273 2539 καὶ
298 2484 423 2553 Λῆμνον,
443 2478 549 2555 ἑτοίμου
578 2502 608 2538 τε
633 2478 707 2546 ὄντος
730 2478 825 2539 δυἰσειν
850 2482 944 2552 αὐτοῦ,
964 2480 1009 2539 καὶ

229 2566 307 2636 αιίτδς
322 2565 404 2626 εἰπὼν
418 2568 527 2632 δυνατὸς
542 2556 609 2625 εἶναι
625 2566 674 2641 τήν
689 2571 796 2644 Λῆμνον
811 2570 878 2625 έλεῖν
892 2568 937 2627 καί
950 2566 1010 2634 τούς

230 2654 348 2722 Ἰταλούς
372 2654 508 2723 ἰξελάσαι·
527 2645 583 2737 εἶχε
597 2654 649 2735 γδρ
672 2656 723 2727 ήδη
740 2654 926 2735 καὶπρότερον
947 2654 1008 2736 περὶ

229 2742 322 2802 τούτου
342 2743 490 2822 γράμματα
511 2749 556 2805 τοῦ
579 2744 720 2805 δεσπότου.
764 2745 799 2821 (ε)
815 2743 954 2817 Δεσπότης
980 2743 1008 2803 δέ

230 2836 308 2891 τοῦτο
322 2831 430 2908 μαθύιν,
445 2834 481 2898 ύις
493 2832 608 2911 τάχιοτα
620 2830 666 2891 τόν
680 2830 791 2903 ’Δσοίνην
806 2829 934 2909 ἐκπέμπει
947 2833 1010 2914 πρέ·

230 2917 296 2977 τύυν
315 2922 351 2985 ὡς
375 2920 501 2997 βασιλέα,
518 2919 565 2978 καί
587 2925 651 2997 παρ’
664 2924 744 2979 αὐτοῦ
763 2920 810 2986 τὰς
828 2918 921 2990 νήσους
942 2922 1010 2979 αἰτεῖ

230 3010 275 3066 καὶ
288 3006 440 3084 λαμύάνει,
452 3006 602 3085 ξυνθέμενος
614 3008 645 3079 δὴ
659 3007 705 3067 καί
715 3007 815 3084 δασμδν
827 3006 933 3079 ἐτήσιον
944 3004 1011 3087 ύπλρ

231 3094 329 3156 τούτων
356 3094 497 3174 ἀποφέρειν
529 3096 635 3175 βασιλεῖ
660 3096 821 3174 τρισχιλίους
854 3094 1007 3175 χρυσίνους,

1062 1074 1125 1139 τίοις
1145 1072 1238 1141 οἰκοις,
1254 1073 1332 1131 πέντε
1349 1070 1394 1131 καί
1408 1071 1605 1153 τεσσαράκοντα
1630 1072 1735 1141 ὄντας,
1754 1074 1855 1149 βουλη-

1061 1160 1152 1227 θέντας
1167 1160 1215 1237 μὲν
1231 1160 1256 1226 ές
1269 1159 1360 1240 χεῖρας
1374 1159 1460 1225 αύτυῖς
1474 1159 1540 1218 ἰέναι
1555 1159 1601 1218 καί
1618 1159 1664 1217 δελ
1691 1159 1794 1237 μάχης
1817 1183 1857 1234 γε·

1061 1249 1151 1310 νίσθαι
1170 1248 1215 1308 καί
1235 1247 1393 1327 ὡρμηκότας
1409 1248 1478 1323 ἤδη,
1494 1248 1532 1327 μὴ
1547 1249 1716 1320 δυνηθέντας
1732 1248 1777 1308 δέ.
1824 1248 1855 1306 Τι

1063 1337 1115 1417 γδρ
1131 1338 1176 1397 καί
1195 1328 1265 1418 εἰχον
1282 1328 1353 1396 ούτοι
1368 1337 1464 1415 δρᾶσαι
1479 1338 1543 1415 πρὸς
1562 1335 1623 1404 τούς
1645 1340 1679 1397 ἐκ
1694 1341 1748 1395 τοῦ
1765 1335 1854 1403 ἀατετς

1065 1426 1202 1498 ἅπαντας
1215 1424 1301 1493 Τέλος
1313 1424 1359 1497 δέ,
1373 1423 1475 1503 ἡμέρας
1486 1426 1537 1497 ήδη
1551 1426 1720 1503 γενομέντμ,
1731 1448 1855 1505 W*

1064 1519 1136 1595 ροῦσι
1149 1513 1195 1573 καί
1207 1512 1268 1571 οίνευ
1281 1512 1436 1590 ὁμολογίας,
1452 1511 1496 1571 καί
1513 1514 1698 1592 παραδιδόασι
1715 1512 1790 1593 σφάς
1812 1517 1852 1571 τύ·

1062 1600 1121 1668 τούς
1144 1598 1315 1681 Κριτοόούλῳ
1335 1598 1488 1680 χρήσασθαι
1506 1602 1523 1659 ό
1541 1622 1567 1659 τι
1587 1599 1634 1657 καὶ
1651 1601 1800 1677 βούλοιτο,
1815 1623 1852 1655 πι-

1064 1689 1218 1757 στεύσαντες
1233 1692 1316 1769 αύτῷ.
1361 1687 1440 1767 (τ)Ὁ
1457 1688 1485 1747 δί
1497 1688 1612 1748 ἀπέλυσε
1634 1688 1751 1755 πάντας
1764 1690 1852 1758 εῖτύιι,

1064 1806 1077 1831 ι
1093 1778 1115 1837 εἰ
1131 1784 1179 1854 μίν
1194 1780 1306 1858 αἱρεῖσθε
1322 1777 1379 1855 μεθ’
1391 1782 1467 1853 ήμῶν
1482 1768 1547 1835 εἶναι
1562 1778 1611 1835 καὶ
1626 1785 1773 1835 κατοικεῖν
1789 1779 1852 1845 ἐντῖ,

1063 1868 1152 1945 νήσῳ,
1167 1867 1298 1946 δεχόμεθά
1314 1868 1426 1943 τεύμάῖς
1441 1866 1486 1923 καί
1499 1865 1533 1924 τά
1553 1866 1700 1934 ἐπιτήδεια
1724 1867 1852 1943 ἀρκοῦντα

1063 1954 1224 2035 παρέξομεν·
1239 1956 1262 2013 εἰ
1280 1954 1303 2011 δ’
1316 1952 1362 2027 ού,
1377 1952 1455 2013 ἄπιτε
1470 1952 1529 2012 ύποι
1546 1953 1624 2033 φίλον
1641 1952 1767 2034 ἑκάστῳ.
1781 1982 1794 2004 ²
1806 1954 1852 2013 Τον

1065 2042 1093 2102 δέ
1105 2066 1135 2121 γε
1151 2042 1250 2102 τούτων
1262 2043 1377 2123 ἄρχοντα
1395 2041 1569 2123 Καλαύρέζον
1584 2040 1684 2121 δώροις
1704 2065 1735 2101 τε
1752 2042 1852 2105 πολλοῖς

1064 2129 1110 2189 καί
1126 2129 1215 2199 ξενίοις
1226 2130 1340 2206 τιμήσας
1353 2130 1493 2210 ἀπέπεμψε
1506 2129 1564 2205 μετ’
1575 2130 1686 2207 εἰρήνης
1699 2132 1729 2196 ἐς
1742 2128 1852 2189 Εύόοιαι

1065 2217 1223 2279 ἀπελθόντα.
1267 2216 1299 2297 (7)
1324 2215 1400 2278 Mna
1415 2216 1442 2277 δί
1463 2224 1541 2277 τοῦτο
1566 2217 1680 2297 πέμψας
1701 2218 1818 2295 ἄγγελον
1831 2218 1853 2281 ἐς

1064 2305 1109 2365 τδν
1132 2312 1177 2365 τυῶ
1201 2308 1322 2368 Παλαιοῦ
1341 2304 1465 2383 Κόστρου
1488 2307 1660 2383 καλουμένου
1675 2309 1769 2381 (τοῦτο
1784 2306 1810 2363 δ’
1822 2298 1852 2373 ἦν

1065 2395 1199 2467 ήπαλαιθι
1223 2392 1425 2476 λίυρινούπυλις)
1446 2394 1613 2475 φρούραρχον
1632 2394 1768 2464 λίεκέλην,
1781 2394 1853 2451 αἰτεῖ

1063 2482 1112 2567 τὴν
1127 2482 1288 2565 ἀκρόπολιν,
1300 2482 1505 2561 ὑπισχνούμενος
1519 2486 1595 2563 αὐτῷ
1606 2484 1649 2541 καὶ
1660 2486 1731 2561 δῶρα
1747 2482 1846 2538 δώσειν

1064 2572 1110 2629 καὶ
1124 2570 1244 2648 τιμήσειν
1254 2573 1360 2638 ἱκανῶς.
1376 2569 1455 2631 Ἔστι
1469 2571 1520 2650 γδρ
1534 2575 1552 2641 ἡ
1566 2577 1614 2643 τῆς
1628 2570 1846 2648 λίυρινουπῶεως

1065 2657 1205 2737 ἀκρόπολις
1214 2658 1367 2739 ἐχυρωτέτη
1376 2658 1421 2717 καί
1429 2656 1516 2730 πάντη
1528 2657 1729 2737 ἀνεπιχείρητος
1737 2656 1783 2713 κτλ
1792 2660 1846 2713 τῶν

1066 2748 1218 2821 ὀνομαστῶν
1233 2748 1275 2805 ἀπ’
1282 2745 1413 2827 ἀσφαλείᾳ
1424 2750 1454 2806 έκ
1463 2746 1533 2804 πάνυ
1544 2746 1721 2818 παλαιοῦ,έτι“
1732 2744 1813 2821 ἄκρας
1822 2767 1846 2801 τι

1066 2833 1302 2915 ύπερανῳκισμίνη
1316 2838 1362 2902 τῆς
1379 2834 1479 2900 πόλεως
1493 2834 1532 2913 ἐφ’
1551 2836 1659 2921 ὑψηλοῦ
1681 2834 1731 2891 καὶ
1751 2834 1845 2909 τριτῖῶ
1895 2866 1896 2869 =

1065 2923 1148 3001 τείχει
1159 2921 1314 3004 παλαιτάτῳ
1325 2920 1368 2980 καὶ
1378 2920 1458 2987 λίθοις
1469 2921 1601 2999 μεγίστοις
1608 2921 1843 2996 κατησφαλιτμένη

1066 3033 1094 3069 τε
1100 3009 1146 3068 καί
1155 3008 1379 3090 κατῳχυρωμίνη,
1387 3008 1433 3069 καί
1443 3018 1532 3069 πᾶσαν
1540 3012 1583 3089 ὑφ’
1596 3008 1687 3081 αὑτήν
1699 3008 1798 3087 ἔχοντα
1807 3012 1843 3063 ui

1065 3096 1262 3156 καταδουλοῦσα
1275 3096 1322 3168 τὴν
1333 3096 1418 3157 πόλιν.
1461 3098 1492 3175 (ε)
1509 3096 1563 3157 Καὶ
1578 3097 1622 3153 διὰ
1637 3102 1722 3155 τοῦτο
1736 3096 1842 3155 ἐύαζλετι

230 3182 411 3262 ξυμπαρόντος
425 3206 455 3262 γε
470 3183 516 3242 καὶ
538 3187 617 3245 αὐτοῦ
641 3182 818 3265 Κριτούούλου
842 3183 903 3243 τότε
925 3186 953 3243 έν
967 3183 1015 3272 ἰλ-Ι
1067 3190 1158 3245 τοῦτον
1173 3185 1355 3263 ὑπαγαγέσθαι
1370 3184 1457 3264 λόγοις
1470 3184 1579 3265 ἡμέροις
1592 3206 1623 3243 τε
1640 3185 1690 3243 καὶ
1711 3184 1842 3264 πρυτηιὲει

235 3270 417 3350 δριανουπόλει
431 3270 542 3350 (τε)κα“ι
556 3272 775 3351 ξυμπράττοντος.
819 3272 852 3351 (ι)
864 3272 1012 3348 Δεξάμενος
1065 3273 1155 3333 καὶτὸ
1177 3274 1237 3335 όλον
1256 3277 1403 3356 εἰρηνικοῖς.
1438 3273 1479 3335 ’Ὁ
1493 3275 1537 3349 δὲ,
1550 3273 1598 3335 άτε
1620 3274 1682 3340 νέος
1698 3273 1738 3333 ῶν
1752 3276 1793 3332 καὶ
1806 3298 1843 3331 τι·
1894 3342 1895 3351 γ

230 3356 257 3415 δὲ
273 3360 287 3414 δ
302 3356 479 3437 Κριτόόουλος
500 3359 534 3417 τθ
548 3358 623 3439 παρὰ
643 3363 689 3419 τοῦ
705 3358 835 3439 βασιλέως
847 3360 992 3441 γράμματα
1000 3360 1015 3435 ,“
1066 3361 1265 3442 στιύωντῇτῆς
1276 3362 1445 3444 ἀκροπόλεως
1458 3364 1597 3442 ἐχυρότητι
1610 3361 1659 3420 καὶ
1672 3362 1736 3439 ἅμα
1749 3365 1843 3441 φυλακῇ
1894 3358 1895 3372 ’

231 3446 377 3516 έπανῆλθεν
401 3449 427 3513 ές
448 3446 560 3527 ’ἰμόρον
582 3452 618 3514 ύις
633 3448 768 3528 τάχιστα·
783 3448 829 3509 καί
850 3450 913 3525 μίαν
929 3451 1011 3527 μόνην
1067 3451 1162 3530 ἰσχυρᾷ
1177 3451 1224 3509 καί
1239 3450 1340 3523 σιτήσει
1353 3441 1416 3531 (εἶχε
1432 3449 1483 3527 γάρ
1497 3448 1567 3516 έντδς
1579 3448 1639 3523 μεθ’
1649 3452 1748 3509 ἑαυτοῦ
1759 3448 1800 3507 καί
1813 3450 1843 3507 τύ

231 3534 335 3613 ἡμέραν
359 3534 438 3593 αὐτοῦ
455 3535 650 3616 διαγαγὼν,τῇ
667 3536 792 3617 ὑστεραίρ
809 3537 893 3615 έμόάς
914 3540 941 3605 ές
955 3518 1017 3637 πύῳ
1066 3536 1202 3609 έπιτήδεια
1218 3540 1317 3620 οίφθονα
1332 3538 1377 3599 καὶ
1391 3521 1525 3619 ἀρκοῦντα
1535 3539 1560 3603 ές
1573 3538 1637 3596 ὅλον
1656 3540 1792 3609 ένιαυτον,
1805 3538 1844 3594 αιί

232 3624 310 3703 ραλον
324 3623 370 3683 καὶ
384 3622 471 3683 λαθὼν
484 3624 531 3692 τδς
544 3624 707 3707 έφορμούσας
718 3648 746 3684 τε
759 3625 805 3685 καί
819 3626 1011 3708 περιπλεούσας
1067 3626 1162 3707 ἀνδρας
1185 3626 1345 3707 ὀγδοήκοντα
1367 3626 1592 3705 καταρράκταις),
1615 3624 1711 3704 λόγοις
1737 3626 1784 3702 μὲν
1806 3629 1844 3684 οἰκ

229 3712 279 3783 τὴν
301 3718 379 3784 νῆσον
394 3714 592 3794 προφυλακίδας
617 3718 682 3785 νῆας
707 3717 758 3774 τῶν
774 3714 900 3793 Ἰταλῶν,
921 3716 1011 3782 νυκτὸς
1067 3716 1253 3794 ἀποκρίνεται,
1268 3714 1363 3793 αίματι
1382 3716 1410 3773 δὲ
1429 3712 1497 3793 ξίφος
1520 3713 1672 3793 ἐγχαράξας
1702 3716 1731 3782 ἐς
1753 3714 1844 3793 χάρττε

231 3800 353 3881 καταίρει
370 3803 396 3868 ές
411 3804 535 3878 Λῆμνον,
554 3804 600 3861 καὶ
622 3802 759 3883 ἐσέρχεται
778 3804 804 3864 έν
823 3808 862 3884 τῷ
879 3806 1010 3884 φρουρίῳ,
1067 3804 1219 3883 ἀποπέμπει
1244 3801 1427 3883 Κριτούούλῳ,
1446 3807 1522 3863 τοῦτο
1541 3802 1645 3874 δηλῶν,
1666 3804 1708 3868 ὣς
1727 3830 1740 3853 ι
1760 3801 1844 3877 αἰμαπ
1893 3800 1894 3861 ἰ

229 3893 282 3963 τῶν
292 3894 471 3971 ἰίαστριυιτῶν
481 3892 541 3972 περὶ
550 3890 658 3972 πρεύτην
670 3915 720 3951 που
732 3892 851 3973 φυλακήν
863 3894 1009 3970 δεξαμένων
1067 3892 1113 3952 καί
1129 3891 1228 3972 σιδήρῳ
1243 3892 1315 3971 μόνῳ
1329 3890 1376 3961 τήν
1389 3889 1529 3970 ἀκρόπολιν
1543 3888 1636 3970 λήψῃ,
1650 3891 1743 3956 άλλως
1754 3890 1777 3946 δ’
1788 3890 1823 3963 αἰ,
1835 3920 1844 3939 ι

231 3977 324 4040 αὐτόν.
379 3981 641 4057 Κοινολογησάμενος
656 3979 684 4040 δί
697 3985 735 4062 τῷ
749 4005 778 4041 τε
792 3982 944 4064 ρρουράρχη
966 3984 1011 4043 καί
1065 3976 1111 4039 καί
1123 3980 1179 4057 ἅμα
1190 3978 1502 4061 προσιπαπιιλησάμενος
1519 3980 1545 4037 έν
1557 3980 1595 4057 τῷ
1611 3980 1707 4057 χάρτη
1720 3979 1844 4037 καὶτοῖτυ

234 4064 288 4129 τοῖς
303 4070 360 4141 μετ’
373 4068 454 4126 αύτόύ
468 4060 535 4147 (εἰχε
548 4068 598 4147 γάρ
612 4069 658 4128 καὶ
668 4075 760 4148 τοῦτον
776 4070 844 4148 μετά
858 4074 909 4129 τῶν
922 4072 1009 4130 ἀλλων
1066 4071 1125 4147 μετ’
1135 4066 1280 4147 εἰρωνείας·
1291 4095 1303 4121 ι
1317 4066 1355 4143 μὴ
1365 4066 1433 4127 ούτω
1444 4065 1491 4139 τήν
1504 4066 1648 4145 ἀκρόπολιν
1661 4067 1747 4139 αἴτει,
1758 4069 1789 4125 ού
1802 4068 1843 4145 γ’τρ

233 4150 459 4231 ξυμπράττοντα),
475 4156 548 4223 εύθύς
567 4157 744 4226 ἀναλαόόντες
756 4160 846 4225 ἱππεῖς
865 4157 944 4220 πέντε
964 4158 1010 4219 καί
1065 4155 1154 4236 λήψῃ·
1173 4155 1273 4214 ἀλλἐἴ
1294 4177 1324 4233 γε
1346 4152 1412 4233 ἀνὴρ
1432 4144 1467 4226 εἰ,
1483 4154 1559 4219 αὐτὸς
1582 4150 1667 4213 ἐλθὼν
1695 4152 1742 4223 ξδν
1764 4156 1845 4217 ὅπλοις

230 4238 327 4297 εἴκοσιν
350 4242 521 4321 ἀφικνοῦνται
542 4246 567 4311 ές
589 4244 685 4304 τὸτοῦ
710 4246 835 4315 Κοτζίνου
859 4247 926 4306 άστυ
947 4246 1007 4327 περὶ
1066 4243 1188 4321 λάμύανε
1201 4242 1334 4315 ταύτην.ι

262 4505 329 4554 xm.
347 4506 549 4573 θνομαοτυτύτας]
564 4510 601 4560 sic
613 4522 712 4572 margo,
725 4510 923 4575 περιρανεττότας
934 4516 997 4563 text.

263 4577 328 4627 xlv.
346 4580 410 4635 Quae
422 4590 444 4627 ο.
461 4582 488 4628 14
501 4582 527 4629 τε
545 4584 574 4629 15
587 4580 620 4630 θο
636 4580 731 4631 natiso
745 4583 838 4632 Lemno
851 4581 971 4634 Critobuli
992 4596 1067 4647 opera
1087 4580 1165 4647 pulsis
1186 4581 1310 4645 leguntur,
1323 4578 1386 4630 ajius
1405 4591 1477 4629 nemo
1499 4578 1612 4630 indidit
1637 4580 1845 4643 Ghalcoeondyla

230 4661 254 4710 ρ.
269 4650 325 4707 470,
339 4653 350 4700 1
366 4650 486 4700 Lamum
502 4652 528 4699 εἰ
545 4651 655 4701 Imbrum
672 4651 704 4701 ab
725 4652 829 4703 [smaele
849 4652 936 4705 elassis
955 4655 1073 4720 praeseclo
1085 4654 1241 4717 εοουροιείεε
1255 4662 1311 4700 esse
1324 4648 1393 4700 dicit.
1406 4648 1475 4701 Idem
1491 4654 1516 4713 p.
1529 4652 1585 4709 469,
1597 4654 1612 4699 3
1624 4654 1714 4700 namt
1726 4652 1846 4701 Βεειιευιυ

230 4716 342 4780 despota
355 4722 485 4783 propterea
494 4720 579 4784 quod,
590 4722 686 4772 Thmm
698 4722 824 4773 fratre'res
836 4738 912 4773 ιιονετ
926 4726 1054 4785 moliente,
1066 4725 1118 4789 ipse
1130 4724 1238 4785 quietem
1252 4723 1348 4783 ageret,
1359 4721 1491 4779 Lemnum,
1504 4718 1626 4779 Imbrum,
1640 4721 1758 4771 Thasum
1767 4726 1792 4771 et
1808 4724 1844 4769 sa·
1891 4742 1892 4787 γ

231 4788 376 4839 ιυυίἰιενωυ
387 4788 540 4851 adjudicatas
550 4804 612 4843 esse.
627 4792 640 4855 ss
651 4791 706 4855 -§
719 4799 742 4842 2.
754 4794 810 4857 παρ’
819 4794 908 4858 αὐτῶν]
916 4796 974 4847 add.
986 4809 1078 4859 margo.
1089 4794 1100 4859 ΙΙ
1111 4821 1142 4833 -
1151 4794 1237 4844 δώσειν
1246 4790 1329 4855 αὐτοῦ]
1338 4804 1372 4841 sc.
1385 4794 1426 4840 τοῦ
1438 4792 1567 4855 βασιλέως,
1579 4792 1631 4842 nisi
1643 4792 1702 4843 ἰοτλ.
1720 4792 1845 4855 legmdun
1891 4790 1892 4839 ἰ

232 4862 308 4922 αὐτῷ.
321 4861 332 4923 n
342 4890 369 4898 -
379 4860 394 4925 §
403 4866 425 4912 3.
437 4861 550 4928 πρίαθυνί
559 4864 655 4928 πρῖοθιν
666 4862 721 4913 συθ.
738 4864 764 4914 h.
774 4864 792 4914 1.
803 4868 829 4914 ει
839 4865 906 4915 aiibi.
916 4862 930 4928 11
938 4890 969 4901 -
979 4864 994 4929 §
1003 4866 1026 4915 4.
1039 4860 1207 4927 Καστριιυτιῖιν]
1221 4874 1327 4925 quorum
1339 4860 1458 4925 oppidum
1471 4862 1569 4911 Καείτο
1581 4862 1723 4912 etiamnum
1734 4868 1843 4913 τοοαιει.

235 4930 247 4995 Ι
261 4959 290 4971 -
305 4930 382 4997 ιὺθὺι]
392 4934 465 4996 μηδθν
476 4933 634 4996 μελλήσαντας
643 4946 735 4998 margo.
749 4934 760 4998 u
775 4960 802 4973 -
814 4934 939 4999 Κοτῑίνιυ]
948 4936 989 4985 Sic
1004 4937 1079 4986 etiam
1088 4934 1222 4985 Phrantms
1231 4945 1255 4996 ρ.
1271 4934 1326 4993 447,
1337 4936 1367 4982 23
1381 4930 1463 4982 locum
1476 4930 1561 4993 εοααῑς
1570 4930 1633 4985 hod.
1644 4933 1782 4985 Κολλίνα.
1794 4932 1806 4995 fl
1821 4958 1846 4972 -

232 5001 285 5063 ςθ.
300 5002 340 5052 διὰ
354 5004 431 5067 μάχης
442 5004 562 5069 γενέσθαι]
571 5005 608 5055 sic
619 5018 717 5069 margo,
730 5006 753 5055 θ.
764 5022 791 5068 μ.
802 5006 878 5056 ἐλθεῖν
892 5008 956 5056 text.
967 5004 1040 5055 Modo
1054 5005 1101 5055 Ιιοο
1116 5005 1191 5055 modo
1207 5002 1268 5053 illud
1283 5016 1323 5067 ορ.
1340 5000 1419 5052 Τίιυο.
1437 5000 1537 5066 ἰοςίἰυτ.
1550 5000 1562 5066 ΙΙ
1573 5027 1607 5040 -
1618 5000 1635 5066 5
1647 5007 1672 5053 7.
1682 5003 1803 5067 Mamm]
1814 5004 1846 5052 τῖε

234 5071 309 5121 eliam
320 5084 342 5121 c.
356 5076 393 5133 18,
404 5077 425 5125 ἰ.
435 5074 532 5138 θίιχαὴλ
544 5075 620 5137 ὄνομα
631 5074 664 5124 ad
677 5088 753 5139 marg.
768 5074 781 5138 Ιί
794 5102 825 5112 -
834 5074 1014 5141 ἰάνρενούπολις]
1026 5076 1195 5138 λίιρηνούπολις
1209 5074 1263 5125 eod.
1281 5074 1307 5125 h.
1327 5074 1344 5125 ἰ.
1357 5077 1383 5124 et
1400 5073 1483 5139 paullo
1497 5078 1561 5137 post·
1568 5087 1593 5125 c.
1615 5080 1655 5139 15,
1671 5082 1693 5127 ἰ.
1713 5074 1785 5143 Apud
1803 5088 1845 5124 ve·

236 5146 300 5191 {eru
311 5142 403 5208 Μύρινα
417 5144 491 5203 πόλις.
504 5143 515 5209 Ι
528 5171 560 5183 -
573 5147 607 5211 ἀφ’
617 5145 720 5211 ὑψηλοῦ]
732 5150 783 5197 Aut
795 5146 843 5197 hoc
856 5150 901 5197 aut
911 5147 950 5197 ἐπ’
960 5148 1032 5213 ἄκρας
1041 5162 1068 5197 τε
1081 5146 1198 5197 abundat.
1216 5146 1265 5210 Ιί-
1276 5144 1316 5196 καὶ
1326 5143 1387 5209 ἅμα]
1399 5146 1440 5195 καί
1451 5146 1526 5195 ἀλλτὲ
