3809 5859
193 253 250 315 122
620 247 822 310 cuuuuuur
843 250 1110 342 HISTORIARUM
1132 252 1205 312 ΠΒ.
1223 246 1280 326 ΠΙ,
1303 254 1363 314 36.

193 384 304 461 λιορκῶν
329 381 402 441 οὐδὲν
420 380 512 454 ἤνυεν,
526 380 594 459 ίγνω
608 382 716 462 χρονίαν
731 380 837 441 ἔσεσθαι
856 382 904 453 τήν
918 405 967 441 πο·
1022 383 1097 461 μενός
1119 408 1148 443 τε
1171 384 1217 442 καί
1239 383 1390 461 ληιζόμενος
1412 380 1603 443 πάντατάέν
1622 379 1706 452 ποσί,
1721 378 1759 437 τά
1783 402 1815 437 τε
1880 394 1881 451 ζ

194 472 310 551 λιορκίαν
336 471 423 550 αὐτῷ·
445 468 475 528 αί
492 493 522 527 τε
537 468 588 550 γάρ
612 472 731 549 μηχαναὶ
752 471 799 529 ούκ
821 471 967 539 ἐξικνοῦντο
996 490 997 495 ’
1021 472 1120 545 ἀνάντη
1135 472 1180 531 καί
1200 470 1320 531 δύσόατα
1333 470 1379 529 καί
1394 469 1498 551 σκληρά
1513 472 1565 529 τῶν
1579 492 1609 529 τε
1629 465 1745 549 χωρίσει
1763 467 1816 524 καὶ
1880 476 1881 495 ³

194 558 258 638 πρὸς
273 557 304 615 τό
317 564 403 635 τεῖχος
419 558 519 630 καλῶς,
532 558 592 616 οὐδὲ
607 559 733 637 βλάπτειν
743 557 808 626 ἀλως
820 559 965 631 ἠδύναντο·
1020 564 1072 619 τῶν
1093 561 1214 640 παρόδων
1232 560 1389 637 ἐξομαλίζειν
1410 560 1456 617 καί
1477 562 1598 637 ἡμερῶν,
1619 556 1668 615 καὶ
1690 556 1731 613 τά
1752 558 1817 633 ε’ριι»

195 643 385 724 ἀφαιρούμεναι
404 644 454 723 γὰρ
473 644 522 715 τήν
543 646 603 724 βίον
616 648 655 725 τῷ
669 645 765 721 μήκει,
778 646 968 716 ἐξεκαυλίζοντο
1022 647 1139 725 μνύτατα
1153 651 1205 709 τῶν
1223 648 1350 731 φρουρίων
1369 648 1476 725 ἐξαιρῶν
1489 670 1519 705 τε
1535 648 1582 706 καί
1599 645 1817 705 κατασκάπτων

195 735 240 793 καί
259 733 441 812 ἀσθενέστερον
460 735 499 811 τῷ
523 733 605 812 τείχει
626 733 816 813 προσέπιπτον.
858 735 899 796 Οὗ
917 734 968 813 γάρ
1021 736 1161 817 καίπάντῃ
1172 736 1347 816 χειρούμενος.
1392 738 1428 814 (ι)
1441 736 1613 815 Προσελάσας
1627 734 1656 793 δὲ
1669 738 1710 814 τῇ
1723 735 1818 813 Τεγέη

196 822 256 895 ἐνῆν
268 819 348 888 αὐτός
359 824 396 899 τίξν
408 819 547 901 ἀποκράτῳ
558 822 604 879 καί
613 824 720 901 σκληρῷ
729 828 773 882 τοῦ
783 821 881 902 χωρίου
893 824 969 901 ἐγγύς
1022 823 1110 895 πολει,
1124 824 1155 896 ἣν
1170 827 1194 884 οί
1207 830 1252 883 νῦν
1275 824 1393 903 Μοχλίον
1415 827 1541 898 καλοῖσι,
1554 823 1749 903 στρατόπεδον
1772 820 1818 879 τί·

196 934 246 971 που
267 916 312 970 τοῦ
331 910 432 989 τείχους
451 916 634 989 προσενεγκεῖν
652 906 721 967 ὥστε
741 911 786 967 καὶ
802 911 889 969 παίειν
907 912 970 971 αὐτὸ
1023 917 1101 985 ύησι,
1115 912 1160 972 καί
1174 912 1390 992 περισταυρώσας
1400 912 1482 983 αύτήν
1491 912 1537 971 καί
1546 911 1641 989 κύκλῳ
1650 908 1818 989 περελαάιὶα
1880 942 1881 947 =

198 999 453 1081 μετάβίαςσφοδρᾶς
467 999 512 1056 καὶ
524 998 609 1077 ῥύμης
620 998 668 1056 καὶ
680 1007 876 1078 καταρριπτεῖν·
889 1001 937 1081 (ιι)
947 1003 970 1059 εί
1022 1004 1060 1081 τῷ
1074 1004 1177 1080 στρατῷ
1192 1001 1338 1078 ἐπολιόρκει
1352 1002 1392 1060 ἐπ’
1405 1000 1639 1078 ὀλίγαιςήμέραις.
1664 998 1729 1059 Καὶ
1748 1002 1821 1075 μετά
1880 994 1881 1059 ί

197 1089 225 1147 δέ
240 1087 286 1147 καί
300 1087 367 1153 ὅλως
381 1094 580 1168 κατερριπτεῖτο
590 1084 621 1145 τό
634 1094 734 1165 τεῖχος,
749 1085 875 1147 ἀλλὰκαὶ
888 1088 971 1155 ούτως
1023 1094 1099 1147 τοῦτο
1116 1087 1267 1167 Δημήτριος
1283 1088 1405 1161 ἶίσάνης,
1420 1094 1434 1149 ό
1449 1090 1544 1163 ταύτης
1567 1090 1710 1169 ἔπαρχος,
1723 1090 1821 1165 λόγως

162 1178 166 1187 ’
199 1182 258 1250 ήές
275 1177 305 1237 τό
326 1177 393 1236 άστυ
415 1174 526 1245 καλιήν
549 1175 623 1234 πόλιν
640 1175 753 1254 πάροδος
772 1175 910 1257 ἀπόμαχσς
924 1168 970 1250 ἦν,
1023 1175 1163 1257 προοφίρει
1177 1180 1216 1255 τῷ
1231 1177 1402 1255 βασιλεῗπερί
1413 1200 1442 1236 τε
1453 1176 1607 1253 ἱυμόάσεοιν
1619 1178 1671 1235 καὶ
1683 1174 1821 1239 ἐνδόσεως

198 1264 358 1345 ίκατίρωδεν
381 1263 523 1339 ἀποτόμοις
540 1271 666 1343 κρημνοῖς
685 1262 730 1321 καί
751 1266 887 1333 σκοπέλοις
905 1266 970 1323 διει-
1024 1268 1115 1336 αὐτῆς.
1139 1264 1194 1325 Καὶ
1210 1263 1376 1341 ξυμύαίνουσι
1392 1264 1441 1336 δή,
1455 1264 1500 1323 καί
1515 1264 1650 1340 λαμὸάνει
1663 1261 1723 1335 τὴν
1737 1264 1821 1320 πολιν

197 1354 322 1431 λημμένη
336 1352 382 1411 καί
396 1350 476 1431 φόόον
489 1349 534 1410 καί
547 1350 645 1410 δειλίαν
660 1352 787 1423 πλείστην
798 1352 970 1433 παρεχομένη
1025 1356 1039 1411 δ
1055 1350 1176 1432 βασιλεύς
1189 1352 1326 1434 ύμολογίορ.
1371 1355 1526 1435 Προσχεορεῖ
1535 1352 1562 1411 δέ
1573 1352 1649 1431 αύτῷ
1666 1349 1721 1410 ἐπὶ
1734 1352 1821 1427 ταύτῃ

198 1452 251 1508 τοῖς
265 1441 381 1500 κάτωθεν
391 1443 500 1500 εἰσιοῦσι
512 1439 569 1518 μεθ’
578 1439 793 1512 όπλων,ἀνωδίν
806 1464 837 1500 τε
851 1442 897 1501 καὶ
907 1442 972 1521 ὑπὲρ
1025 1440 1070 1501 καί
1098 1440 1173 1521 ίτερα
1200 1440 1310 1523 φρούρια
1336 1443 1383 1501 οιίκ
1404 1440 1481 1519 δλίγα
1511 1446 1564 1501 τῶν
1591 1438 1820 1519 πλησιοχώρων.

200 1533 314 1611 κεφαλῆς
329 1529 499 1608 βαλλομένοις
511 1527 537 1597 ἐξ
555 1528 710 1609 ὑπερδεξίων
727 1528 779 1589 ἀπδ
798 1534 850 1590 τῶν
873 1531 970 1611 ἄκρων.
1029 1534 1061 1609 (ι)
1077 1532 1152 1593 01δέ
1165 1536 1212 1603 τῆς
1228 1530 1431 1603 Πελοποννήσου
1446 1531 1572 1590 δεσπόται
1588 1533 1616 1591 ἐν
1631 1534 1669 1609 τῇ
1687 1529 1821 1606 μεσογείε

200 1620 256 1678 Καί
269 1618 394 1685 πολλάκις
408 1616 437 1675 δέ
450 1616 534 1696 ταύτῃ
553 1616 885 1698 προσόαλώνόβασιλεύς,
898 1621 973 1700 ίσχυ-
1026 1622 1138 1697 ταύτης,
1165 1622 1191 1679 ἐν
1216 1618 1379 1699 Ἀμυκλαίῳ,
1417 1619 1560 1693 καθήμενοι
1586 1617 1821 1693 ξυντεταγμένοι,

202 1710 251 1787 ρέε
266 1706 443 1786 ἆπῑκρθίσθη·
1028 1708 1118 1779 ἐπειδὴ
1132 1706 1228 1784 ἔμαθον
1242 1706 1452 1787 προσελαύνοντα
1466 1710 1499 1785 τῇ
1512 1706 1599 1785 Τεγέρ
1616 1704 1666 1764 τόν
1685 1704 1819 1783 βασιλέα,

240 1795 292 1857 W.
313 1793 392 1854 Ἐπεί
405 1784 450 1853 σίν
461 1792 521 1854 ούτε
541 1797 570 1854 ἐκ
580 1793 729 1874 προσάολῆς
742 1793 789 1876 βίφ
800 1795 852 1863 τοῖς
866 1794 974 1873 ὅπλοις,
1029 1795 1189 1863 διαλυθέντες
1203 1794 1276 1861 εὐθὺς
1288 1793 1391 1874 ᾤχοντο
1401 1793 1551 1875 φεύγοντες,
1565 1794 1612 1853 καί
1628 1796 1820 1872 ἀνπχανροῧτιν
1880 1828 1881 1879 γ

201 1882 260 1944 ούτε
276 1889 408 1960 μηχαναῖς
422 1879 482 1939 ούτε
496 1881 570 1962 άλλῳ
583 1904 621 1961 τῳ
634 1880 723 1961 τρόπῳ
739 1880 850 1962 τοιούτῳ
865 1886 880 1941 ό
894 1888 974 1962 βασι·
1028 1884 1099 1960 ύμέν
1109 1887 1133 1949 ἐς
1143 1883 1301 1943 Μαντίνειαν
1314 1886 1338 1962 (ό
1350 1884 1477 1960 Θωμᾶς),
1487 1874 1558 1953 οόδή
1568 1882 1616 1941 καὶ
1626 1880 1726 1959 ἡγυνή
1741 1884 1821 1940 αὐτοῦ

201 1970 260 2039 λεύς
275 1969 392 2048 αἱρήσειν
406 1969 454 2039 τὴν
469 1968 546 2027 πόλιν
560 1967 696 2046 ἐνόμισεν,
711 1967 769 2027 ἀλλ’
782 1967 800 2040 ή
813 1968 891 2046 μόνον
903 1971 975 2049 λιμῷ
1029 1973 1073 2030 καὶ
1089 1974 1112 2031 οἱ
1127 1972 1219 2039 παῖδες
1240 1962 1322 2044 ήσαν,
1336 1974 1350 2029 ό
1363 1971 1390 2029 δέ
1407 1972 1433 2039 ἐς
1446 1973 1608 2052 Ἐπίδαυρον
1622 1969 1674 2041 τὴν
1691 1968 1819 2046 Διμηρᾶν

202 2059 248 2119 καί
261 2055 398 2136 πολιορκίᾳ
414 2053 619 2137 μακρᾷ,ούκε’τι
633 2054 697 2134 πρός
717 2053 751 2113 τά
768 2055 849 2114 λοιπά
867 2055 976 2132 διαμίλ·
1028 2062 1057 2137 (ὁ
1078 2060 1238 2138 Δημήτριος)
1262 2058 1320 2130 ήτις
1346 2065 1391 2119 νῦν
1413 2060 1589 2137 Πονεμάασία
1614 2060 1758 2130 καλεῖται,
1773 2059 1818 2115 καί

197 2149 257 2208 ,λειν
278 2145 386 2224 ἐγνώκει
405 2146 457 2204 δεῖν
477 2146 531 2203 οὐδ’
546 2145 604 2215 είκῆ
625 2142 669 2202 τόν
690 2144 779 2223 καιρόν
805 2144 975 2217 ἀναλίσκειν,
1032 2147 1159 2227 διὲτριόον
1180 2150 1206 2206 ἐν
1227 2149 1318 2213 αὐταῖς
1339 2154 1384 2207 τοῦ
1405 2148 1522 2225 πολέμου
1543 2147 1575 2207 τό
1592 2149 1681 2232 πέρας
1697 2152 1816 2207 ἀποσκο-
1880 2204 1881 2217 J

202 2235 271 2296 ἀλλά
284 2234 315 2292 τὸ
332 2231 379 2308 μέν
405 2231 485 2310 ήμισυ
506 2235 552 2302 τῆς
573 2239 697 2310 στρατιᾶς
719 2230 764 2299 ξύν
785 2230 977 2310 Μαχουμούτει
1031 2241 1146 2304 mium.
1880 2304 1881 2311 γ

202 2318 356 2381 καταλιπὼν
370 2320 462 2392 αὐτοῦ,
476 2317 546 2378 ώστε
558 2320 706 2399 πολιορκεῖν
720 2318 765 2378 καί
777 2319 917 2396 φυλάσσειν
929 2324 977 2392 τήν
1071 2323 1103 2383 V.
1127 2321 1256 2389 Βασιλεύς
1270 2323 1298 2383 δέ
1314 2322 1441 2403 βραχείας
1459 2324 1561 2404 ἡμέρας
1577 2324 1603 2384 ἐν
1614 2323 1695 2403 Τεγέᾳ
1713 2327 1812 2403 ἀιαγει·
1880 2382 1881 2387 ,

203 2414 359 2484 πόλιν,τοῦ
379 2411 461 2483 μήτι
484 2411 537 2467 τῶν
557 2406 629 2467 ἔνδον
649 2408 748 2485 ἐξάγειν
771 2406 789 2479 7,
812 2410 864 2467 τῶν
885 2407 989 2489 finiar
1033 2407 1085 2487 γόον
1097 2410 1142 2468 καί
1153 2412 1390 2487 καταστησάμενος
1409 2409 1442 2470 τά
1455 2411 1546 2485 αὐτοῦ,
1560 2412 1707 2491 φρουράςτε
1722 2414 1809 2489 ἐγκα-
1880 2476 1881 2479 J

204 2497 401 2575 ίσκομίζεοθαι,
426 2494 502 2563 αύτδς
531 2496 579 2569 τήν
602 2496 697 2567 λοιπὴν
720 2494 861 2555 ἀναλαόιλν
885 2496 979 2577 ἐχώρει
1034 2496 1232 2579 ταλιπώναύτῇ
1247 2520 1276 2556 τε
1292 2498 1338 2557 καὶ
1357 2507 1410 2564 τοῖς
1434 2498 1522 2565 ἀλλοις
1536 2501 1680 2579 φρουρίοις,
1694 2499 1739 2577 ήει
1757 2498 1810 2567 τήν
1880 2526 1881 2551 ι

202 2588 267 2665 πρὸς
280 2587 316 2645 τά
331 2584 423 2646 λοιπά.
465 2585 502 2664 (ι)
522 2585 578 2646 Καὶ
600 2587 702 2664 πρῶτον
726 2587 775 2661 μέν
796 2583 831 2643 τά
851 2585 911 2663 περί
931 2585 979 2658 τήν
1034 2585 1078 2643 ἐπὶ
1103 2585 1211 2665 Πάτρας
1236 2588 1283 2657 τῆς
1296 2581 1406 2665 Ἀχαίας
1427 2592 1554 2665 τραχεῖαν
1579 2586 1639 2644 ὁδὸν
1659 2584 1706 2642 καῖ
1721 2584 1815 2655 πάντη
1880 2652 1881 2655 J

206 2676 330 2754 Ιίόρινύον
341 2672 508 2755 φρούρια,τά
522 2672 570 2746 μὲν
583 2672 630 2753 βίῳ
641 2676 695 2739 τοῖς
706 2670 853 2745 όπλοις,τδι
864 2670 892 2731 δέ
907 2670 980 2752 φόάῳ
1035 2672 1150 2751 ἀνάντη,
1168 2671 1325 2753 δυσχωρίαις
1343 2696 1371 2733 τε
1395 2674 1506 2740 πολλαῖς
1527 2672 1574 2731 καί
1597 2670 1690 2739 τόποις
1708 2670 1816 2738 ἀόάτοις

205 2764 250 2820 καὶ
268 2760 448 2836 καταπλήξει,
462 2758 495 2819 τά
512 2760 539 2819 δέ
564 2759 610 2820 καί
633 2764 719 2819 πειθοῖ
741 2759 807 2817 ἑλών
829 2762 856 2818 ἐν
883 2759 981 2838 ὀλίγαις
1035 2759 1081 2819 καί
1093 2760 1269 2841 ἀποκρήμνοις
1282 2761 1460 2841 διειργομίνην
1469 2761 1515 2820 καί
1525 2760 1697 2837 κλειομένην.
1741 2757 1813 2819 ‘Odi
1880 2784 1881 2789 ¹

204 2848 316 2930 ήμίραις
336 2848 497 2929 ἐχειρώσατο
512 2848 610 2910 πάντα.
653 2850 686 2925 (ε)
701 2846 780 2908 Marde
802 2845 830 2905 δέ
843 2852 920 2907 τοῦτο
937 2846 981 2907 ἐπί
1035 2847 1108 2907 ούδέν
1127 2871 1153 2905 τι
1174 2852 1245 2923 μεῖον
1264 2850 1365 2928 σπουδῇ
1380 2847 1425 2907 καί
1439 2848 1511 2929 πόνῳ
1531 2845 1701 2928 προύχώρει,
1718 2847 1755 2905 τὶ
1768 2850 1813 2926 πρό
1880 2878 1881 2881 =

204 2937 238 2995 τὰ
251 2936 323 2996 ἐνδον
336 2941 383 3009 τῆς
399 2935 601 3007 Πελοποννήσου
619 2934 784 3015 προύχώρει,
799 2934 981 3016 καταστρεφό-
1034 2939 1088 2995 τῶν
1110 2937 1195 2994 ποδῶν
1217 2936 1321 2994 άπαντα
1349 2935 1498 3013 ληιζόμενός
1516 2959 1545 2995 τε
1565 2936 1611 2995 καί
1631 2938 1812 3015 καταστρεφό-
1880 2932 1881 2993 ξ

236 3102 306 3165 rv.§
321 3109 332 3153 i
344 3103 460 3167 ἐνόμισεν]
469 3103 506 3152 εἰσ
517 3114 583 3153 meu.
596 3108 620 3160 2,
633 3101 736 3163 ἐνόμιζιν
748 3116 782 3151 m.
796 3107 817 3151 t.
832 3099 843 3163 ΙΙ
855 3100 911 3165 -§
925 3106 949 3151 3.
963 3102 1001 3151 ἐπὶ
1012 3102 1041 3151 τά
1053 3102 1118 3151 ίνδον
1129 3118 1150 3151 τ.
1163 3101 1231 3166 [lah]
1240 3102 1374 3152 Phrerrizes
1387 3116 1412 3167 p.
1423 3105 1503 3161 38⁷‚5
1517 3120 1524 3150 ε
1537 3104 1606 3158 αὐτός
1618 3103 1648 3152 δέ
1661 3104 1740 3153 iidie-s
1751 3104 1772 3152 ἐι
1784 3110 1815 3167 τῷ
1880 3070 1881 3131 ί

206 3177 271 3237 με’σῳ
281 3178 323 3223 τοῦ
334 3175 407 3222 τόπου
419 3176 459 3224 καὶ
473 3174 551 3223 πάντα
562 3175 591 3221 τα
609 3172 688 3222 ἐκεῖσε
701 3172 731 3222 τὰ
748 3174 789 3235 μἐν
804 3174 988 3239 ᾐχμαλώτευσε,
1001 3173 1030 3221 τὰ
1042 3172 1068 3221 δέ
1083 3172 1181 3235 ἠφάνισε
1194 3176 1234 3222 καὶ
1253 3174 1381 3236 ἐνέπρησε,
1395 3174 1515 3236 ἐξαιρέτως
1529 3172 1554 3221 δὲ
1568 3174 1611 3231 τήν
1636 3174 1811 3231 'dandamis
1880 3202 1881 3213 ι

205 3245 279 3294 'Atesi
291 3244 371 3292 καὶτὰ
383 3243 530 3313 Πενταχύρια
539 3241 740 3306 (nectamur),
750 3245 857 3298 κάκεῖθεν
869 3244 967 3300 ἐξελθών
980 3243 1044 3291 κατὰ
1055 3248 1097 3291 τοῦ
1110 3242 1216 3307 Μυχλίυυ
1229 3244 1363 3305 ίπίδραμεν.
1375 3246 1429 3292 Seu.
1442 3241 1672 3305 Chuluocoudylam
1683 3257 1710 3307 p.
1721 3247 1763 3291 sit
1773 3258 1811 3307 sq.
1880 3240 1881 3301 ι

158 3317 164 3339 i
207 3312 372 3363 Machametes
386 3312 412 3361 in
425 3312 547 3362 Phliuntis
561 3311 659 3375 regione
674 3313 740 3376 cepit
757 3316 874 3375 Tarsum,
885 3312 974 3363 deinde
994 3312 1043 3361 alia
1059 3312 1110 3361 duo
1130 3312 1244 3371 castella,
1266 3324 1371 3374 qnorum
1391 3311 1488 3361 nomina
1506 3324 1554 3361 non
1573 3317 1744 3375 apponuntur,
1760 3316 1811 3361 tum

206 3383 313 3446 Ἆκρῖάην
327 3382 441 3443 (Ἇκώάαν
455 3381 594 3444 Phrauiw)
606 3386 632 3432 et
640 3384 768 3443 Ῥοιιπελην
777 3387 903 3441 Φλιασίας.
912 3383 975 3432 uine
987 3382 1092 3432 ἐλαύνων
1105 3382 1145 3431 διὰ
1157 3388 1197 3441 τῆς
1209 3384 1348 3439 Μαντινείας
1360 3384 1438 3445 χώρας
1448 3383 1544 3439 ἀείκιτο
1557 3383 1581 3437 ἐς
1591 3384 1733 3441 Πσζενίκην
1740 3386 1814 3432 πόλιν.

206 3456 275 3505 iisne
287 3456 420 3517 postquam
435 3453 559 3503 incassum
572 3459 763 3517 oppugnaverat,
773 3456 888 3520 deinceps
896 3454 1008 3519 perrexit
1020 3452 1045 3503 in
1056 3453 1223 3515 rogation,
1232 3452 1315 3515 ibique
1328 3452 1454 3505 obsidione
1463 3454 1541 3504 otuu
1549 3455 1668 3517 Μονχλὴν
1678 3460 1725 3512 της
1733 3458 1816 3516 Tar-ix
1880 3454 1881 3517 j

206 3524 275 3573 πόλιν
293 3524 331 3574 ἐπὶ
352 3524 440 3587 ὀχυροῦ
461 3539 486 3572 τε
505 3523 573 3586 δρους
593 3524 633 3572 καί
645 3524 745 3585 ἐρυμνοῦ
758 3527 892 3590 ᾠκημὲνην.
906 3522 1099 3575 raseadeddino
1111 3523 1161 3586 (cd.
1176 3522 1291 3585 Braiutti)
1307 3522 1394 3572 Phlius
1412 3528 1516 3573 vocatur
1528 3519 1742 3585 Fellch,Tarsus
1763 3538 1816 3574 vero
1880 3520 1881 3559 i

209 3593 357 3645 rochnsuch
377 3593 484 3658 (immine
498 3593 604 3651 turcico,
616 3607 666 3655 quo
686 3594 797 3645 redditur
810 3610 859 3646 νον
870 3608 950 3660 graeca
960 3594 1066 3657 ταροός).
1076 3594 1174 3645 Muchie
1186 3594 1291 3658 denique
1307 3596 1455 3645 aBratuttio
1467 3597 1610 3657 cenapium
1624 3594 1652 3643 in
1668 3598 1815 3657 Hemodis.
1880 3582 1881 3661 J

207 3665 325 3723 ῐῖοιζενίκη
335 3677 375 3729 sp.
386 3662 490 3713 Neschri
500 3666 526 3712 et
535 3662 662 3713 solsitsdc
672 3664 805 3728 scriptores
817 3666 952 3718 Bedcircnc
963 3666 1047 3715 vocari
1061 3670 1143 3715 monet
1152 3666 1299 3714 Hammerus
1309 3678 1336 3729 p.
1346 3668 1388 3715 ³5.
1400 3668 1492 3715 Tarsus
1503 3663 1573 3712 vicus
1582 3663 1729 3714 etiamnum
1741 3670 1818 3714 exsut
1880 3662 1881 3713 ι

206 3736 231 3785 in
245 3735 309 3785 vaiie
321 3736 420 3785 Aroanii
433 3733 502 3784 tiuvii
512 3733 621 3783 odviam
631 3747 688 3796 que
701 3747 717 3782 a
730 3738 813 3788 retem
825 3738 924 3789 Psiiene
939 3735 1066 3785 Pheneum
1077 3734 1204 3799 (Phania)
1220 3733 1298 3784 ducit.
1310 3733 1394 3784 Aeoha
1406 3734 1480 3785 hodia
1493 3733 1691 3784 dieiturreteris
1708 3736 1816 3785 Arcadis
1880 3726 1881 3779 i

208 3804 275 3865 regio
286 3820 301 3855 a
315 3805 417 3855 meridie
431 3804 523 3855 badoni
539 3803 614 3854 fluvio
625 3804 752 3866 adamus,
764 3807 789 3857 in
799 3821 877 3871 esque
886 3804 1079 3857 aoohs‘cssraui
1090 3804 1168 3855 ruinae
1179 3808 1312 3867 supersunt
1324 3817 1399 3868 prope
1412 3805 1509 3855 saura
1520 3804 1617 3859 vicum,
1629 3802 1696 3852 oiim
1709 3804 1817 3855 ihiTeu-
1880 3832 1881 3857 i

207 3876 258 3925 this
273 3876 332 3925 urbs
346 3877 423 3928 stetit.
441 3878 535 3926 Horum
552 3889 611 3925 vcro
629 3875 739 3925 locorum
750 3876 813 3927 situs
831 3878 930 3929 minime
943 3874 1010 3927 eadit
1022 3876 1048 3926 in
1060 3875 1127 3924 viem
1145 3878 1238 3925 rectem
1250 3888 1301 3939 qua
1313 3874 1431 3925 Corintho
1446 3889 1490 3940 per
1499 3874 1623 3924 Phliuntis
1641 3878 1669 3924 et
1683 3877 1817 3925 Mantinea

208 3945 317 4006 regiones
328 3946 353 3996 in
362 3946 514 4009 Tegeatieam
525 3944 573 3993 iter
584 3947 630 3994 est.
642 3945 784 3995 Verendum
794 3947 867 4013 igitur
875 3960 906 3997 ne
914 3946 1041 4009 Byzantiui
1051 3958 1096 4008 pro
1105 3958 1174 3994 more
1183 3957 1229 3992 suo
1240 3944 1327 4007 priscis
1341 3945 1479 3996 nominihus
1491 3944 1662 4007 geographicis
1673 3945 1754 3995 shnsi
1763 3947 1816 3995 sint

210 4015 221 4079 [l
233 4040 262 4050 —
275 4031 301 4063 τε
313 4016 352 4063 καὶ
365 4012 549 4077 κατασκάπτων]
557 4014 614 4064 add.
628 4028 692 4078 rugo.
705 4016 715 4079 ΙΙ
729 4042 760 4053 -·
771 4018 786 4080 β
798 4023 821 4067 4.
834 4025 863 4082 τῇ
875 4020 950 4081 Τεγίφ
960 4034 987 4065 π.
999 4018 1027 4073 ἢν
1042 4019 1065 4065 οῖ
1077 4021 1118 4065 νῦν
1130 4016 1234 4079 Μοχλίον
1246 4016 1355 4080 καλοῦσι]
1369 4019 1429 4066 Haec
1439 4016 1529 4080 inepta.
1543 4016 1668 4078 Μσνχλῖσν
1678 4016 1818 4067 Phraates
1880 4024 1881 4083 i

207 4098 307 4151 quoque
320 4090 406 4143 vocat,
421 4088 533 4149 Μσνχλὴν
546 4085 760 4148 chaicocondyias.
773 4088 852 4138 Hodie
870 4083 1075 4146 Potoeomachlt‚
1089 4085 1184 4136 castelli
1205 4085 1284 4135 mine
1304 4086 1328 4135 in
1349 4085 1481 4135 Parthenio
1502 4089 1585 4134 monte
1597 4084 1631 4135 ad
1644 4086 1718 4135 viam
1732 4101 1791 4150 qua
1806 4102 1819 4135 a
1880 4086 1881 4103 ί

207 4160 286 4218 reges
301 4159 378 4219 Argos
390 4156 467 4206 ducit.
481 4156 639 4206 ohsidionem
650 4156 734 4221 oppidi
746 4159 846 4209 uberim
860 4160 944 4207 uenat
960 4156 1166 4220 Ghaicooondyias
1183 4170 1208 4220 p.
1222 4161 1276 4207 447.
1290 4158 1329 4207 ci.
1343 4156 1490 4207 Seadeddin.
1504 4170 1529 4220 p.
1545 4162 1606 4205 185:
1621 4158 1730 4215 ουῖιιεῖε·
1750 4160 1819 4207 endi

208 4230 301 4278 contro
315 4227 345 4277 to
360 4228 425 4277 cittd
439 4226 468 4276 di
481 4228 630 4290 Μυαραίῖα,
640 4228 668 4277 ia
679 4229 760 4292 ριιαίε
772 4229 840 4294 dopo
852 4228 1024 4280 d'esecrstota
1033 4227 1188 4291 ορριιριιοίο
1202 4228 1242 4277 irc
1254 4230 1365 4289 ρῖοενιῖε
1378 4231 1418 4278 tre
1433 4230 1499 4277 sotii
1514 4227 1545 4290 [ιι
1561 4240 1640 4287 presa
1657 4242 1713 4279 εοεε
1736 4232 1819 4279 anatis

208 4298 344 4362 sacilitde
361 4300 410 4361 poi
430 4300 535 4347 munita
554 4310 569 4345 e
586 4301 715 4360 ρααικῖίο
734 4298 807 4350 berre.
821 4300 875 4363 11-
887 4300 1017 4362 Δημήτριος
1036 4298 1143 4362 iisdem]
1162 4299 1325 4350 Meminerunt
1340 4298 1393 4361 ejus
1414 4298 1489 4347 etiam
1512 4296 1597 4345 chais.
1617 4310 1645 4360 p.
1665 4302 1729 4358 4⁴7,
1752 4305 1781 4349 13
1795 4307 1819 4349 et

208 4370 341 4419 Phrautraes
353 4382 378 4433 p.
394 4372 449 4429 387,
461 4372 484 4417 6.
499 4368 509 4431 ΙΙ
522 4394 553 4409 -
568 4367 728 4433 ἐνμάιιίνουσιί
740 4371 776 4421 sic
790 4385 857 4421 mun.
870 4376 894 4429 2,
905 4370 1028 4433 συμάαίνει
1043 4382 1108 4419 mun.
1128 4374 1148 4418 i.
1163 4368 1174 4431 ΙΙ
1184 4394 1217 4404 -
1227 4366 1242 4430 §
1253 4374 1276 4419 5.
1289 4369 1312 4423 ἐς
1325 4366 1476 4431 Μαντίνειαν]
1489 4367 1528 4417 Gi.
1538 4365 1653 4417 Chulcoc.
1665 4382 1692 4431 p.
1711 4374 1772 4428 447,
1785 4376 1819 4419 δι
1880 4428 1881 4433 γ

210 4441 252 4496 Ἐς
263 4441 350 4498 ταύτην
363 4445 406 4495 isc.
415 4441 458 4498 τὴν
467 4438 616 4501 Ἐπίδαυρον)
627 4444 767 4503 καταφυγὼν
779 4445 793 4491 ὁ
805 4444 880 4505 ἒτῳος
891 4448 937 4492 τῶν
950 4442 1084 4503 ἡγεμόνων,
1094 4444 1136 4490 τοῦ
1149 4440 1226 4503 ἐτέρου
1239 4441 1262 4496 ἐς
1279 4442 1322 4497 τὴν
1340 4440 1477 4489 Μαντίνειαν
1489 4444 1530 4496 τῆς
1549 4440 1694 4497 Λακωνικῆς
1715 4445 1779 4503 saph:
1792 4447 1821 4499 τῇ

208 4511 315 4574 θαλάσση
329 4510 403 4561 οὖσαν
416 4509 588 4572 καταφυγόντος
602 4510 645 4558 σὺν
660 4516 689 4574 τῇ
704 4514 805 4571 γυναικί.
820 4514 873 4563 sita
887 4513 941 4563 heac
954 4512 1076 4562 Mantinea
1089 4512 1120 4561 ad
1133 4512 1214 4560 sinum
1226 4510 1404 4559 Messeniorum
1419 4510 1444 4558 in
1460 4510 1556 4559 Μοιιιο
1567 4506 1683 4569 regione,
1697 4512 1822 4571 σινοίατο

208 4579 304 4643 pridem
315 4583 436 4630 steterunt
445 4579 521 4629 Abire.
534 4578 725 4630 Monenahasiam
733 4595 778 4645 pro
787 4586 871 4634 vetere
878 4583 1000 4647 Epidauro
1011 4582 1107 4631 Limera
1113 4578 1320 4641 Chalmcondyies
1327 4590 1426 4641 quoque
1434 4577 1554 4633 venditat.
1562 4575 1652 4626 Secuio
1664 4576 1820 4631 duodecumo
1880 4628 1881 4649 J

209 4651 328 4715 Epidauri
340 4649 427 4701 incole
439 4652 466 4703 iu
478 4650 585 4701 vicinam
595 4651 786 4702 Monemhasiam
798 4653 936 4717 (pristinam
949 4651 1065 4713 htinoam)
1077 4650 1303 4713 commigraverunt.
1880 4650 1881 4699 ι

242 4726 272 4771 v.
281 4725 344 4779 Quae
355 4721 403 4772 hoc
413 4722 494 4785 capite
505 4725 530 4772 et
543 4734 597 4784 cap.
610 4718 649 4785 ὃς
664 4727 674 4771 1
688 4727 826 4785 narrentur,
838 4725 900 4774 alius
907 4738 978 4773 nemo
988 4724 1072 4773 tradit.
1082 4721 1276 4783 Phrsnisespost
1285 4719 1511 4769 narratamiiochlii
1521 4720 1733 4783 expugnationem
1742 4722 1821 4783 pergit
1880 4762 1881 4767 ,

209 4805 233 4856 p.
246 4795 302 4851 3⁸7,
317 4796 344 4842 it)
357 4810 364 4839 ε
377 4792 417 4841 καὶ
428 4795 464 4854 τῷ
475 4790 569 4852 Ἰουλίῳ
580 4791 636 4853 μηνὶ
648 4792 736 4841 ἐκεῖθεν
748 4793 890 4858 ἐπιστρέψας
903 4795 917 4842 ό
931 4793 1020 4855 ἀμηροῖς
1035 4794 1067 4849 είς
1081 4792 1192 4853 Κόρινθον
1207 4794 1302 4849 ίπεσεν,
1317 4794 1345 4849 ἢν
1357 4792 1386 4847 δὴ
1398 4792 1439 4839 καῖ
1457 4791 1588 4840 δεδώκασιν
1607 4791 1682 4852 αὐτῷ.
1697 4791 1821 4841 Similiter
1880 4782 1881 4821 i

208 4861 291 4911 Chalc.
305 4876 332 4926 p.
346 4866 401 4920 448.
416 4867 426 4911 1
442 4880 448 4909 ε
462 4862 509 4911 ἀπὸ
521 4868 562 4921 τῆς
574 4861 664 4918 πόλεως
676 4860 727 4925 (τῆς
744 4866 855 4928 Μουχλῆς
873 4864 919 4925 sc.)
930 4866 1029 4921 ἤλαυνεν
1043 4864 1082 4913 ἐπὶ
1099 4863 1210 4927 Κόρινθον
1228 4863 1267 4910 καὶ
1288 4862 1327 4911 ἐπὶ
1347 4864 1374 4911 τὸ
1386 4862 1491 4912 Ἀσιανὸν
1505 4858 1674 4923 στρατόπεδον.
1686 4862 1752 4911 Posi
1775 4864 1818 4913 Co·
1880 4858 1881 4893 ί

210 4931 285 4981 rinthi
294 4932 393 4981 demum
402 4931 552 4981 deditionem
566 4934 651 4981 Patres
661 4935 746 4995 captas
757 4945 811 4982 asse
823 4936 909 4981 narrat
919 4932 1085 4982 Seadeddinus
1100 4946 1125 4995 p.
1142 4937 1185 4983 185
1199 4952 1220 4981 ι.
1232 4934 1278 4994 poi
1292 4932 1359 4995 (post
1375 4931 1490 4983 Μυσοῖσιν
1512 4934 1621 4995 παρίετο)
1639 4930 1818 4982 mediarum
1880 4924 1881 4971 ί

212 5002 241 5051 ta
251 5002 318 5052 cittd
330 5002 357 5052 di
370 5000 456 5065 Carsu
468 5002 495 5065 (i.
509 5015 531 5052 e.
545 5000 702 5065 Corinthum)
712 5003 737 5051 et
748 5004 777 5052 in
787 5004 944 5065 pocsspatio
954 5002 982 5052 di
993 5005 1080 5067 tempo
1091 5016 1200 5067 procero
1211 5015 1277 5051 aneo
1288 5001 1370 5065 ρειαί
1380 5002 1565 5065 ίαεορυρασῠῖῖ
1580 5001 1709 5066 [artesae.
1725 5004 1760 5051 Di
1771 5004 1818 5065 ρνεε·
1880 4994 1881 5065 3

207 5075 412 5121 incernrnoronsi
422 5074 512 5123 contra
523 5072 550 5122 is
562 5074 625 5123 cittd
637 5074 663 5123 dt
678 5071 842 5124 Batti-bodri
856 5073 883 5137 (i.
893 5086 915 5123 e.
928 5073 1034 5136 Patras),
1049 5074 1075 5123 ta
1089 5073 1153 5138 quot
1163 5087 1210 5125 era
1223 5087 1276 5125 υιιο
1288 5073 1358 5125 delta
1367 5072 1513 5139 principati
1526 5076 1594 5125 cittd
1610 5074 1636 5125 dt
1649 5075 1763 5137 Mores,
1774 5078 1816 5125 ι’κ-
1880 5068 1881 5101 ί
