3809 5859
170 378 227 436 Ηθ

850 380 1096 441 adlabertus.

169 511 233 589 πρὸς
245 510 359 587 πολεμον
372 512 507 580 ἀπιδόντες
518 515 542 571 οί
559 512 660 593 Πέρσαι
675 513 731 591 ἅμα
745 516 781 592 τῷ
793 511 936 592 ’λρτασιρᾷ
964 508 969 607 J
993 512 1095 563 ducunt·
1105 515 1200 572 Quale,
1211 513 1266 562 θῐίᾶ
1274 511 1339 569 11108,
1352 512 1433 559 ¹³⁰ssae
1443 521 1499 557 ⁰⁰⁰¹
1511 507 1626 558 (111008ΰο
1640 507 1764 568 θήὸθῑῐθ,

169 600 207 675 τῷ
230 600 340 678 ἅρχθῖῷ
357 601 458 672 αὐτῶν,
482 598 604 678 πρὲσὸῑῑς
633 598 756 678 πρότερον
779 597 938 656 ἀπέστελλον
994 617 1025 667 ud
1034 618 1125 667 bellum
1137 617 1302 681 respicientes,
1310 613 1584 678 adregemarubanem
1595 613 1665 677 prius
1673 613 1767 677 legatos

93 689 96 695 r
169 685 234 763 πρὸς
257 687 301 744 τόν
317 685 426 765 βασιλέα
446 685 623 766 Ἀρταύάνην,
641 691 731 759 Ζηκᾶν
744 686 789 744 καί
804 690 937 764 Καρινᾶν,
994 720 1114 771 miserunt
1124 724 1211 773 ΖΜ,
1222 723 1248 770 ε,
1260 717 1611 782 0,,γ,,,,,(,χ,,,,,,γγ,,,,,,,,,,
1622 716 1767 766 [mmmm

171 772 306 849 μεγίστους
319 773 461 852 γενεάρχας
474 775 519 833 καί
530 775 700 853 στρατηγούς,
712 776 801 840 οἵτινες
814 773 939 832 ἀπελθόν·

169 882 211 928 τες
235 861 348 931 ἔστησαν
374 860 488 920 ἐναντίον
514 866 560 920 τοῦ
584 861 785 940 ἀρχιύασιλέως.
805 859 886 938 Ἀρχὴ
912 859 939 917 δὲ

169 950 221 1006 τῶν
235 946 319 1025 λόγων
331 948 416 1004 αὐτῶν
430 938 462 1018 ἧν
478 945 557 1018 αύτη·
567 946 661 1022 Ἡμεῖς
676 945 800 1024 πρέσβεις
812 949 940 1022 Περσῶν·

170 1035 216 1093 καί
228 1036 251 1092 εἴ
262 1035 418 1113 ἡμερωτάτη
429 1033 521 1113 γνώμη
535 1033 594 1101 τοὺς
607 1034 681 1112 παρὰ
697 1037 805 1114 Περσῶν
821 1033 941 1102 δέξασθαι

171 1122 276 1200 λύγους,
290 1122 404 1190 λέξωμεν
421 1122 466 1181 καί
476 1112 517 1181 οἵα
532 1122 654 1201 πρέσόεις
668 1123 758 1199 λόγους
771 1121 940 1200 ἐπαγγέλλειν

171 1208 297 1284 πολλοὺς,
313 1208 392 1290 ρόδου
406 1209 452 1266 καί
472 1209 589 1268 κινδύνου
603 1208 653 1276 ἔξω
674 1209 851 1287 ὑπάρχοντες,
865 1212 942 1266 τοῦτο

171 1296 216 1355 καί
239 1301 284 1356 τοῦ
298 1297 377 1373 νόμον
399 1294 564 1368 κελεύοντος,
591 1293 618 1353 δν
641 1295 786 1354 τεθείκασιν
812 1298 836 1353 οῖ
858 1295 943 1353 πάλαι

171 1385 287 1462 άριστοι,
312 1384 420 1450 ἀπαθεῖς
433 1384 492 1449 τοὺς
506 1383 692 1458 στελλομένους
710 1382 833 1460 πρέσύεις
854 1380 944 1460 φυλά-

173 1471 272 1538 ξαντες.
289 1472 323 1530 El
339 1461 382 1528 ούν
403 1475 558 1548 συγχωρῇς,
575 1472 702 1548 βασιλεῦ,
719 1472 836 1549 ἐροῦμεν.
850 1467 943 1546 Ἀρπα-

173 1557 255 1628 6άνης
266 1557 294 1615 δὲ
310 1561 324 1616 ὑ
337 1556 458 1635 βασιλεὺς
472 1555 556 1615 ἐδίδου
572 1558 659 1624 αὐτοῖς
670 1555 760 1635 χώραν
773 1555 866 1634 λέγειν,
879 1552 944 1630 ὅπερ

175 1643 322 1723 βούλονται.

212 1733 229 1807 S
242 1754 268 1803 7.
280 1722 384 1811 Ἦρχόν
391 1753 420 1787 τε
428 1732 436 1804 l
441 1733 460 1788 l.
468 1727 611 1810 Ἥρχοντο)
624 1731 651 1790 δὲ
659 1735 705 1788 τοῖ
715 1729 792 1806 λόγου
803 1727 893 1788 λοιπδν
905 1726 945 1786 οὑ-

173 1842 234 1886 τως·
242 1809 282 1878 Ὦ
294 1821 419 1898 βασιλεῦ,
433 1817 502 1876 ἔστιν
512 1821 647 1893 παρ’ἡμῖν
655 1827 708 1884 τοῖς
723 1817 836 1895 Πέρσαις
847 1815 944 1890 μελέτη

174 1907 204 1964 τὸ
215 1913 268 1973 τοῖς
281 1907 429 1985 βασιλεῦσιν
444 1905 650 1976 ὑποτάσσεσθαι,
658 1895 700 1964 οἶα
712 1911 756 1963 τοῦ
768 1904 895 1982 βασιλέως
907 1903 946 1960 δε·

175 1995 273 2054 σπότου
283 1993 455 2073 τυγχάνοντος
469 1993 589 2050 πάντων·
600 1993 677 2052 αὐτὸν
689 1993 716 2050 δὲ
727 1994 770 2050 τὸν
783 1990 891 2068 βασιλέα
906 1991 946 2048 εύ-

175 2083 254 2162 νομίρ
276 2083 321 2142 καί
344 2078 495 2159 δικαιοσύνῃ
512 2079 546 2137 τδι
568 2081 714 2157 πράγματα
735 2079 880 2158 κυύιρνᾷν,
899 2077 947 2145 ἔξω

177 2171 340 2250 βαράαρικῆς
361 2167 509 2248 φρονήσεως
524 2168 722 2244 πολιτεύεσθαι,
737 2169 781 2226 καὶ
798 2167 946 2230 ἀντιπάλοις

175 2256 223 2332 μὲν
235 2255 342 2336 ροόερδς
351 2255 503 2332 φαίνεσθαι,
514 2257 637 2324 ὑπηκόοις
650 2253 676 2312 δὲ
690 2254 809 2319 εὐνοϊκός.
822 2257 884 2320 Πῶς
896 2251 946 2330 γάρ

175 2335 227 2410 οἶός
242 2349 297 2404 ἐστι
318 2343 429 2402 κωλύειν
441 2344 605 2412 ἀδικοῦντας,
619 2341 692 2423 εἴπερ
708 2342 783 2408 αὐτὸς
796 2341 945 2418 ἀπάρχεται

177 2431 293 2502 ἀδικίας;
308 2434 364 2496 πῶς
377 2434 531 2508 τιμωρεῖται
548 2428 607 2497 τοὺς
619 2432 690 2488 δεῖνα
705 2431 881 2507 πράττοντας,
897 2431 947 2484 ei-

175 2521 219 2585 τὸς
233 2520 370 2597 πρόχειρος
380 2519 415 2582 είς
435 2521 468 2574 τά
483 2518 719 2594 πλημμελήματας
742 2517 838 2592 Ἡμεῖς
851 2525 945 2593 πεῖραν

177 2611 229 2666 τῶν
243 2611 295 2666 σῶν
309 2608 399 2664 δεινῶν
412 2605 560 2686 εἰληφότες,
577 2611 623 2671 τῆς
634 2609 680 2674 σῆς
693 2607 828 2684 βασιλείας
842 2603 949 2668 ἑαυτούς

178 2693 372 2772 ἐστερήσαμεν,
386 2693 415 2750 ού
434 2697 568 2767 μισοῦντες
583 2695 763 2768 ὑποταγῆναι,
777 2690 845 2748 ἀλλὰ
860 2691 948 2766 παρά·

176 2806 257 2858 νομον
282 2781 392 2860 βασιλέα
421 2779 575 2860 φεύγοντες,
602 2782 630 2838 ού
653 2785 851 2858 τυραννοῦντες,
880 2777 949 2834 ἀλλὰ

177 2869 332 2948 τυραννικὴν
349 2867 455 2945 γνώμην
471 2867 508 2942 μὴ
523 2865 653 2947 φέροντες,
696 2871 788 2927 Ταῦτα
803 2870 854 2924 τῶν
877 2869 950 2941 Περ·

178 2961 231 3016 σῶν
246 2955 280 3014 τδ
291 2957 408 3037 βήματα.
430 2954 465 3014 Ὁ
474 2956 501 3014 δέ
517 2955 638 3032 βασιλεὺς
650 2953 811 3031 Ἀρταύάνης
824 2951 950 3019 πλείστας

179 3045 248 3124 ιθρας
263 3045 350 3108 κλίνας
366 3042 413 3114 τὴν
433 3042 565 3122 κεφαλὴν,
580 3042 625 3101 καί
640 3045 743 3120 θεωρῶν
758 3045 794 3107 εἰς
804 3042 832 3098 τὸ
843 3043 949 3120 ἔδαρος,

179 3133 300 3210 προεώρα
315 3129 361 3200 τὴν
378 3130 524 3204 μέλλουσαν
543 3129 673 3188 ἔκπτωσιν
698 3133 744 3200 τῆς
758 3128 853 3194 οἰκείας
876 3132 951 3206 βασι·

178 3219 261 3289 λείας,
273 3216 318 3275 καί
326 3215 476 3296 ἀποβλέψας
484 3215 548 3294 πρὸς
561 3215 620 3282 τοὺς
634 3215 776 3280 σταλέντας
786 3215 866 3292 λέγει·
879 3213 951 3291 Ἐγώ

179 3307 227 3374 τῆς
241 3304 339 3384 ὑδρεως
353 3301 451 3372 ταύτης
461 3299 558 3371 αἴτιος,
577 3301 635 3368 τοὺς
652 3300 698 3376 μέν
712 3306 806 3380 ἀρχαῖς
820 3304 864 3358 καὶ
876 3300 950 3368 tiou-

180 3391 249 3458 σίαις
266 3390 394 3470 τιμήσας,
414 3389 473 3455 τούς
487 3388 514 3447 δέ
529 3392 650 3448 πλουτεῖν
672 3391 867 3468 παρεσχηκὼς,
884 3392 952 3448 πολ-

179 3478 238 3545 λοὺς
250 3479 277 3536 δὲ
299 3480 407 3558 δωρεαῖς
428 3478 578 3556 βασιλικαῖς
591 3478 636 3535 καῖ
648 3479 735 3556 ἀγρῶν
748 3481 793 3536 καί
810 3475 950 3552 κτημάτων

180 3567 282 3647 κυρίους
293 3564 472 3635 καταστήσας.
488 3563 579 3640 Ὑμεῖς
599 3563 626 3622 δὲ
642 3573 753 3644 χωρεῖτε
765 3567 829 3642 πρὸς
844 3565 874 3623 τό
891 3569 950 3643 βου-

179 3655 268 3714 λευθίν
285 3655 348 3732 παρ’
363 3655 449 3729 ὑμῶν·
472 3651 565 3733 ὄψεσθε
581 3651 609 3710 δέ
634 3676 668 3724 με
682 3653 745 3730 πρὸς
763 3654 810 3720 τὰς
828 3655 953 3731 ὑμετέρας

180 3744 287 3822 γνώμας
306 3741 586 3822 μεταβρυθμιζύμενον.
612 3739 715 3808 Διδάξω
739 3745 807 3814 ὑμᾶς
829 3743 866 3817 μὴ
883 3743 953 3797 ἀνθί-

182 3837 293 3889 στασθαι
311 3830 423 3908 βασιλεῖ.
445 3830 480 3888 Oi
507 3828 535 3887 δὲ
550 3826 688 3896 σταλέντες
709 3833 782 3897 ὑμεῖς
808 3829 951 3905 βαδίσατε,

183 3915 277 3993 μηκέτι
300 3915 422 3974 τοιούτοιν
436 3914 520 3994 λόγων
542 3916 667 3993 ὑπουργοί
689 3917 834 3992 γινόμενοι,
859 3915 954 3989 μήπως

182 4008 250 4081 ὑμᾶς
260 4001 377 4082 πρώτους
390 4007 437 4072 τῆς
449 4005 514 4076 ἐμῆς
524 4001 623 4083 δύρεως
638 4003 710 4070 δίκας
723 4002 882 4079 άπάρῖσμαι.

222 4093 239 4166 5
255 4093 284 4147 8.
300 4093 393 4150 Ταῦτα
416 4089 576 4156 ἀκούσαντες
591 4094 679 4162 Ζηκιῖις
694 4090 739 4150 καί
756 4095 871 4169 Kapria<
896 4094 955 4150 ἐπο·

183 4177 287 4257 ρεύοντο
303 4177 338 4242 εἰς
359 4175 390 4234 τὸ
404 4174 536 4255 συνέδριον
555 4181 607 4235 τῶν
625 4181 749 4258 Περσῶν,
772 4178 817 4235 καί
837 4176 954 4244 ἐλθόντες

184 4265 346 4343 ἀπήγγειλαν
361 4262 467 4321 ἅπαντα
479 4269 517 4342 τῷ
529 4287 557 4323 τε
569 4264 709 4346 Ἀρτασιρᾷ
724 4265 769 4324 καί
784 4275 837 4333 τοῖς
852 4267 952 4333 λοιποῖς

184 4355 299 4433 ἀρίστοις
310 4357 362 4412 τῶν
380 4355 502 4430 Περσῶν,
512 4355 723 4432 προστεθεικύτες
736 4357 789 4418 τοῖς
804 4353 950 4431 εἰρημένοις

183 4438 283 4510 καῖτὴν
299 4439 393 4514 μανίαν
406 4443 450 4496 τοῦ
465 4439 608 4516 βασιλέως,
623 4443 658 4505 ὡς
670 4440 764 4516 μηκέτι
779 4441 953 4510 ἀναμένοντος

90 4552 96 4564 ·
183 4529 260 4586 αὐτοῦ
276 4527 397 4604 δευτέραν
412 4526 589 4603 ἀπαγγελίαν,
611 4529 669 4586 ἀλλ’
691 4525 862 4602 ὑπλιζομένου
882 4527 951 4586 κατά

182 4619 234 4672 τῶν
253 4618 299 4684 τῆς
318 4615 412 4692 βουλῆς
428 4615 560 4691 ἀρχηγῶν·
586 4613 641 4672 ὑδὲ
666 4614 834 4694 Ἀρτασιρᾶς,
847 4615 953 4694 πέμψας

149 4755 150 4761 ,
182 4701 462 4782 πρδςἈρταδούκταν,
479 4699 567 4780 ἔφερεν
580 4703 625 4760 καί
641 4702 800 4784 ὀχυρωτάτῳ
815 4703 952 4782 καστέλλῳ

182 4791 279 4863 ταύτην
300 4796 412 4870 καθιστᾷ
426 4788 483 4866 ἀμα
502 4797 554 4854 τοῖς
572 4789 675 4856 οἰκείοις
698 4790 861 4874 πράγμασιν·
876 4792 954 4858 αύτδς

183 4879 210 4937 δὲ
226 4879 352 4946 ὡπλίζετο
376 4879 444 4953 μετὰ
463 4869 570 4956 Περσῶν
595 4877 639 4937 καί
652 4877 795 4960 Ἀσσυρίων
815 4880 884 4938 κατὰ
906 4887 951 4939 τοῦ

215 5039 249 5102 (1)
258 5042 292 5089 Le
303 5052 360 5088 uom
376 5037 407 5088 de
417 5042 493 5097 Ζηκᾱς
508 5053 537 5089 ue
552 5051 614 5088 nous
628 5043 666 5091 est
682 5052 727 5102 pas
741 5051 829 5088 counu.
845 5039 954 5096 Quanta

994 826 1116 890 principes
1134 828 1160 876 et
1180 826 1236 876 belli
1248 825 1332 875 duces.
1350 823 1383 873 lli
1398 822 1533 883 abeuntes,
1547 823 1671 871 stetemut
1683 833 1767 870 eoram

994 945 1050 996 rege
1068 945 1153 994 regum
1167 929 1210 994 (t).
1225 930 1376 993 Principium
1394 941 1454 978 vero
1472 926 1596 976 dictorum
1617 939 1703 974 eorum
1720 926 1770 974 troc

996 1037 1048 1084 erat
1065 1057 1071 1084 ι
1083 1037 1133 1084 Nos
1144 1048 1230 1084 sumus
1242 1034 1316 1098 legati
1329 1037 1460 1082 Persarum
1478 1052 1484 1079 ι
1500 1031 1522 1080 ai
1534 1044 1605 1080 meus
1617 1030 1663 1080 tibi
1675 1029 1773 1094 placida

986 1137 1027 1185 ‘ad
1037 1135 1185 1185 audiendum
1195 1139 1325 1184 Persarum
1332 1135 1416 1193 verba,
1425 1133 1635 1196 loquamuretinm
1643 1136 1771 1197 tamquam

996 1237 1070 1300 legati
1078 1238 1157 1288 multa
1166 1238 1294 1301 legationis
1303 1239 1380 1288 rerba
1389 1238 1442 1287 siue
1450 1238 1536 1287 timore
1546 1246 1571 1287 et
1584 1238 1704 1302 periculo,
1714 1252 1774 1288 curu

998 1342 1024 1390 et
1036 1341 1074 1390 lex
1088 1339 1114 1390 id
1125 1342 1223 1404 jubeat,
1246 1355 1322 1404 quam
1341 1344 1481 1404 statuemut
1493 1343 1552 1391 olim
1565 1343 1711 1407 optimates,
1729 1343 1773 1405 qui

998 1445 1091 1508 legatos
1104 1445 1136 1494 ab
1146 1446 1213 1495 omui
1228 1446 1384 1509 perpessione
1399 1447 1531 1496 servabant
1543 1448 1674 1496 imuruucs.
1688 1447 1714 1495 Si
1724 1444 1772 1508 igi·

999 1551 1042 1598 tur
1052 1549 1189 1612 permittis,
1207 1563 1262 1607 rex,
1276 1548 1394 1598 dicemus.
1410 1552 1461 1599 llex
1480 1563 1538 1604 vero
1554 1549 1689 1600 artabanes
1704 1547 1775 1598 dedit

999 1656 1036 1706 eis
1048 1655 1172 1704 licentiam
1184 1653 1282 1703 dicendi
1294 1653 1360 1716 quod
1377 1655 1476 1704 uellent.

1031 1751 1077 1814 §7.
1088 1749 1182 1799 Deinde
1192 1763 1329 1798 sermonem
1336 1749 1418 1798 exorsi
1427 1751 1485 1798 suut
1493 1750 1528 1798 ita
1538 1770 1544 1797 :
1553 1753 1575 1797 0
1584 1763 1641 1809 rex,
1655 1748 1718 1812 apud
1728 1761 1778 1798 nos

1000 1858 1088 1906 Persas
1104 1868 1165 1904 cura
1176 1857 1202 1904 et
1216 1853 1326 1902 studium
1338 1857 1391 1912 cst,
1403 1855 1433 1901 ut
1451 1853 1503 1916 regi
1517 1853 1673 1912 obediamus,
1684 1853 1779 1915 quippe

1000 1974 1058 2010 cum
1065 1974 1110 2010 rex
1118 1961 1150 2010 sit
1156 1959 1266 2009 omnium
1275 1958 1438 2008 domiuuszut
1446 1973 1506 2008 vero
1513 1973 1556 2009 rex
1565 1960 1618 2023 ipse
1624 1973 1654 2028 ex
1661 1959 1779 2022 equitate

1000 2066 1026 2114 et
1032 2062 1128 2125 justitia
1137 2074 1177 2112 res
1184 2060 1351 2121 administret,
1362 2061 1414 2111 sine
1423 2061 1551 2112 barbarico
1558 2063 1776 2126 seusuguberuet‚

1002 2171 1031 2216 ut
1044 2170 1070 2215 ct
1083 2165 1188 2215 inimicis
1203 2164 1304 2227 quidem
1322 2163 1439 2214 terribilis
1453 2168 1584 2228 appareat,
1599 2165 1705 2216 subditis
1717 2181 1780 2217 vero

1001 2272 1142 2322 benevolus.
1156 2275 1211 2330 Qua
1226 2271 1292 2321 euim
1307 2270 1401 2322 ratione
1413 2272 1504 2334 poterit
1519 2271 1633 2335 iujuriam
1646 2271 1781 2323 intercutes

1002 2378 1105 2441 punire,
1116 2377 1137 2426 si
1152 2377 1205 2441 ipse
1215 2375 1247 2426 ab
1262 2375 1360 2439 injuriis
1370 2374 1518 2440 principium
1534 2374 1626 2426 ducat?
1642 2390 1692 2439 quo
1704 2378 1782 2428 modo

1003 2483 1087 2545 gravia
1096 2483 1279 2532 committentes
1289 2481 1408 2544 supplicio
1426 2480 1561 2540 alliciet,si
1574 2481 1627 2544 ipse
1640 2481 1667 2530 iu
1686 2482 1781 2532 delicta

1003 2587 1036 2636 sit
1054 2567 1199 2649 promptus?
1218 2588 1267 2634 Nos
1285 2584 1380 2648 experti
1393 2585 1476 2648 gravia
1490 2589 1533 2634 tua
1543 2584 1640 2644 delicta,
1655 2587 1722 2649 regio
1733 2589 1782 2636 tuo

1002 2690 1105 2754 imperio
1130 2704 1175 2739 uos
1198 2691 1441 2753 subtraximus,uou
1463 2690 1519 2739 odio
1544 2690 1715 2754 subiectionis,
1734 2691 1783 2741 sed

1004 2789 1126 2851 fugientes
1138 2800 1221 2850 regem
1232 2787 1386 2851 improbum,
1399 2801 1448 2835 uon
1457 2787 1610 2848 tyrannidem
1621 2789 1781 2853 arripientes,

1005 2895 1048 2945 scd
1066 2909 1166 2946 sensum
1184 2894 1339 2956 tyrannicum
1365 2907 1413 2943 nou
1432 2893 1543 2943 temutes.
1566 2897 1626 2946 llaec
1650 2899 1785 2948 Persarum

1003 3009 1088 3059 rerba.
1100 3012 1132 3058 at
1143 3021 1187 3058 rex
1201 3009 1335 3058 artabanes
1348 3008 1464 3058 inclinato
1475 3007 1507 3058 ad
1517 3007 1600 3070 plures
1612 3003 1686 3052 boras
1699 3001 1784 3066 eapite

1005 3112 1036 3160 ad
1049 3110 1215 3174 pavimentum
1228 3109 1388 3172 respiciebat,
1402 3109 1541 3174 praevidens
1552 3106 1665 3155 futurum
1676 3117 1690 3153 e
1703 3117 1783 3166 reguo

1006 3225 1050 3260 suo
1060 3211 1156 3274 lapsum
1175 3232 1180 3260 :
1196 3209 1251 3259 iude
1264 3209 1353 3258 missos
1368 3209 1485 3268 intuitus,
1499 3207 1579 3257 dixit:
1593 3209 1643 3269 Ego
1655 3205 1729 3268 hujus
1745 3205 1783 3252 iu·

1003 3312 1076 3374 juria]
1090 3318 1176 3361 auctor
1187 3325 1252 3369 sum,
1262 3310 1306 3373 qui
1317 3310 1379 3359 alios
1393 3308 1568 3372 principatibus
1576 3310 1602 3355 et
1617 3303 1785 3369 potestatibus

1006 3413 1136 3472 honoravi,
1160 3412 1220 3461 alios
1238 3410 1331 3459 divitiis
1353 3409 1426 3468 auxi,
1447 3407 1539 3457 multos
1562 3405 1634 3454 donis
1658 3403 1784 3468 regalibus

1006 3526 1120 3574 agromm
1129 3515 1155 3561 ct
1164 3511 1346 3574 possessionum
1360 3509 1472 3558 dominos
1485 3505 1613 3556 constitui.
1635 3505 1786 3553 vosautem

1006 3613 1072 3662 abite
1082 3611 1113 3660 ad
1129 3611 1228 3660 consilia
1245 3624 1261 3658 a
1278 3609 1348 3658 robis
1364 3608 1470 3658 decreta.
1489 3610 1529 3656 lite
1543 3619 1602 3656 rero
1617 3602 1733 3654 ridebitis
1748 3603 1786 3652 ad

1007 3715 1140 3783 sententias
1154 3716 1247 3762 uestras
1259 3709 1478 3760 accommodatum.
1492 3709 1593 3758 Docebo
1607 3720 1650 3756 ros
1663 3705 1714 3769 regi
1727 3717 1780 3753 uou

1007 3813 1129 3862 resistcre.
1151 3814 1203 3860 Vos
1220 3805 1281 3859 reru
1295 3809 1364 3858 missi
1382 3808 1521 3867 abscedite,
1536 3820 1581 3856 uec
1601 3819 1712 3868 uuquam
1726 3788 1783 3852 am·

1007 3907 1072 3970 plius
1082 3905 1202 3968 ejusmodi
1224 3917 1366 3953 sermonum
1378 3902 1443 3952 tiatis
1463 3901 1583 3962 ministri,
1604 3912 1635 3949 nc
1648 3897 1785 3947 modicum

1007 4003 1101 4066 irrjuria
1110 3999 1273 4050 mihiillataea
1284 4000 1356 4050 vobis
1369 3997 1489 4048 exordiar.

1037 4100 1052 4162 §
1072 4103 1096 4147 a.
1116 4100 1175 4147 llaec
1192 4097 1334 4158 audientes,
1354 4099 1429 4145 Zecas
1444 4099 1470 4144 et
1491 4093 1593 4144 Carinas
1612 4074 1725 4144 abierunt
1749 4092 1785 4142 ad

1006 4200 1136 4251 concilium
1158 4201 1304 4260 Persamm,
1318 4197 1491 4259 venientesque
1508 4195 1716 4247 aununtiaverunt
1726 4207 1784 4242 om·

1009 4301 1050 4351 uia
1063 4278 1180 4350 anusirae
1194 4303 1221 4348 et
1233 4298 1334 4361 reliquis
1347 4301 1478 4348 Persarum
1497 4296 1643 4360 primatibus
1659 4316 1665 4344 ι
1682 4293 1786 4344 addide-

1006 4408 1064 4454 ruut
1077 4403 1150 4453 etiam
1168 4402 1242 4451 dictis
1257 4401 1367 4451 insanam
1380 4400 1446 4463 repis
1461 4399 1539 4457 iram,
1554 4412 1603 4447 nou
1615 4397 1785 4460 exspectantis

1006 4515 1114 4563 uuquam
1125 4500 1271 4563 legationem
1280 4497 1425 4559 secundam,
1441 4495 1486 4547 sed
1500 4468 1586 4545 armati
1599 4493 1720 4544 adversus
1730 4494 1780 4543 du·

1006 4611 1048 4647 ces
1060 4595 1162 4646 consilii.
1183 4595 1305 4645 Artasiras
1326 4598 1410 4644 autem
1429 4594 1529 4644 mittens
1551 4591 1583 4641 ad
1603 4591 1779 4649 artaductam,

1005 4707 1061 4745 earu
1074 4693 1176 4743 abstulit
1188 4697 1214 4742 et
1225 4693 1388 4743 munitissimo
1394 4707 1452 4742 cum
1462 4692 1535 4742 rebus
1547 4691 1599 4740 suis
1612 4690 1714 4740 inclusit
1723 4703 1779 4739 oas-

1005 4794 1064 4844 tello
1078 4814 1087 4864 3
1100 4793 1152 4857 ipse
1167 4806 1226 4842 uero
1248 4807 1306 4842 oum
1322 4792 1403 4842 Persis
1420 4796 1445 4842 et
1468 4788 1575 4854 Assyriis
1595 4803 1663 4839 arma
1683 4787 1787 4852 parabat

1006 4886 1125 4935 adrersus
1138 4899 1253 4948 maguum
1262 4898 1344 4948 regem
1356 4884 1511 4934 artabanem.
1522 4882 1657 4933 mabanes
1668 4895 1783 4946 quoque,

1009 5037 1082 5087 danto
1101 5040 1156 5087 sont
1170 5037 1267 5101 appeles
1281 5037 1443 5088 Gauuariaus.
1462 5065 1492 5076 —
1511 5037 1550 5087 ct.
1568 5037 1647 5086 Μοῖσα
1666 5036 1697 5086 de
1711 5035 1779 5084 ltlro-

183 5111 247 5159 celui
262 5111 292 5159 de
304 5113 414 5174 Καρινᾰτ,
425 5109 484 5160 o’est
496 5110 519 5158 la
531 5111 607 5159 forme
619 5123 723 5172 grecque
735 5108 768 5158 du
782 5121 838 5158 uom
856 5109 886 5159 de
900 5113 951 5160 Ga·
1009 5112 1083 5168 reue,
1094 5112 1161 5158 litat.
1173 5108 1332 5167 n’Anodnte,
1345 5123 1377 5159 eu
1387 5123 1458 5168 arm,
1470 5108 1512 5157 tir.
1523 5110 1560 5168 ll,
1575 5108 1615 5157 clr.
1631 5111 1659 5157 71
1672 5107 1734 5158 dit.

184 5181 261 5242 reae,
276 5181 345 5244 porte
365 5194 408 5244 par
422 5195 469 5232 une
483 5179 573 5230 tamille
590 5181 699 5243 celebre,
722 5180 782 5230 dont
796 5179 833 5230 les
853 5179 954 5231 descen·

1040 5180 1075 5243 (a)
1092 5182 1125 5229 Le
1137 5182 1203 5229 texte
1216 5193 1273 5243 grec
1285 5182 1354 5243 porte
1367 5181 1542 5242 ᾰρχιθταιλτὺς,
1553 5179 1679 5230 arcbirot.
