3809 5859
458 380 706 445 ιιιεσιιυιιιιιιε
728 384 856 446 Annus
876 386 926 449 111.
952 390 1034 451 οων
1052 386 1141 469 (μοι
1159 391 1235 451 nnn
1252 356 1285 449 ν’.
1307 388 1369 467 ο).
1669 395 1710 455 ω

108 506 200 575 θέντας
213 510 288 588 τῷεε
303 509 447 590 παραλόγῳ
467 511 514 570 καί
534 511 607 583 άήθει
621 517 669 572 τοῦ
688 513 821 591 γεγονότος
840 514 885 575 καί
937 517 983 577 καί
1004 518 1109 585 πολλοῖς
1125 518 1213 585 άλλοις
1227 523 1350 579 θνθοῦσαε
1366 523 1419 587 τοῖς
1435 519 1553 597 ἀγαθοῖς,
1575 520 1633 579 ἀλλ’
1646 521 1705 581 οὐδὲ

107 593 350 674 τῶὺπερῦάλλοντι
371 597 417 657 καί
433 597 705 667 ξενίζοντετοῦδεινοῦ.
752 604 785 678 (ε)
794 600 885 663 Ἑάλω
935 604 971 664 τδι
992 604 1090 665 τούτων
1110 605 1243 685 πτώματα
1268 606 1344 685 λόγον
1368 607 1425 687 έχιι
1446 606 1511 687 πρδς
1531 606 1564 665 τά
1586 608 1705 689 παρόντα

106 682 205 762 Τροία,
218 683 483 758 ἀλλ’ὑπδἝλλήνων
503 685 883 766 καῖδέκαέτηπολεμονμένη,
936 691 1018 753 δεινά.

105 768 177 830 ῶστε
184 774 208 829 εί
221 771 267 829 καί
278 774 317 850 τῷ
330 772 424 843 πλήθει
440 776 490 833 τῶν
499 798 528 832 τε
542 773 728 852 ἀπολλυμένων
738 780 789 835 τῶν
799 801 829 837 τε
843 780 883 837 ία-
976 782 1076 843 inx.
1094 780 1185 843 Ἑάλω
1197 781 1243 841 καί
1255 786 1272 854 ί,
1284 780 1415 861 δυστυχὴς
1430 780 1496 854 αὑτη
1515 782 1590 851 πόλις
1611 784 1705 861 πρώην

110 860 235 921 λωκότων
248 864 278 921 ού
294 862 375 939 μείων
392 854 424 935 ξν
441 868 459 935 ἡ
480 862 614 943 ξυμφορδ,
629 866 652 923 εί
670 866 708 943 μὴ
728 867 773 925 καὶ
787 868 882 941 μείζων
934 868 1009 945 παρδι
1024 872 1077 927 τῶν
1094 867 1224 950 ἐσπερίων
1240 872 1340 945 γενῶν,
1353 867 1478 939 ἐξήκοντα
1497 868 1543 939 έτη
1563 892 1706 946 τυραννον·

107 952 201 1025 είπεῐν,
211 949 280 1009 δλλδ
289 950 335 1010 καί
345 950 426 1033 άμφω
434 956 520 1011 ταῦτα
533 951 610 1034 έφερέ
620 976 679 1013 τινα
687 955 882 1034 κουφισμδνκαὶ
935 954 1016 1033 μάνη,
1039 955 1084 1014 καί
1097 956 1209 1014 πλοῦτον
1230 953 1348 1035 ἀφῃρέθη
1372 956 1453 1014 πολὺν
1473 955 1519 1015 καί
1542 955 1701 1033 ἀναθήματα

106 1038 276 1118 παραμυθίαν
290 1040 372 1117 αὐτῇ·
388 1038 448 1101 οίτε
461 1038 654 1122 γδρἝλληνες
666 1042 882 1123 φιλανθρωπότε-
935 1043 987 1099 τῶν
1008 1042 1084 1121 ἱερῶν
1103 1044 1214 1099 πλεῖστα
1229 1041 1274 1100 καί
1294 1042 1422 1102 κάλλιστα
1436 1042 1481 1102 καί
1494 1044 1635 1115 πολυτελῆ,Ι
1658 1044 1704 1103 καί

107 1146 151 1202 ρον
164 1127 218 1191 τοῖς
236 1125 366 1185 ἑαλωκόσι
377 1126 585 1207 προσεφέροντο,
600 1126 647 1195 τίις
660 1127 747 1197 κοινῖις
760 1130 883 1208 αίδούμε-
932 1127 967 1187 τδ
976 1128 1087 1207 λαμπρίι
1096 1127 1141 1186 καί
1151 1128 1287 1205 σεμνδικαί
1295 1130 1468 1210 περιμάχητα
1479 1127 1575 1203 ταύτης
1585 1129 1705 1209 θεάματα

106 1212 247 1292 νοιτύχας,
257 1212 274 1271 θ
284 1212 601 1295 τεσυνεχλςπολεμοςκαῖ
612 1216 714 1297 μακρὸς
729 1217 775 1276 καί
783 1217 813 1276 τδ
821 1218 880 1279 καθ’
934 1215 982 1275 καί
996 1214 1152 1291 ἀκούσματα
1166 1215 1200 1275 τί
1217 1213 1265 1292 μίν
1279 1219 1304 1283 ές
1325 1216 1437 1297 ἑσπέραν
1453 1216 1648 1295 μετεκομίσθη,
1671 1218 1705 1277 τά

106 1301 210 1381 ἡμέραν
222 1299 270 1373 τῖ’,ν
280 1300 377 1362 άλωσιν
392 1305 541 1383 προσδοκᾶν
553 1304 707 1386 παρῄρηται
721 1306 770 1377 τὴν
781 1308 878 1387 άκριθῆ
933 1304 956 1362 δ’
973 1305 998 1362 έν
1012 1304 1077 1381 αὑτῇ
1092 1307 1125 1382 τῇ
1139 1303 1213 1363 πόλει
1227 1304 1307 1384 πυρδς
1318 1302 1409 1384 γέγονε
1423 1304 1620 1386 παρανάλωμα·
1636 1306 1703 1365 άλλδι
1757 1366 1766 1387 ,

106 1388 205 1448 τούτων
217 1388 337 1461 αίσθησιν
356 1392 407 1449 τῶν
420 1392 523 1449 δεινῶν·
540 1391 571 1449 τδ
585 1391 612 1450 δὲ
627 1392 711 1469 παρδν
733 1394 881 1473 αἰπαραμύ-
932 1390 1012 1471 μέχρι
1020 1390 1118 1450 τούτων
1130 1381 1161 1463 ἦν
1176 1392 1243 1469 αὐτῇ
1254 1392 1360 1469 ἡζημία
1373 1392 1418 1451 καί
1427 1392 1457 1451 τδ
1471 1390 1567 1451 δεινόν·
1583 1396 1606 1451 εί
1620 1392 1658 1471 μὴ
1672 1394 1700 1453 δέ

107 1481 186 1549 θητον
199 1475 275 1544 άλως.
320 1479 353 1555 (ε)
368 1476 459 1539 Ἑάλω
481 1475 609 1536 Βαόιλῶν
626 1478 677 1537 ὑπὸ
700 1477 799 1557 Κύρου,
821 1481 880 1538 ἀλλ’
931 1483 1017 1536 ταῦτα
1031 1477 1197 1557 μεκρδι,τῶν
1212 1478 1393 1560 οίκητόρωνδί
1406 1479 1497 1540 ούδίνα
1512 1479 1702 1555 άποθεύλήκει,
1744 1480 1749 1492 ’

108 1564 181 1624 ούδίν
196 1567 221 1632 ές
237 1562 271 1623 τά
284 1566 375 1645 καίρια
397 1564 620 1645 παραύλαὸεῖσα,
636 1563 690 1623 οὐδ’
705 1566 878 1648 αἰχμαλωσίᾳ
930 1566 984 1624 οὔδ’
999 1568 1024 1632 ές
1040 1566 1137 1633 παῖδας
1151 1566 1196 1625 καί
1220 1575 1345 1643 γυναῖκας
1364 1566 1410 1627 καί
1431 1567 1466 1627 τδι
1482 1567 1628 1643 τιμιώτατα
1652 1592 1704 1628 πα-

109 1653 287 1726 δουλεύσασα,
301 1654 356 1714 οὐδ’
368 1652 443 1733 ὑῦρει
461 1656 591 1731 γυναικῶν
606 1652 740 1711 ἐκδοθεῖσα
763 1653 809 1711 καί
821 1658 881 1713 παί-
931 1652 1066 1731 ρεύλάθη,
1087 1654 1147 1711 ἀλλ’
1158 1644 1213 1734 εἶχε
1233 1654 1333 1721 πάντας
1348 1654 1406 1722 τοὺς
1426 1659 1587 1724 ἐνοικοῦντας
1608 1658 1704 1724 άσινεῖς

106 1742 174 1814 δεον,
186 1740 244 1800 ἀλλ’
267 1740 285 1813 ἢ
308 1742 385 1814 μόνον
407 1741 537 1813 δεσπότην
555 1740 707 1819 ἀλλάξασα,
729 1740 775 1801 καί
788 1745 879 1802 τοῦτον
931 1742 1000 1809 άλως
1013 1741 1058 1801 καί
1076 1743 1165 1801 κακῶν
1184 1746 1307 1810 ἀπαθεῖς·
1320 1743 1365 1801 καί
1383 1743 1459 1802 παλιν
1479 1744 1641 1821 ἀπωσαμένη
1657 1742 1704 1815 τὴν

104 1826 220 1906 χρηστὸν
244 1826 302 1886 άντί
321 1833 445 1906 πονηροῦ.
488 1828 520 1906 (α)
543 1826 636 1887 Ἑάλω
659 1829 808 1907 Καρχηδὼν
828 1828 879 1890 ὑπὸ
930 1830 1071 1908 τυραννίδα
1089 1829 1135 1887 καί
1153 1828 1247 1899 έαυτλν
1260 1831 1464 1906 ἀνακτησαμένη
1477 1830 1503 1897 ές
1516 1830 1564 1902 τὴν
1576 1831 1704 1912 προτέραν

105 1914 261 1987 Σκηπίωνος
277 1916 331 1987 δίς,
347 1914 415 1974 δλλδ
432 1914 463 1974 τὸ
478 1914 526 1993 μίν
540 1917 644 1993 πρῶτον
663 1915 778 1995 ὁμήρους
797 1916 878 1976 δοῦσα
931 1908 981 1986 ἧκε
1001 1916 1181 1987 κατάστασιν,
1203 1915 1251 1975 καῖ
1265 1916 1397 1996 βασίλειον
1416 1908 1448 1989 ἦν
1471 1914 1516 1976 καί
1538 1920 1618 1994 γενῶν
1637 1908 1704 1997 ἦρχε

103 2001 149 2059 καί
173 2001 221 2068 τίς
252 2001 370 2069 δαπάνας
396 2007 443 2061 τοῦ
470 2000 587 2077 πολέμου
616 2001 826 2082 παρασχομένη,
853 2004 879 2069 ές
931 2002 1037 2062 πολλῶν
1051 2001 1078 2060 έν
1090 2024 1119 2061 τε
1133 2001 1208 2083 Ἀσίᾳ
1226 2004 1271 2061 καί
1289 2002 1404 2082 Εὐρώπῃ
1419 2003 1465 2062 καί
1481 2001 1568 2075 νήσων
1584 2004 1632 2063 οὐκ
1646 2006 1701 2063 ὀλί-

103 2088 233 2168 χριξματα
249 2090 319 2168 (καί)
334 2090 400 2167 μόνα
414 2090 463 2161 τὴν
477 2089 573 2166 ζημίαν
589 2088 711 2167 έδίξατο,
724 2089 754 2148 τδ
769 2088 796 2149 δέ
815 2091 878 2149 δεύ-
931 2111 1003 2164 γων,
1025 2088 1073 2149 καί
1089 2091 1116 2147 ίν
1137 2090 1292 2171 περιφανείη
1312 2090 1358 2149 καί
1380 2090 1486 2171 πλούτῳ
1508 2091 1553 2149 καί
1577 2089 1638 2171 δόξῃ
1658 2092 1703 2151 καί

105 2198 179 2253 τερον
192 2177 285 2257 μικρὸν
304 2177 433 2257 άπωτέρω
448 2182 642 2253 μετοικισθεῖσα
653 2176 697 2245 ξίιν
713 2176 816 2254 γυναιξί
831 2179 877 2237 καὶ
930 2177 1100 2256 λαμπρότητι
1114 2168 1163 2250 ἦν,
1178 2178 1222 2237 καί
1237 2182 1290 2237 τῶν
1304 2181 1392 2237 καλῶν
1405 2178 1528 2238 ἁπάντων
1537 2179 1644 2258 ἡγεμὼν
1659 2178 1704 2238 καί

102 2263 182 2321 παισί
197 2264 243 2323 καί
262 2268 315 2331 τοῖς
335 2265 484 2344 ὑπάρχωσι
500 2273 569 2323 πᾶσι
591 2264 637 2324 καὶ
654 2262 714 2332 τοθς
737 2264 877 2346 οἰκήτορας
930 2264 1117 2344 παράδειγμα,
1129 2264 1175 2323 καί
1186 2267 1269 2343 λόγων
1281 2257 1313 2338 ἦν
1325 2265 1400 2325 έστία
1410 2266 1455 2325 καί
1467 2266 1586 2334 παιδείας
1600 2265 1705 2338 ἁπάσης

101 2347 202 2427 ἔχουσα
219 2353 271 2419 σῶς
285 2352 331 2411 καὶ
341 2355 429 2411 κακῶν
444 2354 553 2420 άπαθεῑς
564 2351 637 2411 οὐδέν
646 2358 765 2411 τοσοῦτον
777 2353 877 2425 ὑπέστη
931 2351 977 2411 καί
998 2352 1090 2432 σοφίας
1110 2352 1155 2410 καί
1179 2354 1273 2432 άρετῆς
1293 2354 1340 2412 καὶ
1355 2354 1460 2413 πάντων
1479 2356 1532 2413 τῶν
1556 2354 1704 2414 καλλίστων

100 2436 193 2498 δεινόν.
235 2439 270 2517 (α)
284 2438 376 2499 Ἑάλω
388 2438 499 2516 Ῥώμη,
512 2439 602 2516 τδμίν
617 2442 721 2517 πρῶτον
735 2439 786 2498 ὑπδ
801 2442 876 2503 Κελ-
930 2442 1006 2516 ὁμοῦ.
1048 2439 1081 2517 (α)
1098 2442 1152 2500 Νῦν
1177 2441 1200 2498 δ’
1211 2440 1291 2506 όντως
1305 2441 1390 2514 ἐξήκει
1411 2441 1446 2500 τδι
1459 2444 1518 2501 κατ’
1541 2440 1639 2515 αὐτὴν,
1659 2442 1705 2501 καί

100 2527 155 2582 τῶν
169 2548 199 2584 τε
215 2527 261 2586 καί
276 2528 299 2587 Γ
300 2527 486 2604 αλατῶν,ὑπδ
505 2527 611 2587 Γότθων
625 2527 655 2586 τδ
670 2526 804 2608 δεύτερον·
817 2531 876 2589 ἀλλ’
929 2525 964 2585 τδι
988 2526 1059 2585 καλδ
1079 2524 1227 2597 ξυλλήὺδην
1245 2528 1331 2607 ἔρρει,
1358 2527 1405 2588 καί
1427 2529 1562 2609 ἀφῄρηται
1580 2529 1702 2604 πάντων,

100 2610 175 2671 οῦδὲν
187 2618 310 2673 τοσοῦτον
330 2620 451 2675 παθοῦσα
465 2614 566 2687 δεινὸν,
581 2614 641 2673 ἀλλ’
655 2613 674 2687 ἢ
688 2616 766 2692 μόνον
776 2640 875 2696 τυραν-
930 2615 1065 2687 πλούτου,
1081 2614 1171 2687 δόξης,
1185 2617 1283 2694 ἀρχῆς,
1302 2614 1487 2697 περιφανείας,
1502 2620 1597 2693 τιμῆς,
1613 2617 1702 2695 γένους

100 2704 210 2772 νηθεῑσα
225 2702 319 2780 μικρὸν
333 2703 378 2762 καί
389 2703 511 2782 χρήμασι
528 2706 691 2780 ζημιωθεῖσα
709 2707 754 2762 καὶ
770 2705 876 2787 πλούτῳ
929 2702 1130 2781 λαμπρότητος,
1148 2706 1256 2783 ἆρῑῐῆςν
1268 2706 1405 2778 miffar,
1420 2704 1533 2786 σοφίας,
1548 2704 1702 2780 ἱερωσύνης,

99 2788 148 2847 καί
162 2789 285 2866 δημεύσει
298 2792 350 2849 τῶν
377 2789 490 2871 πρῶτων
506 2792 594 2849 οίκιῶν
615 2788 661 2849 καί
680 2791 806 2873 ὑπερορίᾳ
823 2797 874 2852 τῶν
930 2791 1080 2871 βασιλείας,
1097 2792 1204 2853 πάντων
1215 2794 1319 2859 ἅπλῶς·
1334 2792 1451 2853 κολάσω
1474 2794 1498 2859 ές
1515 2792 1596 2871 άκρον
1615 2794 1703 2851 εὐδαι-

101 2877 211 2947 ἐνδόξων
226 2880 347 2959 άνδρῶν,
364 2879 411 2938 καί
431 2879 511 2938 πάλιν
535 2878 628 2959 μικρὸν
646 2878 754 2959 ὑστερον
775 2884 871 2954 ἑαυτὴν
929 2879 1020 2953 μανίας
1034 2878 1080 2937 καί
1094 2878 1177 2958 τύχης
1196 2878 1300 2957 ἤλασε,
1315 2884 1436 2941 τοσοῦτον
1451 2883 1476 2947 ές
1494 2878 1614 2956 πυθμένα
1637 2882 1703 2939 δυσ-

99 2965 323 3043 άνακτησαμένη,
337 2966 382 3026 ini
394 2966 464 3046 μέγα
474 2966 549 3036 δόξης
563 2967 631 3047 ἤρθη
646 2968 692 3027 καὶ
705 2967 818 3029 πλούτου
830 2970 875 3029 καί
928 2966 1019 3046 τυχέας
1032 2965 1078 3027 καί
1090 2966 1292 3043 κακοδαιμονίας
1302 2967 1440 3048 κατήχθη·
1454 2969 1500 3027 καὶ
1512 2972 1703 3047 μακαρισθεῖσα

99 3052 252 3121 δυναστείας
265 3054 311 3114 καί
330 3054 424 3135 τύχης.
468 3057 501 3132 (ε)
515 3053 607 3115 Ἐαλω
619 3055 789 3135 Ἱεροσόλυμα
801 3057 874 3137 τρίς,
928 3052 1020 3133 πρώην
1036 3055 1088 3115 ὑπὸ
1102 3057 1223 3132 πολλῶν,
1242 3061 1286 3116 νῦν
1312 3058 1364 3117 ὑπὸ
1385 3056 1490 3116 πάντων
1511 3055 1641 3135 δυστυχὴς
1656 3056 1701 3115 καί

99 3140 449 3225 ὑπ’Ἄσσυρέωντδπρῶτον,
457 3145 501 3201 ὑπ’
509 3144 644 3221 Ἀντιόχου
653 3142 875 3222 τδδεύτερον,ὑπδ
929 3140 1098 3220 βαρυδαίμων
1114 3139 1217 3201 αἰκούει·
1236 3142 1282 3200 καί
1301 3142 1382 3223 μέχρι
1402 3140 1541 3223 τερμάτων
1552 3147 1599 3214 τῆς
1612 3146 1702 3203 οἰκου-

98 3226 243 3305 Ῥωμαίων
257 3230 288 3289 τὸ
301 3231 402 3309 τρίτον·
420 3229 490 3290 diii
506 3231 538 3290 τὸ
557 3229 605 3306 μέν
618 3234 722 3310 πρῶτον
739 3233 873 3308 μετοικίαν
928 3228 1009 3305 μένης
1029 3230 1191 3310 προελθοῦσα
1209 3234 1243 3308 τῇ
1258 3230 1338 3310 δόξῃ,
1353 3234 1397 3287 νῦν
1412 3239 1501 3289 πᾶσαν
1518 3234 1584 3305 δμοῦ
1603 3235 1653 3307 γῆν
1672 3256 1701 3291 τε

99 3315 185 3393 μόνην
196 3318 297 3390 ὑπέστη
308 3317 352 3386 ξθν
371 3316 472 3396 γυναιξί
493 3320 539 3377 καὶ
550 3318 648 3386 τέκνοις
663 3318 709 3377 καί
722 3326 775 3384 τοῖς
788 3319 873 3400 ὑπάρ-
929 3320 975 3376 καί
995 3317 1130 3381 θάλασσαν
1149 3316 1248 3393 μεστλν
1258 3318 1387 3391 πεποίηκε
1397 3322 1451 3377 τῶν
1464 3321 1557 3405 ἑαυτῆς
1567 3318 1702 3401 ξυμφορῶν

96 3426 178 3482 χοιισι
186 3409 301 3473 πᾶσινίς
314 3406 476 3467 Βαύυλῶνα·
487 3407 532 3463 ὑπ’
543 3404 678 3485 Ἀντιόχου
685 3406 713 3465 δὲ
725 3406 817 3484 μικρὸν
825 3431 872 3466 τυ-
928 3404 975 3463 καί
991 3410 1038 3477 τῆς
1052 3404 1119 3474 ίδίας
1133 3404 1236 3475 ἀδοξίας
1247 3404 1391 3477 ἐνέπλησε,
1406 3410 1543 3485 πανταχοῦ
1559 3410 1606 3478 τῆς
1622 3407 1702 3477 αὐτῆς

102 3494 271 3569 ραννηθέντες
284 3496 364 3556 πάλιν
384 3485 455 3575 ε’ίχον
474 3492 617 3567 τλνπόλιν·
634 3494 685 3553 ὑπὸ
696 3496 724 3553 δί
733 3494 873 3573 Ῥωμαίων
927 3492 1134 3571 κακοδαιμονίας
1150 3493 1331 3570 ὑπομνήματα
1350 3496 1463 3574 φέρουσα
1478 3493 1536 3562 τοὺς
1549 3494 1701 3575 οἰκήτορας,

96 3582 125 3639 εί
137 3582 184 3641 καί
197 3582 232 3643 τίι
246 3582 317 3656 πάθη
330 3588 376 3654 τῆς
398 3583 524 3650 ἁλώσεως
545 3574 613 3653 ἦσαν
624 3584 654 3641 ού
667 3584 783 3663 μορητδ,
804 3584 873 3643 ιἰλλδ
928 3581 1025 3661 ἄνδρας
1044 3586 1109 3659 ὁμοῦ
1128 3580 1174 3640 καί
1190 3592 1314 3659 γυναῖκας
1332 3582 1379 3640 καί
1393 3584 1489 3647 παῖδας
1511 3582 1702 3663 διασπαρέντας

96 3669 208 3739 στάσεις
226 3694 255 3730 τε
265 3662 334 3743 ἦσαν
353 3674 381 3731 ίν
395 3672 462 3751 αὐτῇ
476 3671 573 3729 πολλαὶ
590 3670 636 3729 καί
658 3670 739 3728 δειναὶ
759 3670 804 3730 καί
824 3672 872 3747 ίμ·
927 3673 1046 3749 αἰσχρῶς
1059 3671 1099 3728 ίπ’
1107 3669 1279 3749 αἰχμαλωσίᾳ
1292 3669 1338 3727 καί
1350 3669 1454 3749 δουλεία]
1463 3668 1507 3727 καί
1523 3668 1612 3749 θόρεν·
1626 3670 1700 3742 κεῖν]

98 3756 181 3836 ρύλια
201 3758 246 3817 καί
257 3758 402 3838 διαρπαγαί
420 3759 465 3817 καί
481 3758 580 3836 σφαγαί
597 3758 643 3817 καί
657 3756 729 3839 φόνοι
743 3761 794 3816 τῶν
808 3761 873 3818 ίνοι-
926 3760 1030 3817 πολλῶν
1039 3760 1121 3835 γενῶν
1128 3756 1261 3837 ἐπάρξασα
1269 3756 1394 3837 πρότερον
1405 3756 1472 3834 μετὰ
1480 3762 1558 3829 τιμῆς
1572 3755 1616 3817 καί
1627 3757 1700 3830 δόξης

97 3844 214 3905 κούντων
227 3870 255 3906 τι
270 3846 381 3906 καὶτῶν
394 3845 561 3906 οἰκειοτάτων
576 3845 676 3905 ἀνόσιοι
693 3846 739 3904 καὶ
758 3846 810 3925 πρὸ
826 3852 872 3906 τοῦ
926 3844 972 3904 καί
981 3845 1094 3905 πλούτου
1103 3843 1150 3902 καί
1162 3842 1329 3925 περιφανείας
1339 3847 1477 3923 λαμπρῶς,
1490 3847 1536 3901 νῦν
1551 3846 1594 3923 ὑφ’
1605 3841 1700 3923 ἑτέρων

97 3937 218 4012 πολέμου
231 3936 277 3994 καί
290 3936 401 4013 ίναύτῷ
410 3937 448 4014 τάξι
462 3932 587 4013 πολέμῳ,
603 3932 727 3991 ὥστεκαὶ
741 3934 769 3991 έν
784 3935 872 4011 εύχαῖς
911 3932 1040 4011 -άρχεται
1061 3931 1129 4008 μετδι
1149 3933 1238 3997 πενίας
1260 3932 1305 3990 καί
1327 3930 1429 3997 αἰδοξίας
1450 3930 1496 3990 καί
1526 3930 1632 4008 ἀτιμίας
1654 3932 1700 3990 καί

97 4014 132 4094 ἦν
144 4024 231 4089 αὐτοῖς
243 4020 368 4087 πολλάκις
380 4020 410 4079 τὸ
430 4018 479 4090 τλν
493 4018 569 4078 πόλιν
582 4018 696 4093 ἁλῶναι,
712 4019 871 4098 ἀπαλλαγὴν
926 4021 1044 4087 δουλείας
1065 4018 1217 4097 αἰσχίστης·
1240 4019 1286 4077 καί
1304 4019 1474 4097 παράδειγμα
1500 4018 1607 4078 πάντων
1631 4009 1699 4078 εδσα

100 4111 134 4167 ἐκ
153 4108 246 4168 τούτου
271 4110 322 4167 τῶν
343 4106 474 4185 μεγίστοιν
495 4110 584 4165 κακῶν
605 4106 732 4183 οἰομένοις
753 4108 871 4185 εὑρέσθαι
926 4110 1015 4165 καλῶν
1038 4106 1085 4167 καί
1109 4109 1233 4185 λαμπρᾶς
1259 4105 1423 4184 εὐδαιμονίας
1441 4105 1532 4181 εἰκῶν,
1552 4110 1598 4165 ν’ύν
1623 4106 1699 4166 είκών

100 4194 170 4273 ἥτῷ
191 4193 294 4274 θανάτῳ
308 4191 494 4273 ἣτῇδουλείφ.
510 4190 603 4261 Οὑτως
625 4193 698 4253 οῦδὲν
712 4192 744 4252 τά
760 4197 811 4253 τῶν
823 4196 872 4254 πό·
926 4198 983 4254 ἔστι
994 4196 1132 4275 δυστυχίας
1151 4194 1198 4253 καί
1208 4194 1337 4275 μεγίστων
1346 4194 1485 4278 ξυμφορῶν
1492 4194 1637 4272 ὑπόμνημα
1652 4195 1696 4255 καί

97 4284 166 4340 λεων
180 4282 284 4341 ίκείνων
296 4280 427 4359 πτώματα
444 4281 508 4359 πρὸς
525 4281 556 4339 τδ
569 4281 667 4353 ταύτης
682 4283 747 4343 είσίν
761 4274 804 4341 οἷα
823 4283 869 4342 καὶ
926 4283 1011 4356 στήλη
1023 4281 1225 4360 κακοδαιμονίας
1242 4284 1288 4342 καί
1305 4288 1383 4361 μῦθος
1394 4288 1432 4363 τῷ
1448 4283 1507 4364 βίῳ.
1551 4282 1586 4362 [a]
1602 4282 1696 4349 Οὕτως

97 4369 327 4449 παραῦάλλεσθαι.
372 4368 404 4447 (ο)
422 4368 475 4428 Καί
488 4368 567 4426 άλλαι
576 4369 604 4429 δέ
617 4370 704 4435 πολεις
714 4372 810 4430 πολλαί
825 4372 870 4429 καί
924 4370 998 4431 οῦδὲν
1008 4374 1059 4431 τῶν
1065 4370 1230 4450 ἀνθρωπίνων
1239 4372 1331 4431 πιστὸν
1342 4369 1401 4430 onii
1411 4370 1529 4450 βέόαιον,
1538 4369 1698 4431 δλλδπάντα

98 4458 213 4535 μεγάλαι
241 4456 267 4516 έν
292 4480 321 4516 τε
343 4455 418 4535 Ἀσίᾳ
437 4456 482 4515 καί
514 4456 629 4537 Εὐρώπῃ
664 4458 798 4535 ἑάλωσαν,
825 4460 870 4517 καὶ
928 4459 1003 4531 δίκην
1018 4457 1125 4540 εὔρίπου
1142 4459 1196 4519 άνω
1207 4459 1252 4518 καί
1263 4460 1336 4519 κάτον
1348 4458 1496 4540 στροὺεῖται
1509 4460 1555 4520 καί
1565 4458 1699 4539 περιφέρε·

94 4543 204 4625 πλούτῳ
214 4544 260 4604 καί
271 4544 333 4625 δόξῃ
347 4544 392 4602 καί
402 4544 480 4624 σοφίᾳ
494 4545 538 4601 καί
553 4547 633 4627 ἀρετῇ
644 4549 694 4604 τῶν
705 4547 870 4606 ίνοικούντων
924 4570 969 4607 ται
978 4548 1034 4615 ταῖς
1048 4547 1230 4628 άγχιστρόφοις
1240 4553 1285 4607 τοῦ
1303 4547 1358 4627 βίου
1378 4548 1551 4626 μεταῦολαῑς,
1570 4548 1697 4614 παίζοντα

98 4721 177 4787 ναῶν]
186 4728 244 4771 νεῶν
257 4734 324 4771 marr.
338 4720 387 4771 2iu
394 4734 489 4771 rasura.
506 4718 560 4782 ]-
574 4720 589 4784 §
604 4724 627 4771 8.
647 4726 690 4775 τὴν
702 4720 803 4787 innita]
813 4720 871 4771 add.
888 4734 955 4784 ωηο.
974 4722 984 4784 ΙΙ
1000 4722 1055 4784 -§
1066 4728 1088 4771 ο.
1102 4722 1297 4787 μετοικισθεῖσα]
1307 4723 1343 4773 sic
1352 4736 1417 4785 ingo,
1437 4722 1592 4785 μετοικίσασα
1603 4722 1696 4771 textus.

100 4792 172 4842 11αοθ
180 4793 312 4857 premenda
327 4796 385 4843 εειιιε
400 4806 457 4854 quoe
473 4789 505 4839 de
518 4792 665 4856 Carthagine
682 4792 722 4842 bis
735 4808 751 4843 ει
765 4792 876 4857 scipione
893 4796 966 4855 σοφία
979 4792 1120 4842 critobulus
1134 4792 1219 4843 tradit.
1235 4792 1246 4857 Ι]
1264 4794 1324 4858 -§
1340 4797 1364 4844 7.
1375 4792 1498 4857 Γαλατῶν]
1515 4791 1549 4842 ric
1561 4804 1631 4855 mgr,
1641 4794 1697 4855 Γερ-

95 4870 178 4924 μανῶν
189 4866 249 4914 texi.
271 4862 349 4927 u-§
362 4866 385 4912 θ.
405 4861 509 4927 ὑπέστη]
522 4864 558 4914 sic
573 4878 638 4928 mgo,
658 4864 751 4920 ἐδέξατο
769 4863 833 4911 θοαί.
852 4860 863 4924 ΙΙ
877 4884 908 4896 -
928 4859 1042 4924 ἑμρύλια]
1054 4862 1183 4926 έμφύλιοιί
1202 4862 1215 4926 ΙΙ
1232 4889 1264 4901 -
1277 4862 1292 4926 §
1307 4868 1331 4913 9.
1352 4860 1482 4925 πτώματα]
1502 4858 1537 4910 sic
1549 4873 1620 4923 lngo,
1633 4860 1696 4919 πάθη

129 5004 212 5052 mii.
227 5002 242 5066 §
256 5009 277 5053 1.
291 5004 416 5068 οςὴκονια]
427 5006 559 5057 Sunirnni
576 5006 605 5054 57
629 5002 661 5051 ab
678 5002 768 5067 Aprilis
785 5002 906 5053 (1.12εει.
923 5007 983 5053 11111
995 5002 1118 5066 usquead
1137 5011 1166 5055 25
1183 5004 1212 5054 θ.
1231 5003 1291 5053 Julii
1305 5016 1346 5053 nn.
1367 5004 1433 5052 11111.
1455 5000 1465 5061 ΙΙ
1483 5028 1513 5042 -
1536 4999 1588 5063 §2.
1602 5002 1694 5050 πολλῶν

99 5072 186 5135 γενῶν]
199 5074 314 5138 οἰοιαμος
325 5094 352 5124 π.
367 5077 439 5125 ἐθνῶν
454 5079 515 5128 text.
533 5076 544 5140 ΙΙ
556 5102 589 5112 -
602 5073 729 5138 μεγίστων]
741 5074 797 5124 add.
813 5088 880 5139 ωηο.
895 5074 972 5137 ]]-]
988 5078 1011 5124 i.
1027 5075 1170 5138 διακοσίων]
1188 5078 1247 5125 1136
1262 5087 1320 5123 ιιιιιι.
1334 5070 1489 5136 (iis-1453).
1504 5070 1557 5135 n-
1570 5074 1693 5123 Κωνσταν.

75 5179 79 5183 Α
100 5142 158 5205 γαρ]
170 5143 208 5193 Gi.
225 5144 348 5195 Barbarus
365 5158 390 5209 p.
407 5152 445 5206 51,
458 5146 500 5196 uhi
520 5148 591 5195 ruins
608 5144 750 5207 prndixine
768 5144 929 5208 perhibentur
948 5164 956 5193 ι
976 5144 1082 5207 qnando
1103 5146 1128 5195 el
1142 5158 1169 5195 εα
1197 5142 1302 5193 [roverti
1322 5155 1374 5192 ιιιιο
1393 5142 1547 5205 imperador
1564 5140 1613 5193 σίνε
1631 5142 1693 5195 abia

97 5224 175 5261 nonne
189 5214 347 5263 constantin
358 5210 395 5277 fio
406 5214 533 5277 d’Elena,
545 5218 603 5265 soto
614 5214 690 5278 φαείο
704 5216 818 5276 irnperio
829 5214 854 5263 el
867 5227 894 5263 εο
906 5213 1022 5278 perderri
1035 5212 1276 5277 constantinopoli.

1579 5301 1604 5349 7.
