3809 5859
412 343 656 417 iuuenilibus
678 346 806 410 ANNUS
824 348 901 410 XiIl.
922 350 999 411 ubil
1024 346 1207 428 (libutiiua'
1225 350 1261 411 P.
1284 350 1341 429 C.).
1405 394 1408 416 ,
1617 348 1673 416 l'l'i

68 473 219 555 Εὐρώπην,
245 473 291 533 καὶ
330 481 425 536 πᾶσαν
455 474 503 547 τήν
533 476 589 537 ἄνω
622 476 759 537 θόλασσαν
796 482 842 538 τοῦ
899 478 1025 550 δλλήλοις
1047 482 1166 559 βοηθεῖν·
1179 471 1217 547 οἶς
1231 488 1299 540 πᾶσι
1316 486 1541 561 θαρρουντεςουτι
1563 486 1675 552 σπονδὰς

67 587 96 624 τε
118 560 243 631 Εὐξείνου
265 558 362 623 πόντου
388 563 434 623 καλ
456 562 671 638 Ἑλλησπόντου,
690 565 772 647 φημί,
791 568 844 627 ίσω
898 565 968 643 ἔχειν
982 565 1074 638 ήθελόν
1097 590 1160 627 ποτε
1175 569 1243 645 μετὰ
1255 573 1302 628 τοῦ
1323 570 1465 647 βασιλέως,
1488 569 1547 631 ούτε
1569 572 1669 652 δασμὸν
1764 618 1768 630 .

68 650 230 721 ποιήσασθαι
243 650 290 711 καλ
314 651 512 734 ἀσφαλίσασθαι
532 653 639 725 ταύτην
653 656 756 728 καλῶς,
770 657 843 715 aloi-
898 655 970 732 αὐτῷ
989 654 1166 714 καταόόλλειν
1184 654 1302 734 ἐτήσιον,
1329 652 1454 739 ὥσπεροί
1477 660 1551 719 ἄλλοι
1579 660 1670 743 ύμοροι

68 764 144 801 σοντι
164 739 208 799 τὸν
224 738 340 820 πορθμδν
349 785 358 814 ,
378 736 422 798 ἵνα
437 740 475 818 μή
495 746 513 813 ή
535 740 634 814 ταύτης
655 742 774 821 παραλία
789 746 843 813 τοῖς
898 737 1019 821 Ἰλλυριοί
1028 765 1057 802 τε
1069 742 1114 805 καλ
1124 743 1286 821 Τριόελλοὶ,
1301 744 1355 803 οὐδ’
1369 744 1436 814 ὅλως
1449 748 1604 808 κατακούειν
1619 752 1669 809 αύ-
1761 808 1766 815 ,

68 826 202 905 πολιμίοις
229 827 414 910 ἐπερχομένοις
458 827 633 907 ληστεύηται,
658 827 747 908 ῶσπερ
776 831 842 902 δῆτα
897 832 960 904 τοῦ,
979 829 1046 887 illl
1061 830 1108 888 καὶ
1121 831 1248 898 πολλάκις
1271 834 1296 898 ίς
1310 831 1423 899 οπονδδς
1440 843 1506 913 τρεῖς
1525 838 1673 915 προκαλου-

68 917 113 978 zoi
132 916 227 997 πρώην
246 920 297 976 κᾶν
316 920 356 997 τῷ
376 916 506 997 Βοσπόρῳ
519 916 672 989 πεποίηκεν.
713 917 748 997 (o)
763 918 843 980 Οῦτω
897 911 976 989 μένου
992 916 1134 994 βασιλέως,
1148 918 1276 989 ἀπηξίουν
1291 920 1366 980 αὐτοὶ
1387 919 1432 979 καὶ
1452 922 1482 981 οὗ
1499 922 1672 1004 κατεδέχοντο

70 1007 102 1080 δή
122 1005 270 1078 διανοηθεὶς
288 1003 440 1082 δβασιλεθς
460 1003 535 1072 ciii<
554 1004 656 1082 πέμπει
676 1004 736 1073 τοὺς
756 1029 841 1066 κατα·
897 1003 1069 1079 σπένδεσθαι,
1081 1006 1219 1083 αὐτόνομοί
1229 1030 1257 1066 τε
1272 1007 1318 1068 καλ
1333 1008 1462 1091 ίλεύθεροι
1476 1010 1522 1070 καὶ
1534 1010 1670 1075 ἔκσπονδοι

68 1093 245 1172 πυθομένους
258 1093 398 1175 τδνχῶραν
409 1092 455 1152 καλ
467 1091 696 1175 ἀναμετρήσοντας
712 1092 746 1152 τδι
756 1094 842 1155 στινό·
896 1092 983 1166 πάντη
995 1082 1063 1151 εἶναι
1077 1079 1240 1174 βουλόμένοι.
1256 1096 1290 1175 (ε)
1331 1096 1383 1156 Διιί
1396 1120 1436 1157 τοι
1447 1103 1524 1157 τοῦτο
1539 1100 1585 1157 καὶ
1605 1104 1673 1160 πολ·

67 1204 134 1240 τατα
150 1186 196 1240 τοῦ
220 1187 340 1263 πορθμοῦ
353 1180 399 1241 καλ
453 1180 461 1203 ’
532 1183 568 1242 Οἱ
582 1180 611 1241 δέ
631 1182 842 1262 παραγινόμενοι
896 1178 1110 1260 λα’κιςστρατιθν
1126 1181 1267 1260 πέμπωνθ
1287 1181 1409 1259 βασιλεὺς
1433 1184 1548 1255 ἐληίζετο
1566 1186 1614 1259 τήν
1627 1188 1672 1245 αύ-

68 1269 114 1331 παλ
146 1269 379 1351 ἆναμιτρήσαντες
400 1292 475 1349 ερον
496 1267 537 1328 ότι
558 1269 720 1330 στενιύτατόν
742 1294 773 1331 τε
797 1270 842 1332 καὶ
896 1270 965 1344 τῶν,
979 1268 1149 1348 κατατρέχων
1161 1292 1189 1328 τε
1203 1270 1247 1329 καλ
1258 1270 1331 1330 λείαν
1352 1269 1393 1329 δτι
1413 1272 1539 1345 πλείστην
1559 1274 1670 1351 ἀπάγων

68 1356 247 1438 §mium
274 1363 322 1419 τοῦ
343 1361 463 1437 πορθμοῦ
482 1356 529 1437 [τὸ
553 1356 638 1439 κατὰ]
666 1356 716 1429 τήν
745 1358 843 1434 μεταξὺ
898 1354 998 1435 ἀνδρῶν
1013 1378 1041 1413 τε
1049 1354 1095 1414 καὶ
1110 1355 1211 1416 παίδων
1219 1357 1264 1417 καλ
1274 1361 1405 1435 γυναικῶν
1419 1360 1465 1417 καί
1480 1361 1668 1438 βοσκημάτων.

68 1444 193 1505 Μαδύτου
213 1446 259 1506 καὶ
272 1445 425 1511 Ἐλεοῦντος
443 1444 528 1524 ἄειραν
549 1444 614 1525 πρὸς
631 1442 678 1518 τήν
704 1445 843 1526 θντιπίρας
897 1443 933 1502 Οί
952 1440 980 1500 δέ
994 1442 1066 1501 οθδίν
1091 1444 1192 1521 μᾶλλον
1205 1449 1254 1515 τῆς
1272 1444 1299 1513 i}
1318 1448 1403 1525 ἀρχῆς
1423 1446 1531 1525 γνώμης
1545 1450 1665 1528 ὑφεῖντο,

68 1534 177 1613 ἤπειρον
203 1536 251 1606 τῆς
273 1532 411 1605 ’λαίας,ἣ
430 1530 565 1613 Δαρδανία
591 1534 726 1605 καλεῖται,
748 1532 842 1591 στιίδιοί
898 1529 967 1587 όλλδι
978 1532 1033 1596 τοῖς
1042 1528 1113 1598 ἅπαξ
1128 1532 1290 1607 δεδογμένοις
1302 1532 1492 1610 ίνέμινον,έπ“ι
1501 1536 1540 1615 τῷ
1554 1532 1672 1615 σφετίρω

69 1644 120 1682 που
135 1622 254 1697 μάλιστα
266 1620 337 1681 θετόν
345 1665 356 1695 ,
370 1622 397 1679 έν
413 1610 432 1697 ή
445 1618 492 1678 καί
505 1642 531 1678 τι
545 1618 591 1677 καὶ
610 1619 713 1698 πύργου
726 1622 843 1681 παλαιοῦ
898 1615 987 1693 μέντοι
1006 1620 1092 1697 κακῷ.
1115 1618 1150 1698 (ι)
1194 1618 1258 1679 Ἐπὶ
1272 1618 1370 1687 τούτοις
1381 1612 1425 1679 οῦν
1439 1621 1565 1700 ὀργισθεὶς
1589 1626 1603 1681 δ
1620 1601 1671 1701 βα·-

72 1708 184 1788 ίρείπιον
199 1709 340 1790 ίτύγχανιν
357 1705 502 1782 θν,ἀλύσεε
517 1706 686 1787 βουληθέντος
706 1706 775 1775 τινδς
789 1711 842 1767 τῶν
898 1705 984 1773 σιλεῦς
1011 1706 1060 1778 τήν
1085 1706 1256 1787 ίκστρατείαν
1287 1708 1346 1767 κατ’
1370 1708 1456 1766 αὐτῶν
1474 1711 1602 1785 ἐποιεῖτο,
1626 1710 1671 1768 καὶ

67 1796 193 1877 πρότερον
206 1797 525 1875 βασιλέων,ῶςλέγεται,
540 1796 643 1855 κλεῖσαι
654 1794 700 1853 τδν
712 1796 842 1874 πορθμὸν,
898 1795 930 1866 δή
955 1797 1042 1862 καλῶς
1068 1794 1334 1874 παρασκευασάμενος
1355 1795 1401 1855 καί
1425 1784 1496 1856 θπλα
1520 1797 1608 1855 πολλδι
1627 1798 1672 1857 καλ

68 1884 114 1943 καὶ
135 1882 175 1962 μή
195 1885 406 1963 δυνηθέντος,τῇ
426 1883 471 1966 βίορ
483 1887 532 1942 τοῦ
548 1885 645 1942 πολλοῦ
663 1886 709 1962 ῥοῦ
725 1881 843 1951 ξυνελισ-
898 1880 1020 1963 μηχανὰς
1038 1882 1163 1950 παντοίας
1185 1882 1231 1942 καὶ
1254 1883 1379 1961 στρατιὰν
1392 1882 1433 1943 ότι
1453 1880 1578 1954 πλείστην
1598 1882 1673 1951 ξυνα·

67 1972 180 2050 σομένης
186 1996 215 2033 τε
226 1975 273 2033 καλ
284 1971 492 2053 ξυστρεφομίνης
504 1970 550 2031 καί
560 1967 743 2047 ξυγκλωμίνης
750 1969 844 2051 ρρδίως
898 1970 988 2049 γαγὼν
1010 1971 1122 2043 ἱππικήν
1136 1993 1165 2030 τε
1183 1970 1229 2029 καλ
1252 1970 1378 2045 πεζικὴν,
1389 1968 1465 2049 ἔαρος
1479 1970 1673 2048 ίπιλοίμποντος

67 2065 114 2131 τῆς
139 2060 265 2127 δλύσεως.
306 2061 344 2143 (ε)
378 2058 581 2125 Ἐπανελθόντες
613 2046 658 2117 ούν
684 2057 843 2135 ἅνήγγειλαν
898 2058 967 2133 ήδη,
993 2058 1070 2127 ἔξεισι
1095 2062 1156 2117 κατ’
1171 2060 1257 2117 αὐτῶν
1280 2058 1350 2138 χειρὶ
1371 2060 1457 2137 πολλῇ
1481 2058 1527 2117 καί
1553 2058 1673 2136 δυνάμει.

67 2152 146 2209 τοῦτο
159 2151 197 2230 τῷ
210 2149 323 2229 βασιλεῖ.
333 2146 368 2211 Ὁ
383 2147 412 2206 δέ
422 2144 667 2225 μετακαλεσάμενος
678 2144 842 2225 ὅτιτοίχιστα
900 2149 936 2225 (ο)
977 2144 1058 2226 Ἄρας
1075 2138 1120 2205 οῦν
1143 2151 1174 2208 ix
1193 2150 1240 2218 τῆς
1254 2146 1389 2228 Ἀδριανοῦ
1409 2146 1489 2206 παντί
1508 2149 1545 2227 τῷ
1568 2150 1673 2227 στρατῷ

69 2232 216 2316 ’ίαγούπην
242 2235 285 2295 τδν
315 2235 453 2316 σατρέπην
487 2232 709 2299 Ιίαλλιουπολεῶς
744 2255 773 2293 τε
798 2232 844 2293 καί
900 2238 1002 2317 ἱππικῷ
1014 2236 1098 2295 τεκαὶ
1118 2238 1218 2315 πεζικῷ
1229 2234 1275 2293 καὶ
1295 2234 1335 2293 ἀεὶ
1347 2236 1447 2313 σπουδῇ
1460 2233 1574 2294 ίλαύνων
1587 2235 1628 2295 liri
1639 2233 1674 2293 τδ

68 2324 239 2405 Χερρονήσου
253 2324 299 2383 καὶ
314 2323 433 2403 ἡγεμόνα
448 2327 494 2381 τοῦ
507 2322 600 2383 στόλου
620 2322 718 2389 παντὸς
729 2321 777 2380 καὶ
792 2326 842 2394 τῆς
898 2320 1005 2402 πρόσω,
1018 2319 1146 2380 διαῦαίνει
1166 2342 1195 2379 τε
1209 2320 1257 2392 τήν
1271 2322 1351 2379 αὑτοῦ
1362 2321 1463 2401 ταχέως
1478 2321 1524 2381 καὶ
1539 2320 1674 2399 γενόμενος

68 2409 201 2493 παραλίας
220 2412 344 2486 ἁπάσης,
375 2411 526 2483 ἀνατίθησιν
541 2411 614 2490 αύτῷ
636 2409 681 2469 τδν
704 2409 843 2489 τειχισμὸν
900 2410 927 2469 iv
952 2416 1005 2475 τοῖς
1027 2407 1155 2489 μεθορίοις
1184 2410 1245 2487 τῶν
1264 2408 1406 2487 Βύστρων,
1437 2408 1671 2487 στρατοπεδεύεται

67 2504 119 2561 τῶν
133 2500 263 2583 φρουρίων
276 2498 318 2561 ότι
333 2500 414 2579 τύχας
427 2507 512 2560 ποιεῖν
527 2498 573 2559 καὶ
587 2498 635 2570 τήν
648 2498 733 2569 ἄλλην
742 2498 843 2557 τούτων
899 2498 980 2556 αθτοῦ
994 2495 1103 2577 μικρὸν,
1118 2496 1164 2555 καὶ
1183 2495 1252 2573 μετδι
1275 2501 1354 2556 τοῦτο
1374 2495 1537 2575 προσόοίλλει
1550 2501 1583 2575 τῇ
1595 2498 1672 2578 χύρρ

68 2598 158 2655 πᾶσαν
193 2590 317 2671 φροντίδα
339 2589 386 2648 καί
422 2588 590 2665 ἐπιμέλειαν,
621 2587 703 2663 μηδὲν
730 2586 845 2659 σπουδῆς
897 2582 997 2643 τούτων
1021 2586 1150 2664 ἰσχυρῶς,
1171 2581 1217 2642 καὶ
1235 2583 1391 2663 κατατρίχιι
1410 2581 1525 2660 ταύτην,
1550 2588 1670 2656 σκηπτοῦ

71 2676 181 2741 δνιέντι.
201 2675 257 2737 Καὶ
271 2674 300 2744 θς
313 2674 388 2735 οὐδέν
404 2673 539 2754 μελλήσας
554 2672 626 2739 εθθθς
638 2671 758 2751 ἐτείχιζε,
776 2672 845 2752 χειρὶ
899 2672 974 2743 δίκην
989 2670 1128 2749 ἐμπίπτων
1138 2668 1184 2730 καὶ
1198 2671 1337 2749 ίμπιπρῶν
1349 2668 1438 2729 πόντοι
1455 2670 1502 2729 καὶ
1517 2670 1672 2752 διαφθείρων

72 2766 161 2845 πολλῇ
187 2764 234 2824 καί
255 2763 390 2844 προθυμίη
416 2762 462 2822 καὶ
480 2762 585 2842 δαποίνη
610 2759 744 2840 χρώμενος
766 2762 791 2828 ές
814 2760 846 2819 τδ
898 2760 943 2819 καὶ
954 2758 1083 2838 ἀφανίζων
1093 2756 1139 2817 καὶ
1150 2756 1260 2839 φρούρια
1271 2756 1390 2841 ἐξαιρῶν,
1401 2760 1427 2825 ἐς
1442 2756 1495 2817 ull
1504 2758 1551 2819 καὶ
1563 2762 1674 2841 φρουρὰς

68 2853 156 2934 ἔργον.
624 2883 627 2893 ,
899 2847 1001 2925 ίσοίγυεν
1026 2846 1070 2907 καλ
1092 2845 1165 2906 λείαν
1189 2845 1301 2923 ἀπάγων
1323 2846 1368 2905 καί
1388 2854 1476 2905 πᾶσαν
1502 2844 1553 2919 ήδη
1574 2844 1624 2917 τήν
1646 2844 1675 2919 ίνΥ

107 2942 168 3006 XV.
195 2942 324 3010 Βασιλεύς
349 2941 377 3001 δί
407 2947 453 3003 τοῦ
489 2940 620 3020 χειμῶνος
645 2936 737 2997 τούτου
763 2959 846 3019 παρε-
899 2934 962 2995 ποσὶ
999 2933 1179 3016 χειρούμενος,
1217 2932 1328 3011 μηδενὸς
1366 2932 1434 3001 ὅλως
1468 2932 1670 3009 θνθιοταμένου.

68 3020 626 3112 σκευοίζετοῶςδμαήριστρατιδινίλόσιον
640 3026 710 3086 κατὰ
723 3026 845 3087 Παιόνων
901 3024 932 3104 (ο)
946 3022 1076 3090 Διιλόσας
1090 3018 1118 3079 dl
1139 3020 1170 3081 τδ
1192 3023 1314 3081 πλεῖστον
1339 3024 1385 3093 τῆς
1408 3018 1498 3103 χώρας
1511 3022 1537 3079 έν
1555 3020 1585 3077 οὐ
1609 3022 1672 3078 πολ·
1732 3034 1734 3042 ·

67 3121 119 3179 τῶν
141 3118 213 3188 ἐντὸς
235 3119 308 3180 Σόου
329 3118 467 3195 ποταμοῦ,
490 3116 535 3183 οῦς
561 3116 608 3176 καί
632 3113 777 3190 Δαλμότας
794 3134 845 3173 κα·
900 3118 958 3178 λαῖς
972 3110 1083 3191 ἡμέραις
1095 3131 1124 3168 τε
1138 3108 1183 3169 καλ
1197 3106 1388 3190 καταδραμὼν,
1405 3109 1451 3168 καί
1463 3108 1575 3189 φρούρια
1587 3107 1673 3167 πολλὰ

67 3209 170 3285 λοῦσιν,
183 3211 208 3269 οἱ
227 3207 256 3267 il
270 3207 391 3287 νεώτεροι
406 3206 553 3285 Βόστρους,
569 3202 640 3271 θθνος
656 3200 725 3281 μίγα
748 3225 778 3261 τι
800 3202 845 3261 καὶ
899 3198 946 3258 καὶ
961 3198 1130 3276 πολίσματα,
1144 3190 1308 3277 ᾔπιρίφην,
1324 3196 1419 3273 τὰμὲν
1434 3194 1672 3275 έξίπιδρομῆςβίφ

68 3296 134 3358 πολὺ
144 3296 192 3355 καὶ
206 3296 325 3375 μεγάλην
339 3293 402 3376 ἕχον
412 3294 496 3376 ἀρχὴν
511 3290 656 3373 καλχόεραν
669 3289 709 3349 ότι
719 3289 846 3363 πλείστην
900 3296 954 3354 τοῖς
968 3286 1073 3361 ὅπλοις,
1101 3286 1133 3346 τδ
1158 3285 1185 3344 δέ
1205 3285 1252 3344 καί
1274 3286 1460 3365 προσχωρήσει
1474 3284 1552 3362 ἑλὼν,
1574 3283 1675 3362 γίνεται

68 3385 215 3464 νεμόμενόν
239 3406 269 3445 τε
292 3382 338 3443 καί
361 3382 542 3464 καρπούμενον
565 3377 666 3459 ἀγαθὴν
690 3375 847 3455 δυσχωρίαις
900 3373 967 3453 πρὸς
980 3374 1010 3435 τδ
1027 3374 1109 3446 ἄστυ,
1124 3375 1150 3433 έν
1169 3362 1191 3453 ᾧ
1207 3363 1239 3445 ἦν
1250 3370 1407 3451 καταφυγὼν
1421 3369 1544 3430 θεούτων
1556 3370 1672 3447 ἡγεμών.

68 3495 96 3531 τι
111 3474 250 3551 μεγίσταις
263 3470 494 3553 κατωχυρωμένην
507 3470 553 3529 καὶ
569 3470 641 3547 ὄρεσι
653 3464 792 3531 δυσόοίτοις
801 3462 847 3523 καὶ
901 3464 935 3539 (⁷)
950 3452 1005 3523 Ἦν
1027 3461 1078 3543 γὰρ
1102 3459 1277 3540 έρυμνότατον
1292 3465 1369 3518 τοῦτο
1389 3458 1490 3528 Ἰοίῖτζοι
1512 3458 1671 3535 καλούμενον

70 3563 227 3643 οίποκρότοις
248 3561 295 3622 καὶ
318 3562 408 3627 τόποις
433 3558 544 3640 τραχέσι
572 3556 618 3615 καλ
648 3551 845 3633 ἀποκρήμνοις,
900 3548 1071 3630 τῇέπιχύιρῳ
1084 3552 1171 3631 φωνῇ·
1186 3547 1232 3607 καὶ
1245 3546 1397 3607 κατακλείει
1411 3552 1502 3605 τοῦτον
1523 3545 1609 3619 ἐντδς,
1627 3545 1672 3603 καλ

69 3649 177 3726 προσέτι
191 3649 218 3710 δέ
233 3648 343 3731 φρούριοί
351 3671 381 3707 τε
392 3646 505 3728 ἔχουσαν
517 3643 618 3725 δρυμνδ
631 3642 677 3703 καλ
691 3641 846 3718 πολίσματα
900 3637 1042 3719 προσφέρει
1062 3638 1154 3717 λόγους
1177 3636 1231 3703 τοῖς
1255 3638 1281 3695 ir
1304 3637 1375 3716 αύτῷ
1399 3634 1459 3715 περὶ
1479 3636 1528 3711 (τε)
1551 3634 1674 3700 ἐνδόσεως

69 3737 167 3817 ἰσχυρὰ
180 3737 227 3796 καλ
241 3738 381 3797 δυσόλιοτα
400 3735 446 3794 καί
467 3732 598 3813 ἡγεμόνας
613 3733 665 3789 τῶν
684 3723 844 3803 εθδαιμόνων
902 3729 1002 3786 ἑαυτῶν
1023 3749 1052 3785 τι
1076 3725 1121 3783 καί
1142 3728 1188 3783 τοῦ
1206 3724 1309 3790 ἄστεος·
1325 3725 1360 3788 ὡς
1382 3720 1410 3779 δί
1427 3722 1474 3778 οὐκ
1501 3719 1587 3791 ἔπειθε
1607 3740 1674 3776 παν·

71 3828 116 3883 καὶ
130 3830 257 3886 δυνατῶν.
288 3828 325 3903 (ε)
339 3822 454 3904 Ἔχουσι
465 3821 492 3881 δὲ
506 3820 551 3880 καὶ
561 3818 649 3902 φιλίαν
661 3817 702 3876 ἀεὶ
714 3815 759 3875 καί
779 3814 848 3891 ξυμ·
903 3814 1015 3893 ταχόθεν
1038 3810 1254 3893 περισταυρῶσας
1267 3810 1297 3870 εδ
1311 3810 1377 3869 ἄστυ
1395 3808 1441 3867 κοιλ
1455 3807 1546 3885 κύκλῳ
1561 3809 1689 3885 morlo·-

72 3915 173 3994 μαχίαν
192 3914 258 3992 μετδι
279 3916 326 3973 τοῦ
346 3912 474 3993 βασιλέως
496 3909 616 3971 Παιόνων
630 3906 676 3965 καί
697 3903 845 3983 ὁμαιχμίαν
904 3901 958 3960 όὼν
969 3904 1007 3979 τῷ
1023 3903 1127 3979 στρατῷ
1144 3899 1190 3958 καλ
1209 3896 1331 3977 μηχανδς
1349 3895 1494 3966 ἐπιστήσας
1512 3894 1672 3972 ἐπολιόρκει,

76 4027 106 4064 τε
116 4004 163 4063 καὶ
172 4003 274 4070 πίστεις
283 4001 405 4083 ίοχυρδις,
415 3991 433 4071 ή
443 3999 506 4077 μήν,
514 3997 548 4070 ήν
558 4020 596 4064 τις
612 3993 673 4055 κατ’
683 3994 769 4053 αύτῶν
778 3991 849 4071 έπίῃ,
905 3992 1012 4049 καὶτοῦ
1039 3988 1088 4066 μὲν
1105 3985 1206 4067 τείχους
1227 3988 1253 4045 ἔν
1270 3987 1299 4045 ού
1314 3987 1424 4051 πολλαῖς
1444 3982 1556 4063 ήμίραις
1569 3980 1635 4041 πολύ
1650 4004 1675 4041 τι

71 4219 166 4273 margo.
182 4205 259 4273 Η
269 4208 293 4256 i.
307 4206 338 4253 τὰ
349 4204 486 4253 στενόπατα
496 4217 519 4251 τ.
531 4218 558 4249 π.
568 4199 609 4248 καί
621 4195 713 4263 ῥοώδη]
725 4196 755 4244 τὰ
774 4192 880 4243 στενιθτα
890 4190 983 4249 bodun
1000 4189 1057 4238 lori.
1070 4186 1116 4251 leg.
1127 4188 1158 4237 τὰ
1169 4188 1286 4237 στενωπὰ.
1304 4186 1314 4251 ΙΙ
1330 4210 1361 4223 -
1372 4186 1397 4235 ιθ
1409 4182 1486 4248 κατὰ]
1499 4182 1593 4233 addidi.
1613 4182 1675 4234 Dein

71 4280 188 4336 Μαόήτου
201 4277 286 4331 codex.
303 4279 351 4327 Pro
363 4276 496 4327 Ἔλιοῦπος
506 4272 636 4336 praeoluret
646 4269 802 4322 Ἐλαιοῦντος.
812 4266 844 4314 V.
852 4261 937 4326 slepi.
953 4261 1027 4311 Theo.
1042 4273 1062 4311 ε.
1076 4272 1101 4309 ν.
1113 4258 1176 4309 τινα
1187 4259 1200 4308 ὅ
1211 4259 1282 4321 bopo.
1295 4256 1382 4307 oodox.

103 4352 159 4401 xv.
174 4352 213 4401 bo
224 4346 378 4413 expediliono
389 4346 476 4396 oontro
498 4341 650 4406 slepbonom
663 4337 809 4389 Booniorum
826 4347 910 4398 rogem
930 4335 956 4382 οι
974 4330 1068 4381 viciuos
1084 4326 1180 4379 Bosnioe
1200 4326 1322 4391 principes
1338 4325 1484 4390 ampliorem
1509 4322 1676 4375 narrationem

73 4422 171 4485 probol
186 4417 394 4479 cholooooudylos
409 4430 434 4480 p.
449 4408 777 4464 530·511,(11.5οοθει111α.
794 4412 809 4457 1
824 4412 849 4471 p.
866 4397 967 4454 uli-222
980 4404 1006 4452 ot
1019 4414 1082 4463 quos
1098 4398 1201 4449 luudunl
1211 4400 1329 4449 llummor
1347 4396 1371 4457 b,
1382 4409 1406 4471 pf
1423 4400 1491 4447 idol
1501 4396 1627 4447 zinieison
1650 4402 1674 4454 ε,

71 4504 97 4555 p.
115 4496 161 4541 110
179 4504 233 4555 sqq,
249 4486 392 4543 Odlobulus
412 4483 508 4534 nonnisi
522 4493 619 4533 summo
642 4492 725 4530 rerum
747 4478 872 4528 momentu
892 4472 995 4524 verbose
1012 4471 1055 4523 sed
1068 4482 1155 4535 purum
1175 4470 1241 4519 reolo
1259 4465 1371 4549 tradidit.
1384 4466 1396 4531 ΙΙ
1407 4490 1444 4549 ,-
1456 4466 1472 4530 §
1485 4473 1506 4518 1.
1517 4465 1674 4547 Δαλμάταςπ.

72 4561 207 4625 δύσερως]
220 4556 316 4625 lulro§
329 4560 355 4610 11
368 4559 393 4607 οε
404 4554 447 4605 lib.
459 4561 482 4614 5,
495 4558 519 4614 ο,
540 4559 549 4602 1
563 4552 653 4616 legitur
662 4552 704 4609 τήν
714 4550 847 4610 Δαλματῶν
860 4547 901 4595 καὶ
920 4544 1043 4607 Βόστρων,
1054 4540 1122 4604 quod
1132 4553 1164 4591 οιι
1175 4538 1254 4589 bostri
1271 4537 1319 4589 loci
1328 4537 1422 4587 rationo
1432 4550 1488 4587 osso
1499 4534 1600 4586 doborot
1619 4536 1678 4583 Δαι-

73 4639 157 4695 ματῶν
165 4630 242 4697 [τῶν]
252 4633 291 4679 καὶ
302 4629 420 4693 bimur.
432 4622 643 4685 cbaloooondylos
658 4618 761 4670 Boooioo
778 4616 919 4681 lllyriorum
930 4614 1027 4666 nomine
1041 4607 1235 4675 comprehendit.
1248 4608 1368 4661 critobuli
1381 4607 1461 4658 oodox
1474 4606 1566 4669 ubique
1578 4602 1674 4667 praebel

72 4706 192 4769 Βόστρους
208 4716 255 4767 pro
270 4700 384 4759 Βοσνίως
395 4697 435 4747 vel
452 4697 562 4751 Βόσνους.
577 4692 589 4758 ΙΙ
599 4718 632 4730 -
644 4691 659 4757 §
671 4697 694 4740 2.
708 4690 826 4744 Βασιλέως
842 4684 963 4750 Παιόνων]
972 4682 1072 4749 Mollibo
1082 4680 1188 4733 corvini.
1203 4680 1214 4743 11
1225 4706 1257 4717 -
1265 4679 1292 4763 ἢ,
1300 4678 1360 4799 μηνί]
1377 4676 1434 4728 odd.
1445 4690 1538 4739 margo.
1551 4665 1563 4739 ΙΙ
1577 4700 1607 4712 -
1619 4670 1634 4737 §
1652 4678 1675 4722 i.

73 4776 186 4839 στρατιὰν
197 4771 322 4835 πλείστην)
337 4771 361 4827 ἐς
372 4765 540 4821 πεντεκαίδεκα
553 4763 665 4827 μυριάδας
674 4762 781 4818 ἱππέων,
795 4756 880 4809 obulo.
890 4770 914 4821 p.
931 4760 986 4816 ⁵³5,
1005 4758 1043 4805 ul.
1060 4753 1071 4818 ή
1085 4752 1140 4815 -§
1155 4758 1178 4802 5.
1199 4750 1345 4815 Expedrlron
1356 4762 1368 4799 s
1380 4748 1466 4799 rulloe
1479 4744 1676 4827 ὒθαίοοοοπάχίε

73 4848 180 4911 ollisque
192 4844 334 4897 hauriendo.
343 4842 508 4895 lioobomoloo
519 4836 638 4901 osoopiu
650 4833 660 4899 (
670 4828 771 4892 urbib)
780 4827 906 4893 proiectus
918 4838 963 4890 μετ
972 4824 1142 4875 Wuoiiurnam
1155 4820 1229 4885 (bod.
1245 4818 1381 4871 Wucbllro
1396 4818 1461 4899 lnior
1473 4814 1558 4867 Uolub
1569 4816 1596 4869 αθ
1604 4814 1675 4863 Ρνιε-

74 4919 155 4970 ibina
172 4918 257 4985 ορμ),
270 4916 340 4969 venit
355 4912 504 4965 oduarium
515 4908 625 4963 serviam
640 4920 656 4956 ο
669 4902 759 4956 liosniu
778 4898 1007 4955 disterminantem,
1026 4908 1100 4959 quom
1121 4890 1207 4943 chalo.
1226 4905 1250 4955 p.
1264 4894 1320 4951 531,
1336 4894 1363 4940 15
1376 4888 1506 4945 Δοοοθινην
1523 4886 1565 4950 (p.
1578 4889 1635 4943 531,
1649 4889 1677 4933 11

73 4990 222 5055 Δοροοίκην)
242 4988 333 5048 rocon
346 4984 404 5035 bino
414 4974 520 5048 porrexil
537 4974 570 5029 od
583 4976 695 5041 Illyrium
710 4972 816 5024 lluriuru
833 4982 913 5034 αοηιιο
925 4968 1030 5031 ιειήοαοο
1041 4964 1173 5022 bobolino
1193 4961 1280 5012 urbem
1292 4961 1301 5025 (
1308 4958 1367 5009 bol.
1379 4953 1629 5009 noilleio-oiebai
1647 4956 1680 5006 od

74 5062 199 5121 Krluujo
210 5060 254 5120 11.)
272 5054 399 5107 obsidione
411 5052 502 5114 cinxit,
522 5060 601 5113 obque
620 5046 677 5113 (dii
693 5050 722 5095 10
736 5056 771 5094 m.
789 5041 848 5092 lluli
872 5036 1057 5103 1153)ρο111οε
1076 5038 1114 5085 osi
1141 5027 1310 5099 [ceterumln
1330 5027 1413 5081 obuio.
1432 5028 1565 5079 duriorum
1574 5029 1679 5078 istorum

74 5130 177 5181 nomino
187 5119 302 5181 οοιιίιιοθί
319 5125 438 5191 suspicor.
453 5122 581 5179 Δοθοθίκης
596 5119 621 5170 θ.
636 5130 694 5168 oum
703 5112 823 5175 Δοόοθίιιη
837 5110 900 5161 urbe
906 5108 1059 5174 jungendus,
1072 5108 1098 5157 ot
1115 5104 1244 5161 Βοοοθὶιιης
1255 5104 1280 5152 οε
1290 5100 1407 5159 Βαθοθίνη
1417 5098 1574 5150 scribendum
1591 5098 1680 5156 luerit,

74 5193 140 5254 οιΙοο
158 5206 186 5254 ul
202 5202 229 5252 iu
247 5199 340 5258 Servio
355 5200 381 5249 ol
395 5195 490 5247 iiosuloe
502 5191 613 5245 confluis
622 5190 656 5241 sit
665 5186 763 5253 Illyrius
774 5182 879 5245 iuvius,
897 5183 969 5245 ouJ’uo
985 5177 1091 5230 nominis
1104 5172 1253 5227 hauddubie
1268 5169 1377 5235 oorrupli
1391 5170 1523 5235 vestigium
1537 5170 1678 5234 superootiu

1566 5268 1600 5309 ιο.
