3809 5859
865 325 1106 389 aneensem.

949 488 966 563 s
987 490 1017 548 s.

184 616 368 699 [Porsennam
381 618 494 672 Extrar't
504 619 543 673 du
559 618 699 672 Trattede
711 616 890 674 substinence
900 621 937 674 de
951 623 980 675 la
989 621 1073 675 cheir
1084 623 1133 676 des
1143 627 1293 690 animane,
1313 623 1373 702 περί
1384 625 1488 703 άποχῆς
1502 625 1640 708 ἐμψύχων.
1657 634 1720 688 Liv.
1736 631 1786 695 lv,

875 738 1089 820 §sr7et18.]

222 1059 281 1133 Str.
293 1054 383 1114 Ἰνδῶν
394 1053 445 1133 γδιρ
459 1056 507 1124 τῆς
520 1050 654 1120 πολιτείας
665 1054 700 1121 είς
713 1054 799 1113 πολλδ
810 1055 955 1133 νενεμημέ-

181 1229 394 1312 Γυμνοσοριστδς
405 1231 495 1289 καλεῖν
514 1230 635 1288 εἰώθασιν
648 1227 787 1301 Ἕλληνες.
804 1230 912 1291 Τούτων
927 1231 955 1290 δέ

181 1320 226 1380 δύο
250 1319 376 1399 αἱρέσεις·
392 1309 429 1376 ὧν
448 1323 495 1391 τῆς
516 1315 562 1394 μὲν
585 1321 744 1397 Βραχμᾶνες
765 1315 954 1399 προΐστανται,

180 1413 227 1481 τῆς
242 1408 270 1468 δὲ
286 1409 446 1484 Σαμαναῖοι.
491 1406 561 1466 Ἀλλ’
576 1408 601 1465 οἱ
616 1405 664 1484 μὲν
684 1409 843 1487 Βραχμᾶνες
860 1409 890 1466 ἐκ
904 1407 957 1486 γε’-

180 1521 239 1564 νους
253 1495 421 1574 διαδέχονται
435 1493 525 1574 ὥσπερ
545 1493 678 1574 ἱερατείαν
695 1493 742 1566 τὴν
758 1495 880 1567 τοιαύτην
897 1501 955 1555 θεο-

182 1585 292 1669 σορίαν,
308 1588 461 1660 Σαμαναὶοι
476 1583 503 1642 el
520 1583 629 1661 λογάδες
643 1582 709 1642 εἰσὶν
721 1587 773 1642 κάκ
783 1587 836 1642 τῶν
853 1587 956 1662 βουλη-

181 1675 275 1734 θέντων
290 1673 420 1753 θεοσορεῖν
435 1670 677 1750 συμπληρούμενα.
718 1669 800 1750 Ἔχει
813 1670 839 1730 δέ
852 1671 885 1729 τὰ
897 1676 956 1731 κατ’

182 1762 274 1829 αιίτοθς
289 1766 380 1820 τοῦτον
395 1759 438 1818 τὸν
453 1759 566 1839 τρόπον,
579 1762 613 1826 ὡς
628 1759 801 1836 Βαρδησάνης
817 1758 883 1839 ἀνὴρ
897 1762 956 1820 Βα-

181 1850 304 1917 βυλώνιος
317 1850 422 1908 ἐπὶτῶν
435 1847 556 1928 πατέρων
573 1851 646 1924 ἡμῶν
660 1845 771 1927 γεγονώς
784 1848 829 1906 καῖ
841 1848 955 1927 ἐντυχὼν

179 1941 233 2007 τοῖς
247 1939 306 2018 περὶ
324 1937 459 2013 Δάνδαμιν
472 1940 513 2013 (1)
527 1935 706 2013 πεπεμμένοις
721 1935 813 2002 Ἰνδοῖς
835 1936 900 2016 πρδς
911 1937 955 1996 τὸν

181 2027 306 2105 Καίσαρα
320 2027 475 2106 ἀνέγραψεν.
489 2025 591 2089 Πάντες
603 2023 654 2103 γδιρ
669 2026 826 2104 Βραχμᾶνες
838 2023 893 2092 ἑνός
905 2027 956 2083 εἰσι

180 2116 278 2193 γένους·
294 2112 320 2182 ἐξ
340 2113 395 2180 ἑνδς
417 2111 469 2192 γάρ
483 2113 584 2192 πατρὸς
608 2111 654 2170 καλ
670 2122 731 2188 μιᾶς
745 2110 845 2190 μητρθς
861 2111 956 2180 πάντες

180 2203 341 2281 κατάγουσι·
366 2203 516 2276 Σαμαναῖοι
531 2199 558 2258 δὲ
574 2203 622 2259 οθκ
636 2199 687 2259 εἰσὶ
704 2205 749 2257 τοῦ
764 2201 843 2259 αὐτοῦ
856 2200 889 2279 (υ)
913 2200 956 2276 γέ-

179 2315 247 2369 νους,
260 2289 318 2350 ἀλλ’
333 2292 362 2348 ἐκ
372 2289 468 2356 παντὸς
480 2293 525 2348 τοῦ
533 2292 584 2347 τῶν
593 2287 682 2350 Ἰνδῶν
689 2286 787 2361 ἔθνους,
798 2291 832 2354 ὡς
842 2288 956 2368 έραμεν,

181 2378 391 2455 συνειλεγμένοι·
414 2376 474 2437 οὗτε
495 2375 523 2435 δέ
548 2374 718 2455 βασιλεύεται
743 2375 875 2455 Βραχμδιν
896 2379 956 2435 οὔτε

181 2469 298 2528 συντελεῖ
312 2492 338 2525 τι
351 2471 405 2532 τοῖς
419 2467 516 2532 ἄλλοις.
559 2464 668 2524 Τούτων
684 2463 712 2522 δὲ
726 2466 751 2522 οἳ
769 2463 920 2544 φιλόσοφοι,
931 2467 956 2523 ol

150 2553 154 2558 ¹
182 2555 228 2634 μέν
248 2558 275 2616 ἓν
295 2555 350 2637 ὄρει
369 2557 501 2628 οἰκοῦσιν,
518 2557 542 2613 ol
562 2551 588 2612 δὲ
614 2552 676 2632 περὶ
695 2553 802 2630 Γάγγην
820 2552 954 2630 ποταμόν.

184 2649 326 2706 Σιτοῖνται
342 2645 369 2702 δὲ
384 2647 407 2702 οἱ
430 2642 476 2719 μὲν
491 2641 570 2722 ὄρειοι
586 2642 634 2713 τήν
653 2663 681 2699 τε
700 2642 806 2718 ὀπώραν
825 2640 870 2699 καὶ
886 2642 955 2715 γάλα

183 2733 265 2812 βόειον
282 2731 403 2812 βοτάναις
416 2729 519 2809 παγὲν,
534 2733 557 2788 ol
571 2728 597 2788 δὲ
613 2729 674 2807 περὶ
687 2727 731 2786 τὸν
746 2729 854 2806 Γάγγην
870 2732 899 2788 ἐκ
909 2734 956 2801 τῆς

181 2819 332 2899 ὀπώρας,ἢ
352 2819 438 2889 πολλλΙ
454 2817 516 2898 περὶ
529 2817 574 2877 τδν
589 2817 708 2895 ποταμὸν
723 2825 855 2894 γεννᾶται.
899 2817 955 2878 Φέ-

182 2933 220 2989 ρει
234 2910 261 2968 δὲ
273 2914 290 2981 ἡ
302 2914 336 2986 γῆ
349 2906 442 2986 σχεδὸν
453 2906 555 2986 καρπθν
567 2906 608 2964 iel
621 2905 678 2964 νέον
690 2904 736 2963 καὶ
751 2904 839 2980 μέντοι
854 2906 897 2963 καὶ
906 2905 955 2977 τὴν

180 2999 273 3079 ὄρυζαν
288 2996 389 3067 πολλήν
401 3018 429 3052 τε
444 2994 490 3054 καί
503 2994 671 3070 αὐτόματον,
686 2983 705 3072 ᾗ
719 2995 836 3072 χρῶνται
847 2990 909 3051 όταν
925 2993 955 3053 τδ

180 3091 227 3160 τῆς
239 3085 344 3161 ὀπώρας
357 3083 492 3160 ἐπιλείπῃ.
534 3081 575 3142 Τὸ
589 3081 611 3139 δ’
627 3081 707 3140 άλλου
722 3079 791 3146 τινὸς
807 3079 923 3161 ἅψασθαι
937 3083 955 3153 ἢ

78 3229 80 3234 .
179 3175 246 3241 ὅλοις
259 3174 339 3251 θιγεῖν
351 3170 473 3250 ἐμψύχου
487 3175 584 3251 τροφῆς
597 3169 652 3228 ίσον
667 3167 713 3226 καλ
726 3173 759 3248 τῇ
772 3171 872 3249 ἔσχάτῃ
885 3172 956 3228 ἀκα·

179 3262 275 3346 θαρσίορ
285 3284 314 3319 τε
328 3259 374 3320 καλ
386 3259 496 3340 ἀσεθείᾳ
510 3257 669 3336 νενόμισται.
712 3257 766 3317 Καὶ
780 3263 855 3316 τοῦτο
869 3259 962 3326 αὐτοῖςΙ

178 3351 209 3411 ’.δ
223 3350 324 3429 δόγμα·
336 3346 508 3428 θρησκεύουσί
521 3369 549 3405 τε
561 3346 592 3404 τθ
604 3352 671 3404 θεῖον
686 3344 732 3405 καί
747 3345 883 3404 εθσιθοῦσι
895 3345 955 3426 περὶ

180 3439 262 3510 αύτθ,
285 3440 460 3515 καθορῶνται.
502 3435 556 3495 Τὸν
577 3433 662 3494 τοίνυν
681 3431 775 3514 χρόνον
795 3437 841 3504 τῆς
854 3433 954 3512 ἡμέρας

178 3529 225 3588 καλ
239 3532 286 3600 τῆς
300 3528 391 3592 νυκτὸς
403 3525 447 3584 τθν
457 3526 580 3584 πλεῖστον
594 3525 630 3589 είς
640 3521 735 3598 ὕμνους
748 3524 800 3580 τῶν
809 3525 874 3580 θεῶν
889 3523 954 3581 άπά-

178 3640 271 3693 νειμαν
295 3615 340 3674 καὶ
368 3612 461 3693 εὐχάς,
478 3611 590 3672 ἑκάστου
614 3609 682 3670 ἰδίαν
708 3609 826 3682 καλύόην
851 3610 955 3688 ἔχοντος

178 3705 223 3764 καλ
236 3708 271 3771 ὡς
285 3702 322 3762 ένι
338 3703 455 3780 μάλιστα
466 3701 617 3769 ἰδιάζοντος.
662 3701 743 3776 Κοινῇ
757 3696 808 3777 γδιρ
821 3700 954 3786 Βραχμᾷ·

178 3815 219 3859 νες
243 3792 330 3869 μένειν
354 3794 402 3852 οθκ
423 3790 562 3869 ἀνέχονται
584 3785 642 3846 οὐδὲ
665 3785 752 3846 πολλδι
774 3785 952 3864 διαλέγεσθαι·

180 3880 238 3939 ἀλλ’
258 3879 320 3938 όταν
334 3885 410 3938 τοῦτο
425 3878 531 3958 συμόῇ,
552 3874 775 3955 ἀναχωρήσαντες
794 3874 839 3937 ἐπὶ
854 3874 955 3941 πολλδς

178 3967 280 4050 ἡμέρας
293 3970 322 4028 οὐ
337 3968 510 4048 φθέγγονται,
527 3965 655 4030 πολλάκις
670 3963 698 4022 δέ
723 3963 767 4022 καὶ
786 3961 951 4034 νηστεύουσι.

180 4060 332 4134 Σαμαναῖυι
347 4054 373 4114 δέ
389 4056 439 4116 εἰσὶ
455 4054 517 4132 μὲν,
530 4057 564 4120 ώς
580 4053 697 4132 ἔγαμεν,
711 4051 830 4128 λογάδες.
866 4047 954 4109 Ὅταν

180 4145 206 4204 δέ
230 4146 314 4224 μελλῃ
339 4147 374 4211 είς
396 4143 426 4202 τθ
450 4143 542 4219 τάγμα
561 4163 599 4205 τις
621 4137 814 4218 ἐγγράφεσθαι,
834 4137 954 4215 πρόσεισι

178 4237 232 4301 τοῖς
252 4232 366 4313 άρχουσι
380 4238 426 4304 τῆς
445 4231 563 4306 πόλεως,
578 4225 645 4285 ὅπου
667 4227 689 4284 δ’
711 4224 742 4284 διν
757 4225 825 4304 τύχῃ
841 4228 888 4295 τῆς
904 4225 954 4282 πά-

179 4325 244 4389 λεως
262 4321 279 4393 ἢ
294 4326 340 4392 τῆς
358 4320 470 4397 κώμης,
493 4317 538 4377 καλ
562 4320 614 4374 τῶν
636 4315 779 4390 κτημάτων
802 4313 954 4380 ἐξίστασται

180 4410 245 4492 (καὶ)
260 4409 348 4481 πάσης
361 4413 407 4479 τῆς
427 4408 511 4478 άλλης
524 4405 628 4476 οθσίας,
640 4400 783 4483 ξυράμενος
799 4398 826 4459 δὲ
839 4405 884 4459 τοῦ
899 4399 954 4459 σώ-

179 4521 261 4576 ματος
282 4498 315 4556 τδι
338 4496 449 4576 περιττδ
462 4494 596 4571 λαμόάνει
612 4491 707 4563 στολὴν
729 4489 819 4548 ἄπεισί
836 4513 864 4547 τε
888 4489 954 4568 πρὸς

179 4586 365 4664 Σαμαναίους,
383 4583 441 4643 ούτε
461 4584 525 4663 πρὸς
540 4589 652 4661 γυναῖκα
668 4578 727 4637 οὔτε
739 4577 803 4658 πρδς
817 4577 912 4650 τέκνα,
930 4581 953 4637 εί

178 4677 254 4755 τύχοι
269 4673 441 4752 κεκτημένος,
456 4670 615 4752 έπιστρορλν
629 4667 647 4740 ἤ
660 4692 718 4726 τινα
730 4666 806 4744 λόγον
817 4664 856 4725 ἔτι
867 4665 953 4725 ποιού·

179 4787 256 4842 μενος
280 4763 298 4835 ἢ
318 4763 382 4843 πρδς
403 4761 479 4820 αθτδν
496 4761 562 4824 δλως
584 4757 708 4834 νομίζων.
752 4754 808 4816 Καὶ
831 4756 882 4812 τῶν
904 4753 951 4829 μὲν

178 4852 275 4911 τέκνων
288 4855 301 4910 δ
315 4849 436 4930 βασιλεὺς
450 4848 576 4921 κήδεται,
589 4845 658 4913 ὅπως
668 4846 750 4924 ἔχωσι
763 4843 797 4902 τά
810 4845 952 4920 άναγκαῖα,

178 4945 224 5012 τῆς
239 4940 266 5000 δέ
283 4941 404 5018 γυναικὸς
420 4941 444 4997 οἱ
462 4940 564 4995 οἰκεῖοι.
608 4934 644 4994 ‘0
667 4933 695 4992 al
712 4933 767 5012 βίος
782 4931 835 4998 τοῖς
857 4933 953 5004 Σαμα-

179 5029 260 5097 ναίοις
284 5029 340 5088 ἐστὶ
359 5031 486 5093 τοιοῦτος·
529 5023 578 5093 ἔξω
599 5029 645 5094 τῆς
663 5021 764 5089 πόλεως
791 5017 952 5102 διατρίβουσι

1044 1062 1059 1126 §
1075 1068 1110 1113 ll.
1127 1066 1189 1114 Nam
1202 1077 1260 1116 cum
1275 1066 1394 1117 Indomm
1406 1068 1545 1132 respublica
1559 1071 1587 1120 in
1599 1073 1691 1123 mirltas
1704 1076 1791 1137 partes

1011 1149 1144 1200 distributa
1168 1151 1216 1213 sit,
1240 1166 1318 1216 genus
1340 1154 1467 1217 quoddam
1486 1157 1624 1222 sapientum
1639 1160 1705 1223 apud
1720 1161 1790 1224 ipsos

1011 1241 1065 1300 est,
1079 1253 1142 1301 quos
1161 1241 1241 1290 Graeci
1256 1243 1474 1308 Gyrunosophistas
1486 1260 1575 1298 vocare
1591 1254 1784 1301 consueverunt.

1011 1328 1107 1377 llorum
1120 1327 1177 1378 dum
1190 1329 1310 1380 lectiones
1324 1334 1382 1382 sunt
1390 1370 1397 1394 ,
1406 1334 1588 1386 Brachmanurn
1599 1336 1693 1398 altera,
1705 1339 1786 1389 altera

1011 1417 1200 1466 Samanaeornm.
1233 1419 1396 1470 Brachmanes
1414 1434 1459 1484 per
1472 1423 1567 1485 generis
1587 1426 1786 1489 successionem,

1010 1516 1059 1552 non
1072 1517 1143 1554 secus
1155 1518 1184 1554 ac
1196 1505 1359 1558 sacerdotium
1371 1508 1511 1573 hujusmodi
1523 1511 1632 1562 divinam
1642 1514 1788 1578 sapientiam

1012 1589 1155 1642 admittunt.
1188 1595 1308 1644 Semanaei
1323 1595 1407 1647 selecti
1421 1597 1523 1661 quidam
1543 1603 1615 1660 sunt,
1639 1604 1665 1650 et
1685 1615 1716 1652 ex
1730 1603 1787 1665 qui·

1010 1676 1117 1729 ιιωιωι
1131 1679 1176 1742 qur
1187 1679 1278 1732 unns
1289 1683 1413 1746 sapenos
1423 1699 1450 1736 ω
1466 1686 1563 1738 nanee
1578 1674 1787 1750 volternensis·

1010 1765 1085 1814 stant.
1117 1767 1209 1817 Forum
1222 1768 1273 1818 rita
1282 1768 1389 1820 adhunc
1401 1772 1565 1834 modumest‚
1576 1775 1788 1836 quemadmodum

1009 1855 1159 1907 Bardesaues
1172 1857 1321 1921 Babylonius
1340 1863 1466 1912 memorie
1486 1863 1579 1927 prodit,
1600 1865 1644 1927 qoi
1662 1869 1787 1930 majorum

1009 1949 1150 1998 nostrorum
1170 1953 1318 2014 tempestate
1334 1953 1442 2014 exstitit,
1467 1967 1524 2004 cum
1541 1955 1639 2018 illisque
1657 1957 1726 2008 Indis
1743 1962 1788 2009 est

1010 2043 1139 2100 versatus,
1152 2041 1263 2104 quicum
1275 2044 1396 2094 Dandami
1411 2045 1481 2096 missi
1496 2047 1527 2098 ad
1543 2047 1668 2098 caesarem
1678 2049 1786 2098 luerunt.

1009 2133 1174 2184 Brachmanes
1194 2135 1360 2185 enimomnes
1373 2135 1447 2187 unius
1466 2141 1527 2188 sunt
1538 2140 1647 2202 generis,
1663 2153 1695 2190 ex
1711 2141 1787 2190 unius

1009 2227 1086 2289 patris
1097 2213 1219 2290 uniusque
1232 2229 1319 2278 matris
1332 2230 1425 2294 origine
1436 2243 1522 2282 omnes
1535 2231 1652 2295 deductl3
1663 2234 1788 2284 Sammaer

1010 2331 1070 2366 vero
1084 2332 1133 2368 non
1146 2318 1195 2379 ita,
1207 2320 1252 2369 sed
1263 2334 1295 2369 ex
1306 2321 1373 2370 omni
1384 2315 1502 2372 Indoru'rn
1515 2326 1602 2386 gente,
1620 2327 1649 2374 ut
1657 2325 1708 2388 jam
1719 2325 1787 2374 dixi·

1009 2410 1199 2473 mus,collecti.
1232 2415 1315 2476 Neque
1324 2413 1399 2478 igitur
1410 2414 1458 2464 suh
1468 2429 1544 2479 regno
1554 2416 1647 2480 degunt
1655 2418 1789 2468 Brachma—

1009 2518 1067 2565 nes,
1080 2519 1162 2569 neque
1176 2505 1276 2570 reliquis
1289 2506 1387 2557 civibus
1399 2507 1590 2559 adnumerantur
1605 2510 1668 2560 :sed
1681 2525 1713 2560 ex
1725 2507 1788 2574 ipsis

1009 2597 1083 2660 iiqui
1094 2598 1232 2661 philosophi
1250 2603 1319 2660 sunt,
1332 2601 1375 2650 alii
1390 2601 1415 2650 iu
1429 2605 1527 2664 monte,
1544 2603 1587 2656 alii
1597 2603 1663 2668 apud
1677 2607 1787 2668 Gangem

1009 2693 1113 2746 durium
1124 2681 1252 2746 'habitent
1284 2699 1320 2745 hc
1338 2697 1449 2746 montani
1461 2697 1562 2760 quidem
1582 2698 1661 2772 pomis
1679 2701 1703 2748 et
1719 2699 1787 2750 lacte

1010 2783 1104 2835 bubulo
1121 2786 1206 2836 herbis
1217 2788 1496 2862 coagulato-vescuntur
1510 2807 1516 2838 :
1532 2789 1643 2840 tluviales
1656 2804 1687 2840 ex
1705 2791 1784 2853 pomis

1009 2854 1084 2929 etiam
1099 2879 1148 2943 ipsi
1161 2880 1256 2931 rictum
1266 2857 1425 2944 comparant,
1439 2895 1496 2945 quae
1507 2883 1586 2933 mulla
1601 2883 1667 2948 apud
1680 2883 1786 2935 durium

1010 2976 1152 3024 sumuntur.
1185 2975 1261 3024 Terra
1280 2975 1344 3024 enirn
1367 2975 1418 3025 lere
1438 2989 1535 3039 semper
1557 2981 1667 3027 recentes
1687 2978 1785 3028 [metus

1009 3065 1123 3130 producit
1140 3088 1147 3116 ι
1163 3067 1223 3129 quin
1243 3066 1319 3118 etiam
1337 3080 1418 3130 oryzae
1439 3067 1534 3132 copiam
1550 3070 1636 3131 sponte
1654 3073 1783 3132 procreat,

1012 3173 1078 3222 qua,
1093 3160 1115 3210 si
1127 3158 1226 3224 quaudo
1236 3172 1310 3223 poma
1322 3159 1470 3220 defecerint,
1482 3161 1520 3211 uli
1528 3173 1626 3225 quoqne
1638 3163 1664 3210 in
1675 3161 1730 3212 cibo
1743 3176 1784 3212 so·

1009 3254 1068 3304 lent.
1101 3252 1175 3303 Aliud
1183 3266 1242 3302 rero
1254 3253 1379 3316 quidpiam
1388 3253 1533 3317 degustare,
1546 3258 1590 3304 aut
1598 3255 1742 3306 alimentum
1753 3270 1785 3306 ex

1008 3343 1123 3395 animetis
1132 3346 1172 3394 rel
1183 3344 1282 3393 omnino
1293 3347 1391 3407 tangere
1402 3344 1567 3396 immundhtae
1579 3349 1697 3397 extremae
1711 3351 1786 3412 atquc

1008 3438 1129 3502 impietati
1140 3450 1189 3486 nou
1197 3435 1316 3486 dissimile
1325 3436 1392 3500 apud
1402 3437 1469 3500 ipsos
1479 3438 1592 3488 hahetur.
1626 3440 1726 3490 cultum
1737 3441 1786 3492 deo

1008 3536 1120 3600 religiose
1131 3549 1160 3585 ac
1172 3534 1212 3598 pie
1227 3534 1350 3584 exhibent.
1383 3536 1501 3597 Maiorem
1517 3536 1583 3587 enirn
1597 3535 1647 3587 diei
1673 3551 1704 3587 ac
1713 3538 1781 3589 nocti

1007 3634 1102 3695 partem
1120 3628 1218 3692 hymnis
1239 3629 1265 3677 in
1283 3627 1343 3677 deos
1360 3639 1390 3676 ac
1409 3627 1523 3690 precihus
1535 3628 1658 3679 dicarunt.
1689 3631 1783 3694 Singuli

1007 3731 1089 3778 tamen
1111 3729 1137 3776 in
1158 3725 1265 3790 propriis
1284 3723 1392 3787 tuguriis
1413 3725 1529 3784 manent,
1547 3727 1572 3774 el
1589 3739 1663 3787 συοιιι
1678 3727 1786 3776 maxime

1008 3821 1062 3871 heri
1076 3822 1158 3885 potest
1181 3817 1227 3868 soli
1239 3817 1375 3865 morantur.
1409 3813 1487 3864 Simul
1497 3815 1562 3864 enim
1582 3817 1676 3866 versari
1690 3817 1786 3867 Brach-

1006 3922 1092 3960 manes
1112 3920 1142 3956 ac
1165 3905 1273 3955 multum
1292 3903 1399 3965 colloqui
1423 3916 1471 3951 non
1495 3903 1629 3954 admodum
1647 3905 1785 3968 patiuntur.

1006 4003 1054 4053 Sed
1074 4015 1131 4051 cum
1150 3999 1176 4049 id
1189 3999 1253 4049 torte
1268 3996 1411 4062 contigerit,
1426 3996 1563 4047 recessione
1576 3998 1632 4047 inde
1655 4001 1737 4060 lacta,
1760 3999 1786 4048 iu

1006 4091 1098 4141 multos
1119 4087 1172 4139 dies
1192 4091 1278 4152 postea
1299 4099 1347 4135 non
1363 4086 1504 4148 loquuntur.
1537 4087 1606 4148 Saepe
1626 4087 1701 4136 etiam
1716 4089 1784 4150 jeju·

1008 4181 1076 4230 nant.
1109 4175 1229 4227 Samanaei
1244 4187 1303 4224 tero
1317 4173 1399 4232 electi,
1414 4174 1442 4222 ut
1453 4172 1570 4236 diximus,
1585 4176 1651 4224 sunt.
1679 4177 1784 4238 inquo·

1006 4292 1062 4329 rum
1076 4275 1204 4339 collegium
1222 4288 1281 4324 cum
1292 4273 1413 4337 quispiam
1425 4272 1465 4321 est
1479 4265 1650 4326 asciscendus,
1666 4263 1698 4312 ad
1712 4263 1784 4325 prin·

1007 4372 1073 4436 cipes
1085 4368 1192 4419 civitatis
1204 4371 1248 4418 eut
1260 4367 1308 4416 rici
1321 4367 1488 4430 cujuscunque
1502 4362 1576 4413 tuerit
1585 4357 1694 4418 accedit,
1707 4358 1786 4418 atque

1005 4463 1042 4514 ihi
1054 4461 1126 4511 honis
1141 4459 1194 4509 suis
1206 4458 1413 4521 facultatibusque
1427 4454 1541 4506 omnihus
1555 4449 1691 4515 repudiatis
1700 4462 1731 4497 ae
1744 4461 1787 4497 su-

1006 4568 1130 4622 pervacua
1150 4553 1216 4603 omni
1234 4551 1343 4615 eorporis
1364 4553 1434 4615 parte
1450 4548 1554 4598 detonsa
1572 4545 1661 4595 stolam
1676 4539 1784 4603 accipit,

1006 4648 1081 4709 atque
1096 4643 1132 4693 ita
1150 4641 1217 4690 nulla
1232 4653 1310 4703 neque
1323 4638 1410 4688 uxoris
1428 4649 1509 4700 nequo
1528 4634 1663 4684 liberorum
1677 4629 1699 4678 si
1717 4627 1786 4676 torte

1007 4738 1090 4789 adsint
1104 4734 1198 4786 mtione
1216 4733 1314 4794 habita,
1328 4732 1398 4795 quasi
1412 4731 1444 4780 ad
1457 4743 1484 4779 se
1496 4723 1667 4778 nihilomnino
1677 4719 1787 4783 aml‘fl't‘

1006 4832 1156 4897 pertineant,
1170 4830 1201 4881 ad
1218 4832 1357 4878 samanaeos
1370 4822 1473 4873 recedit.
1505 4819 1566 4883 Regi
1576 4817 1710 4868 liberorum
1718 4811 1785 4862 edu·

1006 4925 1155 4984 eandorem,
1172 4920 1281 4986 cognatis
1292 4918 1377 4969 uxoris
1395 4929 1454 4966 cura
1476 4909 1631 4975 relinquitur.
1664 4906 1723 4955 Vita
1738 4907 1787 4972 Sa-

1007 5030 1158 5070 manaeomm
1173 5012 1314 5079 hujusmodi
1325 5012 1382 5061 est:
1414 5009 1484 5060 extra
1496 5006 1585 5056 urbem
1599 4999 1789 5052 commorantur

212 5245 244 5307 (ll
261 5244 384 5310 Δαμάδμιν
403 5256 430 5294 se
449 5241 478 5294 lit
498 5239 560 5329 dans
572 5237 690 5303 quelques
697 5249 758 5287 msc.
769 5264 801 5277 -
811 5234 846 5298 (a)
859 5232 937 5296 γένους
950 5231 1034 5280 αὐτῶν.
