3809 5859
716 286 768 352 ne
789 289 933 351 course.
945 289 1167 351 mmsmusr.
1711 298 1745 363 ἰ,

139 444 265 485 necnon
281 423 375 483 nostri
390 420 534 491 Parisini,
556 422 608 499 qui
627 421 743 481 medius
761 434 805 481 est
824 422 901 481 inter
914 423 989 481 alios
1003 422 1095 495 duos,
1108 440 1215 498 quose
1235 422 1421 483 collectaneis
1440 425 1692 489 Constantinianis
1713 448 1743 493 et

138 520 324 581 bibliothecae
337 518 666 597 Constantinopolitanae
678 518 830 578 codicibus
847 519 993 598 proiectos
1006 538 1066 577 esse
1080 518 1330 578 verisimillimum
1345 534 1400 581 est.

178 619 211 677 ln
228 619 299 677 lolio
315 618 363 690 81,
377 616 461 676 nullo
477 617 628 696 praemisso
649 618 734 675 titulo
743 661 752 690 ,
768 606 885 677 initium
904 619 973 677 vitae
995 615 1146 695 Apollonii
1162 614 1326 693 Tyanensis
1342 630 1436 675 exstat
1449 618 1518 678 inde
1535 621 1667 683 averhis
1683 628 1740 686 :Oi

137 716 181 776 τὸν
198 714 300 792 Σάμιον
314 712 472 793 Πυθαγόραν
484 716 649 782 ἐπαινοῦντες
669 715 811 791 usquead
828 715 917 773 verba
933 736 940 772 :
956 712 1106 790 ἀποδημίας
1119 713 1143 769 τ’
1158 713 1236 800 ndacii
1255 712 1448 794 ἀναγέγραφεν,
1459 707 1496 774 liv
1517 724 1675 792 κοινωνῆσαι
1695 723 1741 781 καὶ

138 810 215 878 οὗτός
228 812 293 891 ρηοι
306 813 345 888 (ρ.
361 831 388 883 1,
405 816 471 869 r'-
483 831 514 889 p.
528 832 558 885 a,
569 813 606 869 35
619 812 665 871 ed.
680 811 774 889 trid).
790 812 856 871 llaec
870 813 962 888 igitur
972 811 1100 889 primurn
1110 812 1155 867 τοῦ
1167 809 1315 888 ἀρχετύπου
1326 811 1430 869 folium
1444 813 1614 889 implebant.
1629 818 1741 877 Deinde

137 911 207 971 iatet
220 920 359 989 quattuor
376 908 512 967 loliorum
522 909 630 967 lacuna
645 908 683 988 (p.
697 930 724 979 a,
740 910 777 966 35
790 942 827 953 -
839 928 870 985 p.
884 908 912 979 8,
927 909 986 982 aa).
1002 905 1188 983 Adscriptum
1204 906 1247 964 ihi
1262 907 1388 982 legitur:
1409 905 1489 979 Zrlru
1503 908 1533 968 τὸ
1550 913 1639 971 λεῖπον
1655 915 1697 991 (tq
1710 914 1740 973 rh

140 1003 213 1061 λιπον
228 1002 307 1083 cod.)
327 1002 422 1063 codron
441 1004 563 1077 ὄπισθεν,
579 1008 605 1064 ἐν
623 994 645 1086 ᾧ
666 1005 774 1081 σημεῖόν
797 1006 851 1064 ἔστι
871 1008 987 1062 τοιοῦτον
1002 1026 1089 1079 ο-ο,
1102 1008 1119 1074 ἡ
1132 1004 1158 1063 δὲ
1174 1008 1190 1061 ἀ
1193 1004 1244 1085 ρχὴ
1259 1010 1305 1064 τοῦ
1318 1005 1397 1084 λόγου
1412 1033 1425 1061 ι
1438 1007 1567 1090 γε’γροιρεν
1580 1035 1604 1072 ν,
1618 1011 1739 1088 Signum

138 1099 217 1159 lstud
232 1102 362 1161 occurrit
375 1102 407 1161 in
423 1103 487 1161 lolii
502 1104 579 1163 85r.
596 1122 685 1162 versu
701 1103 815 1161 decimo
830 1102 971 1179 septimo,
985 1101 1038 1178 qui
1052 1100 1212 1160 itahahet.
1205 1108 1264 1167 εἷς
1280 1101 1428 1182 Ταίναρον,
1440 1102 1467 1163 1ν
1481 1128 1559 1164 τετω
1540 1108 1739 1175 ”Ποσειδῶνος

139 1195 243 1271 τεμένει
256 1194 387 1255 ἱκέτευεν·
400 1196 545 1279 γέγραφεν·
539 1189 598 1257 ·ι1)ν
618 1203 776 1270 κοινωνῆσαι
790 1222 834 1258 και
825 1197 924 1265 οὗτός
938 1220 1003 1276 φησι
1018 1198 1064 1275 (V.
1089 1198 1264 1257 Aristodem.
1277 1218 1306 1277 p.
1327 1220 1375 1273 11,
1388 1222 1415 1260 c·
1431 1204 1461 1275 8,
1481 1203 1520 1279 al.
1534 1165 1674 1263 Verba'
1644 1228 1739 1285 γεγρα-

140 1312 219 1371 pes...
237 1282 301 1375 φησι
319 1314 408 1372 quum
419 1294 481 1372 jam
498 1296 631 1371 legantur
639 1295 698 1354 ..sol
716 1298 751 1353 ur
757 1294 970 1372 ,consequitur
986 1293 1090 1352 ultima
1104 1293 1168 1351 lolii
1182 1294 1399 1371 primiverba'
1390 1299 1475 1356 mitio
1489 1300 1607 1359 secundi
1628 1301 1717 1359 folii
1708 1322 1739 1360 m

139 1388 304 1471 πρωτοτύπῳ
319 1390 420 1449 codice
440 1410 592 1469 perperam
609 1392 732 1469 repetita
745 1411 818 1453 esse.
833 1390 967 1449 Ceterum
991 1390 1042 1450 fol.
1063 1388 1112 1460 85,
1132 1409 1166 1462 ¹7
1190 1408 1256 1465 sqq.
1275 1388 1398 1450 dimidia
1420 1405 1530 1450 tantum
1546 1394 1655 1453 lacunae
1670 1415 1739 1473 pars
1829 1391 1832 1397 ’

139 1486 298 1564 (archetypi
312 1487 363 1544 fot.
379 1488 395 1545 3
410 1499 439 1545 et
452 1486 482 1565 4)
498 1488 630 1565 expletur
647 1508 740 1565 usque
756 1488 792 1547 ad
809 1487 898 1546 verba
914 1487 1014 1546 δεῖσθαι
1031 1486 1081 1567 ἔρη
1097 1490 1142 1543 τοῦ
1154 1484 1307 1556 ποιήσοντος
1321 1486 1361 1564 (ρ.
1377 1489 1408 1559 5,
1425 1498 1460 1556 at
1478 1490 1540 1564 1).),
1557 1490 1647 1550 altera
1671 1511 1739 1571 pars

108 1652 116 1667 Ι
139 1602 231 1661 usque
240 1584 276 1641 ad
283 1583 373 1642 verba
379 1582 427 1656 τὴν
436 1584 690 1666 μνημοσύνηνῇδετο
700 1584 741 1665 (ρ.
752 1587 781 1659 8,
794 1582 853 1665 aa),
863 1583 1059 1663 indeperditis
1065 1581 1176 1640 codicis
1191 1582 1283 1640 nostri
1293 1582 1370 1641 loliis
1384 1584 1631 1645 exstitissedebet.
1646 1585 1739 1664 Igitur

138 1680 176 1738 ad
184 1680 269 1739 finem
280 1680 367 1754 hujus
377 1682 570 1759 supplementi
578 1683 682 1740 iterum
692 1682 887 1741 adnotandum
900 1694 979 1740 erat:
990 1680 1070 1751 Ζήτει
1083 1677 1113 1736 τὸ
1120 1680 1210 1736 λεῖπον
1223 1676 1313 1738 τούτου
1326 1676 1432 1738 ὄπισθεν
1444 1681 1502 1738 κτλ.
1514 1680 1659 1750 Quoniam
1667 1704 1738 1745 vero

140 1776 222 1836 nulla
236 1776 382 1855 ejusmodi
397 1791 465 1836 nota
479 1779 572 1837 lector
586 1779 622 1837 ad
635 1779 784 1856 sequentia
796 1777 976 1850 amandetur,
988 1787 1142 1835 annotator
1158 1789 1257 1835 noster
1276 1775 1404 1835 codicem
1420 1778 1506 1836 talem
1524 1777 1586 1854 jam
1598 1786 1740 1860 repererit

139 1874 255 1951 qualem
272 1894 325 1933 nos
343 1873 499 1948 habemus,
514 1876 546 1934 in
560 1896 619 1952 quo
633 1876 703 1934 solia
720 1876 838 1934 alteram
853 1874 942 1951 hujus
960 1874 1071 1933 lacunae
1083 1884 1196 1950 partem
1208 1871 1377 1931 exhibentia
1391 1874 1602 1938 desiderantur.
1614 1912 1655 1923 -
1669 1881 1739 1940 Post

138 1970 272 2029 lacunam
288 1972 367 2031 illam
380 1972 412 2029 in
427 1972 498 2031 solio
510 1976 544 2031 81
559 1986 722 2049 sequuntur
735 1971 903 2031 Philostrati
923 1970 1013 2029 verba
1030 1962 1094 2051 1νῷ
1113 1969 1201 2029 πάντα
1224 1972 1284 2031 κτλ.
1298 1991 1390 2049 usque
1409 1973 1446 2031 ad
1470 1973 1558 2051 πηγὰς
1576 1975 1711 2035 ἐκδίδωσιν
1725 1982 1739 2037 t

137 2066 416 2149 χῶροςάρθόνους(ρ.
430 2068 459 2140 8,
480 2089 610 2147 na-p
623 2089 653 2145 9,
669 2071 706 2137 ts
723 2069 816 2145 Did..)
830 2069 945 2128 Folium
968 2070 1005 2126 82
1022 2069 1057 2128 ad
1079 2069 1324 2128 Heronislibrum
1341 2072 1475 2149 pertinet.
1492 2071 1618 2133 Fortius
1634 2078 1739 2155 pagina

138 2164 222 2241 prior
236 2163 363 2222 scribae'
354 2165 489 2227 ruattenti
506 2164 689 2242 sphalmate'
680 2185 712 2223 ιιι
725 2164 876 2225 codicibus
888 2164 996 2244 passim
1009 2165 1099 2224 obvio
1113 2185 1205 2224 vacua
1218 2168 1316 2225 relicta
1327 2181 1380 2230 est.
1394 2165 1575 2248 Majorem'
1550 2191 1614 2247 ejus
1626 2186 1737 2253 partem

133 2246 261 2337 quidam
275 2273 341 2319 octo
361 2260 636 2319 medicamentorum
652 2261 807 2320 formulis
798 2264 971 2339 inquinavit.
988 2262 1076 2321 lllanu
1095 2262 1156 2321 haec
1170 2264 1279 2341 scripta
1291 2266 1400 2324 suntet
1416 2287 1482 2343 quae
1498 2270 1643 2347 reliquum
1658 2274 1739 2332 codi-

139 2376 201 2417 cem
223 2359 354 2416 exaravit
378 2358 537 2418 simillima
555 2358 652 2416 Altera
673 2358 734 2416 solii
749 2360 856 2437 pagina
876 2359 908 2417 in
928 2359 1024 2416 media
1039 2359 1164 2438 phrasi
1155 2359 1260 2437 incipit
1281 2361 1404 2421 verbis.
1420 2363 1593 2442 αἰτησάμενος
1613 2366 1665 2447 γὰρ
1675 2368 1737 2445 μίαν
1824 2419 1829 2425 .

137 2453 242 2532 ἡμέραν
254 2457 312 2514 κτλ.
329 2457 423 2532 Supra
436 2454 498 2513 haec
510 2474 612 2513 versus
624 2455 716 2514 literis
732 2455 901 2533 majusculis
915 2456 1042 2534 scriptus
1052 2469 1145 2515 exstat
1158 2458 1209 2534 qui
1225 2457 1265 2515 ita
1280 2454 1369 2526 habet
1384 2480 1391 2515 :

138 2572 208 2608 ο-
224 2560 260 2616 ><
271 2573 335 2609 -ο
349 2550 395 2609 καὶ
409 2549 440 2609 τὸ
454 2559 576 2628 σημεῖον·
590 2551 667 2609 τοῦτό
682 2552 738 2611 ἔστι
753 2551 818 2632 (καὶ)
835 2552 864 2611 τὸ
879 2552 1034 2627 ζητούμενον
1044 2556 1092 2609 τοῦ
1103 2550 1291 2632 Ἀριστοδήμου
1306 2596 1515 2618 .........

139 2649 271 2707 Alterum
285 2647 348 2725 καὶ,
364 2648 445 2727 quod
459 2648 579 2725 inclusi,
596 2650 627 2707 in
642 2649 740 2707 codice
753 2650 831 2707 linea
845 2649 1011 2708 transducta
1025 2648 1147 2707 deletum
1167 2662 1219 2709 est.
1232 2649 1266 2707 ln
1279 2651 1336 2708 line
1352 2670 1454 2711 versus
1469 2673 1538 2731 pars
1549 2655 1736 2733 membranae,

140 2746 228 2803 unius
243 2746 289 2803 vel
310 2748 433 2804 duorum
458 2744 615 2803 verborum
638 2765 743 2823 capax,
757 2746 857 2823 periit.
875 2744 937 2813 Sub
957 2762 1029 2802 voce
1051 2741 1238 2822 Ἀριστοδήμου
1258 2746 1371 2824 aliquid
1387 2766 1501 2808 erasum
1519 2769 1588 2818 ,esse
1608 2752 1735 2815 videtur.

141 2844 238 2903 Litera
251 2868 269 2903 κ
283 2845 324 2902 ita
338 2856 473 2903 exaratur
488 2856 519 2902 ut
537 2862 623 2902 voces
644 2842 689 2901 καὶ
706 2843 782 2901 hanc
801 2843 860 2899 sere
882 2842 1003 2899 sormam
1021 2860 1079 2917 prae
1103 2860 1134 2899 se
1153 2842 1247 2899 serant
1269 2864 1276 2900 :
1304 2842 1347 2911 ιζ’.
1365 2842 1472 2902 Eodem
1499 2860 1593 2904 autem
1617 2868 1739 2926 prorsus

140 2941 229 2999 modo
245 2941 330 3000 litera
352 2942 462 3020 scripta
479 2954 520 2999 est
543 2942 574 3000 in
598 2941 750 3018 praeceptis
769 2938 890 2997 medicis
915 2937 1028 3015 paginae
1052 2937 1261 2998 antecedentis.
1285 2938 1360 2997 Hinc
1382 2942 1525 3018 proclivis
1545 2943 1674 3021 suspicio
1695 2960 1738 3006 est

140 3038 234 3096 eidem
248 3038 361 3098 homini
376 3039 428 3116 qui
445 3038 557 3096 medica
570 3038 622 3095 illa
633 3037 730 3108 dedit,
747 3036 833 3094 etiam
849 3035 934 3111 signa
945 3046 974 3091 et
988 3033 1103 3091 notulas
1113 3033 1159 3091 vel
1175 3034 1382 3113 inscriptiones
1399 3036 1517 3108 deberi,
1529 3038 1638 3115 quibus
1651 3056 1738 3120 rupta

140 3134 252 3193 codicis
278 3135 414 3193 intestina
434 3138 607 3193 sarciuntur.
630 3133 719 3208 Signo
740 3145 847 3190 nostrae
868 3130 984 3209 paginae
1013 3130 1135 3207 praelixo
1153 3131 1316 3205 relegamur
1336 3131 1372 3189 ad
1386 3132 1535 3210 deperdita
1551 3155 1629 3194 nuuc
1650 3137 1736 3210 lolia,

139 3230 192 3291 ubi
212 3230 380 3293 ,narrationi
401 3231 576 3309 interposito
590 3229 762 3288 Philostrati
776 3228 843 3285 loco
858 3223 991 3303 abruptae
1003 3224 1182 3303 adscriptum
1198 3224 1348 3300 legebatur
1364 3247 1372 3283 ι
1392 3226 1472 3298 Ζήτει
1489 3228 1519 3287 τὸ
1531 3230 1621 3289 λεῖπον
1630 3231 1737 3292 ὄπισθεν

139 3325 250 3401 τούτου,
274 3327 335 3385 ἔνθα
359 3328 467 3399 σημεῖον
481 3332 556 3386 τοῦτο
571 3348 585 3385 o
602 3356 633 3375 -
651 3336 688 3391 ><
700 3347 784 3394 -ο,
798 3323 844 3381 vei
859 3322 916 3381 tale
938 3321 1021 3399 quid.
1036 3322 1155 3381 Initium
1179 3321 1330 3397 fragmenti
1346 3325 1512 3401 superstitis
1534 3329 1563 3383 in
1584 3329 1738 3389 narrandis

139 3423 227 3485 rebus
251 3438 384 3484 versatur
404 3444 469 3501 quae
494 3424 628 3502 proxime
650 3420 851 3501 precedebant
882 3437 1009 3495 pugnam
1033 3417 1232 3479 Salaminiam.
1250 3418 1308 3476 llas
1339 3433 1368 3477 et
1389 3416 1557 3481 subsecutas
1583 3443 1675 3501 usque
1700 3427 1737 3483 ad

139 3520 275 3599 proelium
292 3520 457 3599 hlycalense
471 3520 503 3579 in
519 3520 596 3578 libro
610 3518 790 3595 legebantur,
805 3514 889 3592 cujus
905 3515 973 3571 linis
988 3525 1104 3572 notatur
1118 3512 1148 3572 in
1163 3515 1223 3571 imo
1239 3513 1310 3572 folio
1326 3516 1362 3582 81
1380 3528 1463 3588 rect,
1478 3516 1529 3575 ubi
1543 3537 1551 3577 :
1567 3518 1641 3586 τελος
1660 3525 1734 3582 σοῦ’.

139 3616 297 3677 lnleriores
306 3618 457 3676 literarum
471 3629 567 3694 partes
581 3616 675 3674 cultro
688 3612 865 3691 bibliopegae
880 3611 1022 3689 praecisae3
1031 3627 1167 3667 numerus
1183 3608 1252 3667 libri
1263 3610 1314 3687 qui
1331 3610 1417 3669 suerit
1431 3615 1537 3671 certius
1550 3613 1610 3673 dici
1624 3618 1735 3693 nequit,

138 3732 229 3791 quum
245 3714 433 3774 tenuissimus
447 3712 629 3771 solummodo
644 3730 719 3789 apex
744 3722 876 3768 servatus
890 3711 940 3780 sit;
957 3706 980 3765 δ’
995 3707 1083 3765 luisse
1097 3705 1272 3765 Wescherus
1294 3712 1450 3768 censet.1n
1469 3723 1607 3787 sequente
1631 3714 1736 3791 pagina

138 3830 227 3888 supra
249 3810 377 3888 primum
399 3827 515 3867 versum
538 3809 681 3887 scriptum
702 3805 835 3867 eratzTh
854 3818 883 3864 et
902 3822 1042 3863 numerus
1067 3801 1138 3861 libri
1164 3803 1322 3878 sequentis.
1340 3802 1386 3862 lbi
1409 3806 1561 3883 superiora
1585 3807 1735 3869 literarum
1836 3841 1841 3849 ,

138 3906 262 3968 abscisa.
272 3906 392 3966 Numeri
404 3926 473 3985 pars
484 3906 608 3963 inferior
619 3925 636 3962 a
649 3904 803 3963 Weschero
814 3902 851 3961 ad
864 3899 885 3960 r'
898 3902 1023 3960 refertur
1034 3901 1201 3974 conjectura
1214 3897 1314 3960 dubia.
1333 3901 1446 3959 Deinde
1458 3902 1491 3960 in
1505 3900 1603 3962 medio
1612 3903 1682 3962 folio
1697 3927 1734 3983 97

137 4005 286 4082 interponi
303 4003 398 4061 locum
419 4001 589 4061 Philostrati
604 4021 694 4079 supra
704 4001 766 4077 jam
782 3999 894 4057 monui.
908 3998 980 4057 Post
993 4016 1057 4055 eum
1074 3996 1231 4054 resumitur
1245 3997 1375 4054 narratio
1393 3996 1430 4055 de
1450 3997 1538 4057 rebus
1550 3998 1734 4073 Graecorum,

138 4120 203 4179 quae
229 4101 417 4159 continuatur
439 4098 583 4175 usquead
609 4099 695 4156 linem
724 4096 788 4155 folii
815 4096 865 4170 87,
888 4092 940 4152 ubi
963 4096 995 4151 in
1022 4092 1204 4171 expositione
1228 4112 1381 4152 causarum
1406 4092 1478 4154 belli
1496 4094 1738 4175 Peloponnesiaci

137 4196 334 4275 abrumpitur.
382 4210 384 4217 ’

178 4290 379 4371 Fragmentum
395 4293 451 4352 hoc
470 4291 647 4352 Aristodemi
662 4288 813 4368 cujusdam
823 4288 957 4347 historici
969 4306 1032 4347 esse
1042 4306 1077 4345 ex
1086 4288 1217 4366 praelixis
1227 4289 1255 4347 ei
1269 4287 1369 4347 verbis
1382 4288 1574 4366 probabiliter
1585 4291 1644 4350 riri
1658 4292 1736 4350 docti

139 4392 292 4469 collegisse
318 4390 510 4469 ridentur(*).
527 4389 708 4466 Quamquam
726 4406 760 4467 ea
783 4384 873 4444 verba
890 4405 949 4443 non
972 4388 1010 4442 ita
1024 4384 1131 4443 habent
1151 4383 1308 4443 utnullum
1330 4384 1508 4445 dubitationi
1527 4385 1621 4445 locum
1642 4389 1736 4447 relin-

139 4501 240 4567 quant.
255 4486 295 4547 Ut
308 4508 386 4548 nunc
400 4487 587 4558 exhibentur,
601 4503 690 4543 sensu
709 4495 818 4543 carent.
846 4480 1041 4560 Fxspectabas
1060 4502 1067 4538 ι
1084 4480 1155 4551 ζήτει
1170 4477 1215 4538 vel
1232 4478 1286 4540 ἰδοὺ
1301 4480 1332 4540 τὸ
1347 4488 1472 4559 exprior·
1486 4484 1562 4543 τοῦτο’
1576 4484 1633 4543 ἐστι
1648 4483 1678 4543 τὸ
1691 4488 1737 4555 (r,-

138 4584 261 4661 τούμενον
285 4590 330 4643 τοῦ
343 4582 545 4663 Ἀριστοδήμου,
565 4594 635 4641 aut:
650 4579 762 4641 κατὰτὸ
776 4579 883 4655 σημεῖον
899 4577 978 4637 τοῦτό
988 4579 1044 4637 ἐστι
1055 4576 1084 4635 τὸ
1096 4581 1120 4647 ζ.
1135 4590 1190 4636 etc.
1208 4576 1308 4655 ltaque
1323 4579 1421 4638 nescio
1440 4600 1478 4637 an
1499 4579 1578 4657 quod
1592 4582 1622 4637 in
1634 4580 1733 4638 codice

170 4824 203 4890 (Ἴ
217 4818 381 4886 Excipiendus
395 4822 433 4869 est
445 4819 532 4869 limas
545 4817 590 4868 ls'
583 4830 608 4866 m
623 4816 704 4867 indice
721 4828 794 4877 quem
813 4814 892 4865 codrot
904 4815 1020 4875 insermt
1034 4814 1140 4879 primam
1158 4814 1287 4878 fragmenti
1298 4818 1393 4879 partem
1406 4816 1438 4874 (c
1453 4821 1462 4864 1
1467 4828 1503 4865 o
1517 4820 1554 4874 111,
1567 4812 1633 4863 ted
1646 4819 1735 4874 nostr.)

133 4895 171 4947 ad
183 4894 320 4947 Ghsrouem
332 4890 408 4941 referi
421 4887 763 4951 (Το·“ι11αμψακηνοι”ι,οἶμσι,
775 4887 884 4948 Χοροινος
892 4902 1005 4948 asportor
1015 4886 1092 4935 ἐκτου
1105 4886 1156 4947 περὶ
1168 4886 1404 4948 Περσῶνπολέμου),
1415 4882 1735 4949 τοῙίᾳυσΕρΙιοιίτιμάχιον

138 4980 193 5018 esse
207 4967 298 5016 censet.
312 4966 392 5019 Quam
405 4960 484 5011 obiter
497 4960 575 5010 Minas
584 4957 694 5008 codicem
706 4956 853 5020 inspexerit,
867 4956 923 5006 inde
933 4970 1031 5019 quoque
1046 4959 1126 5019 patet,
1138 4954 1206 5018 quod
1222 4956 1384 5020 lragnrentum
1401 4954 1481 5003 ionica
1494 4952 1599 5003 dialecto
1618 4953 1736 5017 scriptum

137 5038 164 5087 in
180 5028 453 5095 tot.17,etexeodem
468 5028 572 5079 Eusebio
584 5027 687 5091 petitum
701 5038 775 5089 quem
788 5026 829 5075 iol.
846 5030 888 5077 103
902 5025 1012 5075 habes
984 5027 1124 5086 ,ονωνόμον
1135 5026 1196 5081 τινὸς
1208 5038 1262 5075 esse
1272 5024 1347 5086 dixit,
1357 5027 1382 5074 ct
1394 5021 1462 5085 quod
1474 5021 1575 5086 losephi
1590 5021 1622 5074 de
1636 5025 1737 5087 totapes

132 5104 264 5157 obsidione
278 5100 439 5165 fragmentum
452 5098 484 5150 ad
499 5097 724 5161 Hierosolymorum
736 5094 888 5146 obsidionem
901 5094 1024 5159 pertinere
1039 5096 1172 5146 asseverat.
