3809 5859
238 317 278 377 θθ
664 316 863 381 CRITOBULI
885 321 1148 388 Hlsnotttnannt
1169 327 1243 387 ΗΒ.
1267 328 1291 402 Ι,
1316 328 1419 391 tota.

231 450 275 528 (7]
290 446 341 507 Διά
361 452 438 507 τοῦτο
454 450 487 507 οὐ,
502 450 540 507 δεῖ
560 448 663 525 μέλλειν
677 454 748 527 ἡμᾶς
766 451 821 529 ἔτι,
841 453 900 513 οὐδῖ
921 454 1012 534 καιρὸν

238 536 348 615 ἔχοντας
361 534 532 609 ἀναδύεσθαι,
548 538 606 595 ἀλλ’
628 538 789 598 ἐπιτίθεσθαι
802 540 887 619 ταύτῃ
909 542 1011 608 πάντας

237 624 311 703 πάσῃ
323 622 368 683 καί
380 623 450 703 χειρί
473 623 518 683 καὶ
532 624 640 701 δυνάμει
659 626 705 683 καί
718 626 835 704 μάλιστα
852 626 900 694 ἕως
912 626 944 687 ἀν
965 627 1011 686 καῖ

236 712 270 771 τδι
287 718 333 772 τοῦ
351 712 486 789 δαιμονίου
507 713 565 787 μεθ’
578 716 654 789 ἡμῶν
665 704 694 793 ᾖ,
716 714 826 789 μηδενὸς
848 716 1011 796 φειδομένους

237 803 290 859 τῶν
303 802 329 866 ἐς
342 800 386 859 τὸν
401 800 533 876 πολεμον,
550 802 616 876 μήτε
631 800 762 879 σωμάτων
778 802 846 878 μήτε
863 803 1009 883 χρημάτων

237 890 305 966 μήτε
325 886 413 949 ὅπλων
437 888 505 966 μήτε
527 889 608 948 ἄλλου
622 894 736 949 τουτῶν
749 890 872 950 τοιούτων
890 891 1006 961 οὐδενός,

237 979 300 1051 μηδ’
316 978 381 1036 ἀλλο
394 1000 420 1034 τι
432 976 563 1057 προύργου
574 983 625 1037 τῶν
641 977 765 1037 ἁπάντων
783 979 896 1055 τιθέναι,
913 978 963 1046 ἐως
976 978 1009 1038 θν

235 1064 253 1137 ῆ
273 1066 359 1139 πάντη
376 1065 473 1137 ταύτην
487 1064 616 1133 ἐξελόντες
635 1066 664 1123 ἐκ
679 1064 759 1141 μέσου
780 1064 901 1144 θείημεν,
921 1065 938 1137 ῆ
958 1066 1008 1125 ὐπὸ

233 1163 311 1235 χεῖρα
318 1157 390 1234 σφῶν
402 1153 589 1249 ποιησαίμεθα.
633 1152 663 1231 (a)
672 1154 785 1228 Νομίσει
791 1177 820 1213 τε
831 1154 922 1229 μηδείς
931 1158 1004 1231 ὑμῶν

235 1242 350 1301 ἀδύνατα
363 1232 429 1300 ε’ίναι
443 1240 541 1314 ταύτην
555 1242 635 1312 ἑλεῖν,
652 1241 817 1318 λογιζόμενος
833 1242 862 1300 τδ
877 1248 922 1301 τοῦ
937 1248 1005 1320 ἡμε-

233 1331 308 1410 τέρου
320 1330 431 1390 πάππου
451 1353 480 1389 τε
503 1330 548 1389 καί
562 1329 676 1411 πατρός,
692 1329 738 1389 καί
760 1333 795 1397 ὡς
811 1323 884 1390 σύτοι
906 1332 1005 1406 ταύτην

234 1419 340 1499 σχόντες
365 1417 413 1490 τὴν
434 1415 542 1496 γνώμην
566 1416 638 1483 εὐθὺς
661 1417 690 1485 ἐξ
714 1419 799 1498 ἀρχῆς
822 1418 867 1478 καί
889 1420 1004 1499 πόλεμον

234 1508 361 1567 ἀσπονδσν
384 1504 509 1585 ἀράμενοι
528 1512 592 1586 πρὸς
607 1504 705 1577 αὐτὴν,
728 1504 798 1584 χειρί
813 1530 841 1567 τι
853 1508 942 1585 πολλῆ
956 1507 1003 1567 καί

235 1595 342 1673 δυνάμει
355 1593 524 1673 περισχόντες
533 1593 579 1651 καί
588 1594 684 1666 ὅπλοις,
701 1593 739 1653 ἔτι
753 1618 781 1653 τε
793 1595 890 1674 χρονίῳ
902 1598 1006 1675 πολιορ

233 1685 278 1763 κίρ
290 1682 335 1742 καί
349 1684 422 1763 λιμῷ
441 1682 531 1761 πολλῷ
549 1692 638 1741 πᾶσαν
654 1682 841 1762 ἐκτετρυχότες
849 1687 894 1742 οὐκ
907 1684 1005 1755 ἠδυνή-

233 1768 693 1850 θησανὸμωςταύτηςπιριγενέσθαι.
737 1770 1003 1850 (ιίΕέμένγάραύτη

147 1914 150 1922 ,
232 1858 289 1921 τότε
298 1858 351 1941 tate
368 1858 444 1938 ῥώμη
459 1857 544 1916 τεκαὶ
565 1858 673 1935 δυνάμει
683 1860 808 1938 ἀντέσχε,
820 1858 866 1919 καί
880 1859 1005 1940 κρείττων

234 1947 315 2031 ἐράνη
327 1950 379 2007 τῶν
390 1943 643 2023 ἀντιπολεμούντων,
654 1946 700 2005 άτε
708 1945 814 2024 σώμασι
825 1950 870 2006 καί
883 1950 1005 2028 χρήμασι

230 2034 276 2094 καί
291 2034 378 2102 ὅπλοις
389 2033 435 2093 καί
448 2040 501 2103 τοῖς
515 2032 603 2103 ἀλλοις
612 2042 692 2093 πᾶσιν
704 2036 890 2115 ῆσραλισμένη
903 2038 1002 2110 καλῶς,

233 2120 251 2196 ῆ
264 2113 334 2182 ούτοι
347 2130 405 2190 ταῖς
420 2120 527 2189 αἰκείαις
536 2120 663 2199 δυνάμεσι
675 2122 722 2180 καί
734 2132 914 2203 παρασκευαῖς
928 2125 1004 2183 ἐλάτ·

230 2234 290 2279 τους
307 2208 379 2278 όντες
401 2208 563 2289 ὑστέρησαν,
587 2212 712 2287 μηδαμοῦ
732 2210 882 2283 δυνηθέντες
904 2212 1003 2285 ταύτην

231 2301 314 2371 ίλείν,
336 2286 405 2376 εἶχεν
419 2294 450 2355 ἀν
463 2296 540 2373 λόγον
562 2296 591 2355 τδ
607 2298 661 2364 δέος
678 2296 722 2356 καί
743 2287 816 2363 οὗτος
834 2301 848 2356 θ
868 2299 1006 2377 λογισμός·

231 2389 278 2468 (ro)
296 2391 341 2445 ν’ὐν
357 2385 384 2443 δέ
398 2384 437 2450 τίς
451 2388 497 2444 οὐκ
512 2376 580 2444 οἶδεν
595 2388 630 2451 ὡς
643 2389 695 2444 τῶν
712 2384 760 2461 μίν
781 2390 826 2443 τοῦ
847 2385 1003 2459 Παϊαζῆτου

228 2477 323 2555 χειρῶν
344 2472 412 2551 τύχη
432 2472 472 2538 τίς
491 2478 568 2530 ποθεν
596 2471 729 2544 ἀδοκήτοις
754 2474 909 2553 ἐπιφανεῖσα
930 2474 1003 2554 παρά

228 2561 304 2639 λόγον
324 2558 489 2639 ἐξήρπασεν,
512 2562 589 2617 θποῖα
612 2558 698 2617 πολλύι
712 2558 839 2626 πολλάκις
861 2557 933 2641 παρλ
956 2566 1001 2619 τοῦ

228 2646 362 2725 δαιμονίου
376 2650 428 2713 τοῖς
444 2645 588 2727 ἀνθρώποις
602 2645 752 2721 ξυμύαίνει·
772 2645 936 2724 ξυγκείμενον
950 2647 1001 2729 γδιρ

230 2740 317 2803 αὐτοῖς
331 2734 375 2795 ἐπί
387 2738 478 2815 ῥηταῖς
493 2732 604 2813 ἡμέραις
620 2732 746 2794 ἐνδιδόναι
757 2733 816 2801 τούς
830 2733 938 2803 πολίτας
951 2735 1000 2807 τῆν

226 2848 255 2885 τε
267 2824 343 2885 πόλιν
360 2822 406 2882 καί
420 2821 541 2895 ἑαυτοὺς,
561 2822 606 2880 ἀττ
619 2819 699 2881 πλέον
713 2822 751 2899 μὴ
774 2821 933 2900 δυναμένους
954 2827 1003 2883 ἀν-

226 2912 312 2993 τέχειν
326 2914 399 2991 λιμῷ
413 2934 442 2970 τε
459 2910 505 2969 καί
524 2909 661 2990 πολιορκίᾳ
677 2919 780 2992 μακρᾷ,
801 2909 894 2991 αίρνης
908 2912 1001 2991 ἐπιρα·

226 2999 311 3067 νέντες
326 3003 356 3060 ἐκ
368 2998 415 3077 μίν
432 2997 563 3078 Εὐρώπης
576 2998 695 3059 Παιόνων
711 2997 756 3056 καί
768 3000 864 3059 Δακῶν
878 2996 1001 3076 βασιλεύς

226 3088 368 3167 πρότερον,
390 3085 462 3144 ἐκδὲ
483 3084 567 3151 Ἄσίας
590 3083 681 3165 μικρθν
701 3082 808 3165 ύστερον
829 3084 1000 3165 Τεμῆρτιςδ

225 3173 393 3240 Βαύυλῶνιος
413 3173 560 3244 ἀνέστησάν
576 3196 604 3231 τι
623 3172 700 3232 αὐτὸν
715 3176 761 3243 τῆς
776 3173 940 3252 πολιορκίας,
954 3174 999 3231 καί

224 3258 368 3341 τρέψαντες
391 3262 416 3327 ἐς
439 3261 549 3338 αὐτούς,
569 3260 639 3319 οὕτω
661 3259 754 3333 ξυνέόη
778 3260 877 3334 ταύτην
897 3284 1000 3341 περιγε·

225 3346 315 3431 νέσθαι
330 3348 478 3428 ἀνελπίστῳ
488 3348 554 3427 τύχη
575 3352 772 3429 περισωθείσαν.
816 3348 862 3429 (tt)
872 3348 907 3411 Ὁ
922 3348 951 3409 δέ
969 3374 999 3429 γε

226 3436 315 3518 πατὴρ
330 3439 344 3493 θ
357 3435 435 3514 epte,
451 3436 507 3495 ίστε
522 3439 578 3515 μεθ’
599 3434 654 3503 σίας
670 3441 840 3518 παρασκευῆς
860 3437 906 3498 καί
921 3438 999 3499 δυνά·

226 3547 295 3600 μεως
319 3523 489 3604 ἐστράτευσεν
511 3526 553 3584 ἐπ’
574 3524 672 3595 αὐτὴν,
696 3526 741 3584 καί
762 3529 798 3593 ὡς
818 3531 941 3587 τοσοῦτον
965 3532 999 3607 τῆ

224 3613 361 3692 πολιορκίᾳ
376 3612 473 3683 ταύτης
486 3612 646 3692 ἐκράτησεν,
661 3615 696 3679 ὡς
713 3611 775 3685 μηδ’
790 3612 853 3673 αὐτό
867 3614 896 3671 ab
910 3618 998 3693 τεῖχος

226 3699 298 3782 ἔχειν
310 3708 388 3759 ἐᾶσαι
399 3699 458 3768 τούς
471 3698 688 3781 προμαχομένους
702 3700 851 3782 ἐλεύθερον,
868 3701 999 3780 βαλλομέ-

222 3812 279 3855 νους
293 3792 346 3857 τοῖς
358 3812 386 3847 τε
400 3787 481 3856 τόξοις
492 3788 538 3847 καί
551 3796 604 3855 τοῖς
616 3788 668 3846 ἀπὸ
681 3792 732 3846 τῶν
753 3794 884 3868 μηχανῶν
898 3790 994 3856 λίθοις·

222 3876 303 3944 σύτως
313 3868 383 3956 εῖχεν
399 3874 481 3949 αὐτὴν
497 3879 523 3936 ἐν
533 3880 636 3957 χεροῖν·
648 3876 697 3937 κάν
712 3868 764 3935 εἷλε
779 3878 824 3958 βίη
839 3886 891 3945 τοῖς
906 3878 996 3943 ὅπλοις

223 3964 388 4043 μαχόμενος,
404 3966 427 4023 εί
444 3964 481 4043 μῆ
498 3964 559 4032 τούς
579 3964 678 4043 σρόδρα
697 3965 804 4030 οίκείους
821 3964 867 4023 καί
883 3956 920 4031 οἷς
939 3965 993 4041 μά·

1069 456 1116 515 καλ
1129 480 1159 516 το
1178 460 1257 517 πλεον
1279 482 1328 530 της
1342 481 1448 537 γνωμης
1467 456 1592 533 νέμοντας
1614 470 1667 527 τοῖς
1689 462 1871 539 πολεοριεω·

1069 544 1154 619 μένοις
1167 545 1239 605 ίδίων
1261 544 1339 605 ἕνεκα
1355 547 1467 626 κερδῶν·
1484 538 1553 605 οὗτοι
1573 548 1661 608 τοίνυν
1678 554 1728 620 τῆς
1750 572 1790 607 τε
1814 573 1872 608 πο-

1067 632 1185 714 λιορκίας
1198 633 1276 692 αὐτθν
1289 631 1436 705 ἀνέστησαν
1454 634 1500 693 καί
1517 636 1617 707 ταύτην
1630 637 1868 717 περισσεύσαντα.

1068 721 1116 799 (ιε)
1132 723 1166 781 Ei
1180 721 1208 779 δέ
1222 720 1269 780 καί
1284 721 1337 800 ἰδία
1350 722 1460 799 δυνάμει
1475 722 1535 782 τότε
1545 724 1732 805 περιγενέσθαι
1748 724 1870 795 ταύτην

1066 805 1158 879 ξυνέύη
1174 805 1274 887 (θῶμεν
1287 808 1339 890 γάρ
1354 810 1401 868 καί
1414 810 1526 891 τοῦτο),
1546 810 1607 871 ἀλλ’
1616 816 1647 873 ού
1658 813 1696 872 τά
1710 814 1792 873 αὐτὰ
1807 820 1866 874 τῶν

1064 896 1124 957 τότε
1139 898 1184 956 καί
1198 902 1243 955 νῦν
1253 902 1353 977 καιρῶν
1362 897 1446 979 ταύτῃ
1458 924 1488 959 τε
1499 900 1545 958 καί
1556 906 1636 979 ἡμῖν·
1652 900 1718 960 τότε
1733 901 1794 979 μὲν
1806 904 1866 983 γὰρ

1065 983 1133 1056 αὐτη
1148 984 1329 1064 ξυνετωτέροις
1341 987 1428 1046 τεκαὶ
1446 992 1719 1071 στρατηγικιετέρσιε,
1735 993 1867 1071 προσέτ’.

1063 1073 1092 1133 δέ
1115 1074 1233 1133 καὶτῶν
1254 1075 1418 1155 πραγμάτων
1442 1077 1635 1156 ἐμπειροτέρως
1654 1079 1803 1158 ἐκέχρητο
1824 1084 1863 1161 τῷ

1062 1184 1092 1219 τε
1109 1163 1212 1241 βασιλεῖ
1225 1162 1271 1221 καί
1287 1171 1342 1229 τοῖς
1357 1162 1497 1244 ἄρχουσιν,
1517 1165 1653 1245 οίκῆτορσί
1672 1188 1706 1224 τε
1721 1168 1861 1229 πλείοσιν

1062 1250 1227 1330 ἐφρουρεῖτο,
1248 1253 1297 1319 τῆς
1311 1273 1340 1309 τε
1355 1251 1489 1324 θαλάσσης
1509 1253 1539 1311 ἐκ
1556 1253 1651 1331 με’ρους
1670 1254 1796 1331 ἐκράτει
1812 1259 1864 1328 τῖς

1061 1341 1122 1396 κατ’
1135 1338 1235 1411 αὐτήν,
1249 1340 1325 1398 τότε
1341 1339 1414 1419 παρὰ
1425 1345 1478 1399 τῶν
1490 1339 1612 1415 Ἰταλῶν,
1627 1342 1796 1421 ἐπικουρίας
1811 1340 1862 1414 τῆς

1061 1423 1109 1503 μίν
1127 1426 1267 1507 ἐτύγχανεν
1283 1427 1353 1501 ἥδη,
1370 1431 1418 1499 τῆς
1429 1429 1457 1487 δὲ
1470 1430 1497 1487 έν
1513 1428 1615 1489 ἐλπίσιν
1637 1424 1690 1503 ῆν,
1709 1432 1763 1490 καῖ
1786 1431 1860 1491 {aba

1061 1513 1188 1575 tironii
1203 1507 1260 1595 εἶχε
1275 1515 1308 1573 τθ
1324 1520 1482 1594 βοηθοῦντα·
1524 1518 1573 1599 (σε)
1590 1517 1625 1578 τά
1641 1518 1669 1578 δέ
1684 1520 1722 1590 δὴ
1742 1524 1799 1578 νῦν
1822 1524 1858 1579 ἀ-

1061 1602 1216 1685 σθενέστερά
1229 1626 1259 1662 τε
1271 1605 1339 1681 αὐτῇ
1353 1604 1398 1662 καί
1412 1606 1465 1672 τοῖς
1482 1602 1552 1673 ὅλοις
1563 1605 1660 1685 χείρω·
1678 1610 1734 1666 τῶν
1752 1632 1788 1667 τε
1802 1609 1859 1687 γὰρ

1060 1683 1202 1761 οἰκητόρων
1216 1683 1339 1743 πλεῖστον
1362 1683 1519 1763 κεκένωται,
1533 1688 1580 1756 τῆς
1599 1708 1628 1744 τε
1641 1688 1794 1759 θαλάσσης
1813 1712 1861 1746 τε·

1059 1770 1136 1836 λείαις
1149 1769 1301 1849 ἐστέρηται,
1313 1770 1367 1830 ὅτε
1378 1770 1500 1851 βασιλεύς
1511 1776 1580 1849 αὐτῆ
1591 1773 1636 1832 καί
1650 1778 1675 1833 oi
1687 1774 1757 1853 περὶ
1770 1778 1857 1835 adrev

1060 1849 1172 1909 τοιοῦτοί
1182 1854 1247 1909 εἰσιν
1258 1849 1327 1917 οἵους
1339 1851 1371 1909 ἀν
1383 1875 1422 1918 τις
1435 1850 1538 1919 εὔξαιτο
1548 1854 1751 1930 ἀνταγωνιστάς
1763 1860 1857 1933 σχεῖν,

1060 1936 1094 1994 τὰ
1109 1937 1137 1995 δὲ
1151 1938 1225 2016 παρὰ
1242 1942 1295 1996 τῶν
1313 1939 1422 1999 Ἰταλῶν
1439 1940 1485 1998 καί
1498 1940 1599 2021 σφόδρα
1613 1942 1670 1999 οὐδ’
1683 1943 1712 2000 ἐν
1734 1943 1853 2001 ἐλπίσιν

1061 2027 1162 2101 αὐτοῖς,
1178 2027 1278 2103 μαλλον
1292 2026 1340 2103 μέν
1359 2019 1404 2086 οὐν
1418 2027 1463 2086 καί
1483 2030 1570 2100 πάντη
1584 2028 1679 2108 ἐχθρά,
1695 2032 1856 2089 ἐκπεπολε·

1060 2112 1189 2189 μωμένων
1208 2117 1241 2193 τῆ
1259 2116 1319 2193 περί
1337 2115 1366 2175 τὸ
1383 2120 1450 2175 θεῖον
1470 2115 1546 2193 δόξη,
1567 2117 1602 2174 τά
1621 2140 1652 2175 τε
1673 2116 1751 2175 ἔνδον
1778 2119 1852 2194 αὐτῇ

1059 2202 1176 2268 στάσεως
1189 2200 1265 2277 γίμει
1273 2202 1319 2261 καί
1331 2207 1449 2283 ταραχῆς
1461 2204 1505 2263 διὰ
1518 2203 1616 2275 ταύτην
1630 2228 1661 2281 γε
1671 2203 1724 2275 τῆν
1739 2206 1850 2263 αίτῖαν·

1059 2288 1105 2347 καί
1116 2288 1201 2347 πολλδι
1211 2290 1242 2347 ἀν
1253 2312 1292 2356 τις
1304 2288 1373 2370 ιύροι
1382 2290 1557 2365 ἐλαττώματα
1569 2291 1637 2349 άλλα
1644 2292 1758 2347 σκοπῶν
1771 2292 1850 2371 ἀκρι·

1060 2376 1121 2443 ebe.
1166 2376 1211 2457 (tt)
1226 2376 1308 2450 Ἡμῖν
1324 2377 1353 2435 δέ
1364 2378 1409 2436 καί
1420 2376 1455 2436 τθ
1464 2382 1512 2449 τῆς
1523 2381 1607 2456 ἀρχῆς
1620 2378 1665 2436 ἐπί
1676 2376 1750 2454 μέγα
1763 2370 1850 2457 ἦρται

1059 2468 1164 2525 πολλῶν
1189 2465 1317 2525 ἐπιδόσει·
1338 2466 1480 2544 κατάλυγοί
1503 2490 1532 2525 τε
1550 2465 1600 2543 γάρ
1628 2466 1848 2542 στρατευμάτων

1058 2556 1165 2613 ἱππικοί
1186 2576 1216 2612 τε
1234 2553 1281 2612 καί
1299 2552 1400 2622 πεζικοῖ
1424 2555 1543 2613 πλεῖστοι
1561 2552 1607 2611 καί
1631 2552 1775 2611 καλλιστοι
1797 2553 1841 2612 καί

1058 2643 1237 2714 εὐοπλότατοι,
1250 2642 1350 2718 μᾶλλον
1362 2640 1435 2721 εἴπερ
1443 2640 1506 2700 ποτὲ
1517 2640 1563 2699 καί
1575 2640 1664 2711 νεότης
1672 2642 1840 2719 εὐανδροῦσα

1057 2728 1156 2799 πολλὴ,
1175 2730 1221 2789 καί
1241 2733 1258 2800 ἡ
1281 2726 1401 2809 ἡμετέρα
1422 2727 1490 2798 αὐλῆ
1512 2735 1556 2787 νῦν
1577 2726 1702 2806 μέγιστον
1726 2728 1786 2807 ἔχει
1808 2729 1839 2788 ab

1057 2818 1163 2897 κράτος,
1177 2816 1305 2897 χρήματά
1316 2840 1344 2875 τε
1357 2817 1421 2891 ἡμῖν
1432 2818 1544 2875 πλεῖστα
1558 2818 1585 2875 έν
1595 2840 1622 2875 τε
1637 2821 1783 2896 θησαυροῖς
1792 2823 1838 2876 καί.

1057 2904 1143 2984 φόροις
1159 2903 1298 2981 ἐπετείοις,
1314 2903 1359 2962 καί
1370 2902 1458 2962 ὅπλων
1468 2904 1576 2985 εὐπορία
1587 2904 1672 2974 πολλῆ
1683 2904 1731 2962 καί
1744 2928 1837 2984 μηχα-

1055 3001 1107 3055 νῶν
1124 2997 1171 3055 καί
1192 2997 1368 3076 παρασκευῶν
1385 2996 1438 3052 τῶν
1452 2997 1478 3060 ἐς
1490 2994 1535 3054 τὸν
1548 2995 1679 3073 πόλεμον,
1696 2994 1744 3054 καί
1758 2995 1838 3075 τριά-

1057 3107 1109 3163 ρεις
1122 3087 1169 3145 οὐκ
1180 3083 1266 3162 ὀλίγαι
1280 3082 1326 3142 καί
1342 3082 1410 3142 άλλα
1428 3082 1515 3141 πολλὰ
1534 3085 1686 3162 ἐπεγένετο,
1705 3084 1723 3141 ἀ
1743 3084 1834 3143 πάντα

1056 3172 1085 3231 οὐ
1104 3171 1170 3252 πρὸς
1190 3170 1254 3246 μίαν
1274 3170 1372 3243 ταύτην
1388 3170 1480 3244 πόλιν,
1501 3168 1571 3230 άλλθ
1589 3172 1702 3236 πολλαῖς
1724 3172 1836 3229 πόλεσιν

1056 3258 1221 3340 ἀντιρρόποις
1242 3261 1309 3337 αὐτῇ
1325 3258 1481 3338 μερισθέντα
1500 3257 1612 3337 ῆρκεσεν
1631 3256 1664 3315 ἀν
1681 3267 1834 3335 καταγωνί-

1056 3353 1153 3407 σασθαι
1170 3348 1267 3415 πάσας.
1311 3347 1360 3428 (tn)
1371 3343 1435 3406 Ἔτι
1443 3368 1472 3404 τε
1483 3350 1529 3417 τῆς
1542 3344 1604 3405 καθ’
1615 3350 1686 3422 ἡμᾶς
1697 3346 1833 3419 θαλάσσης

1055 3442 1204 3517 κρατοῦμεν
1217 3436 1262 3494 καί
1275 3439 1322 3505 τῆς
1333 3433 1392 3493 κατ’
1407 3434 1488 3507 αὐτὴν
1504 3434 1625 3506 ἀπάσης,
1640 3435 1687 3493 καί
1701 3435 1833 3515 ρρουρίσις

1054 3524 1134 3593 αὐτὴν
1149 3524 1204 3582 ἄνω
1214 3523 1260 3581 καί
1278 3525 1351 3583 κάτω
1364 3520 1567 3603 ῆσιραλισάμεθα
1581 3519 1624 3581 διδ
1638 3525 1691 3581 τῶν
1703 3526 1831 3601 πορθμῶν

1052 3615 1105 3671 τῶν
1115 3634 1144 3670 τε
1157 3610 1272 3690 ἠπείρων
1288 3612 1454 3691 ἀμφοτέραιν,
1470 3609 1597 3689 εἴργοντες
1611 3610 1693 3682 αὐτὴν
1714 3616 1765 3690 γῆς
1785 3614 1832 3672 καὶ

1054 3699 1188 3772 θαλάσσης
1205 3699 1326 3773 ἁπάσης·
1338 3698 1408 3758 ἀλλα
1423 3721 1450 3757 τε
1463 3700 1601 3777 πρόσεστιν
1615 3703 1679 3774 ἡμῖν
1692 3702 1742 3759 oia
1750 3702 1829 3778 ὀλίγα

1055 3787 1290 3866 πλεονεκτήματα,
1309 3778 1347 3855 οἷς
1367 3796 1432 3845 πᾶσι
1444 3792 1532 3865 θαρρῶ
1550 3788 1596 3845 καί
1615 3787 1685 3846 πάνυ
1708 3788 1828 3848 πιστεύω

1052 3876 1099 3933 οὐκ
1113 3876 1281 3955 ἀντισχῆσειν
1293 3874 1359 3941 ὅλως
1374 3872 1471 3946 αὐτὴν,
1484 3873 1569 3945 ἀλλ’ἢ
1584 3872 1611 3942 ἐξ
1624 3876 1770 3954 ἐπιδρομῆς
1785 3876 1830 3960 βίη

1053 3966 1125 4038 ἡμᾶς
1145 3968 1199 4031 τοῖς
1217 3964 1307 4031 ὅπλοις
1330 3965 1396 4021 ἑλεῖν
1410 3960 1461 4037 θν,
1483 3960 1501 4032 ῆ
1523 3965 1551 4021 οὐ
1572 3971 1665 4043 μακρᾷ
1685 3964 1829 4043 πολιορκία

221 4054 299 4111 λιστα
311 4052 459 4124 ἐπίστευεν,
473 4054 693 4128 ἀντιπράττοντας
708 4055 813 4133 ἀρανῶς
829 4042 900 4131 ε’ίχεν
919 4054 991 4131 αὐτῷ
1051 4050 1181 4131 αἱρήσειν,
1226 4052 1271 4130 (τε)
1287 4050 1374 4111 Μόνον
1394 4050 1431 4128 μῆ
1447 4050 1599 4128 μέλλωμεν,
1616 4048 1683 4127 μηδὲ
1708 4050 1824 4127 διδῶμεν

220 4269 310 4330 ἧσσαν,
322 4270 343 4317 τί
355 4270 394 4317 καὶ
408 4268 481 4317 δεινόν
495 4286 530 4332 τῳ
541 4270 655 4332 ἀκοῦσαι,
665 4270 726 4319 ieron
742 4271 785 4320 οὐκ
797 4272 853 4320 ἀλλο
864 4288 887 4319 τι
899 4272 1014 4334 φέρουσαν
1027 4272 1041 4329 b
1054 4269 1159 4333 ἀντικρυς
1171 4270 1289 4320 δουλείαν
1305 4271 1371 4319 δκαί
1381 4270 1445 4332 λόγῳ
1464 4269 1624 4329 ἐνδοιασθῆιαι
1637 4268 1747 4335 αἰσχρόν.
1764 4270 1777 4333 u
1795 4297 1825 4309 -

220 4341 236 4404 §
252 4340 289 4388 10.
313 4338 462 4402 Ποιῑαζήτου]
484 4342 606 4401 Παγιοζὴι
625 4354 665 4403 ep.
688 4343 783 4391 Ducam
801 4354 888 4391 nomen
902 4341 1028 4391 scribitur.
1046 4342 1056 4403 [l
1073 4369 1104 4377 —
1121 4342 1250 4405 ενσιδόιαι]
1266 4340 1520 4403 51οειι.,2,,ἐνδοῡναι
1533 4352 1567 4387 m.
1589 4344 1610 4387 1,
1627 4340 1683 4402 [t-
1694 4342 1824 4405 πρότερον]

220 4416 312 4475 πρῶτον
331 4422 424 4472 margo.
442 4408 614 4471 sigismundus
632 4410 744 4472 Ungarina
759 4424 818 4470 rex,
833 4411 904 4473 enjus
920 4411 1037 4461 auxilium
1056 4412 1173 4461 Ειοεαιιοί
1192 4411 1325 4475 imperator
1339 4409 1365 4459 tn
1379 4423 1489 4460 summas
1505 4410 1629 4472 angustias
1647 4410 1755 4460 adactas
1773 4412 1819 4461 im·

220 4482 373 4546 ploraverat,
386 4480 471 4543 proetio
480 4479 512 4528 ad
523 4480 657 4543 Nicopolim
670 4494 754 4531 mense
764 4484 831 4544 sept.
839 4496 878 4531 un.
892 4486 951 4531 1326
965 4482 1098 4532 commisso
1111 4480 1247 4543 eBaJaside
1260 4479 1396 4531 deirettntus
1407 4483 1453 4530 est.
1467 4480 1520 4542 ΙΙ-
1531 4479 1653 4543 Τιμήρτις]
1661 4496 1695 4536 τις
1707 4494 1740 4530 ex
1751 4500 1773 4535 t:
1786 4484 1823 4531 rei

220 4566 247 4609 ης
260 4554 341 4601 ortum
352 4548 436 4599 inerit.
450 4550 489 4599 ci.
504 4553 553 4600 not¹
565 4549 597 4599 ad
606 4564 651 4613 nep
675 4553 711 4611 11,
729 4557 765 4599 ιο.
784 4554 820 4600 De
833 4552 942 4615 Bajeside
952 4552 1059 4602 Timaris
1069 4555 1139 4602 motn
1150 4552 1250 4602 erebus
1265 4550 1403 4614 Byzantinis
1412 4553 1515 4600 aroeato
1527 4564 1551 4600 ν.
1567 4553 1648 4600 nuces
1659 4563 1683 4614 p.
1698 4556 1738 4611 59,
1755 4555 1785 4601 19
1796 4558 1821 4605 et

220 4621 350 4671 annoas
365 4622 445 4683 [1,(14,
468 4622 493 4669 17
513 4624 539 4669 et
551 4625 590 4679 88,
608 4624 644 4670 17.
663 4619 674 4683 ΙΙ
689 4648 720 4656 -
737 4622 880 4686 ἀνελπίστῳ]
896 4623 989 4685 ἀπίστῳ
1004 4637 1069 4686 mgo.

250 4692 314 4757 §tt
335 4694 364 4741 '0
382 4691 407 4740 δέ
427 4706 455 4752 γε
469 4692 571 4754 παιηρὸ
586 4690 655 4754 ἐμὸς]
672 4693 780 4741 Monotes
797 4694 821 4741 11
836 4692 888 4742 sive
908 4694 1020 4756 Marad,
1037 4696 1108 4757 poter
1132 4694 1305 4755 Meehemetis‚
1323 4691 1558 4755 Constantinopolim
1575 4705 1639 4741 nano
1653 4695 1722 4749 1422,
1736 4692 1793 4742 inde
1807 4708 1820 4743 a

218 4762 259 4812 die
273 4764 295 4811 X
309 4760 376 4811 Junii
392 4758 424 4809 nd
444 4759 508 4808 diem
526 4762 609 4810 xxiv
625 4762 742 4823 Augusti,
764 4760 868 4811 obsedit.
886 4765 941 4819 Qua
960 4763 992 4813 de
1005 4762 1132 4813 obsidione
1158 4764 1307 4827 peculiarem
1328 4760 1438 4812 libellum
1465 4761 1586 4811 bohemum
1600 4761 1701 4810 ioannis
1715 4762 1818 4813 emanae

220 4832 268 4894 (ed
279 4832 371 4881 calcem
389 4831 516 4881 Phraaten
529 4830 555 4879 in
575 4828 635 4881 edit.
652 4832 727 4879 Bono,
742 4844 766 4894 p.
782 4834 904 4891 terete).
917 4832 956 4882 cf.
967 4833 1101 4883 Phrantzes
1108 4847 1133 4896 p.
1153 4838 1205 4893 tto,
1220 4836 1302 4883 Dneas
1315 4847 1339 4897 p.
1355 4837 1412 4893 ltin,
1426 4830 1685 4895 01ιει1ωοοιιι1.ρ.232
1698 4844 1755 4893 sqq.
1766 4833 1819 4881 ito-

218 4904 285 4952 rates
293 4902 317 4951 in
327 4900 416 4955 urbem
425 4899 491 4949 omni
505 4899 673 4950 machinarum
682 4914 770 4963 genere
788 4900 994 4951 circumvallatam
1004 4902 1174 4965 riirrampere
1187 4906 1307 4953 tentensa
1318 4902 1456 4966 Byzantinis
1469 4898 1539 4951 clade
1549 4900 1654 4950 atteetus
1666 4904 1692 4951 et
1707 4900 1819 4962 repulsus

217 4972 264 5021 est.
281 4973 317 5020 Ne
326 4970 391 5020 ultro
409 4966 452 5019 rei
469 4968 604 5030 insisteret,
627 4970 705 5020 movit
718 4968 818 5019 rebellio
829 4970 966 5033 Mnstaphne
979 4972 1063 5021 fratris
1074 4972 1194 5034 junioris,
1208 4973 1279 5035 eujus
1294 4976 1396 5022 conatus
1405 4970 1523 5022 Emanuel
1536 4971 1669 5034 imperator
1682 4968 1766 5018 missis
1778 4982 1818 5032 pe-

218 5040 345 5093 euninrum
365 5039 482 5090 subsidiis
499 5040 665 5103 adjuveremt.
685 5040 815 5103 Mustapba
823 5040 863 5091 iile
874 5040 899 5090 in
911 5041 993 5091 nicea
1007 5042 1070 5092 urbe
1083 5046 1171 5105 coptus
1182 5042 1356 5105 strangulatur.
1372 5044 1383 5103 u
1395 5042 1449 5106 -ς
1469 5046 1507 5090 13.
1520 5048 1549 5104 τῇ
1562 5045 1614 5103 περὶ
1629 5042 1657 5089 τὸ
1670 5042 1733 5088 θεῖον
1750 5040 1816 5103 δοες]

217 5109 349 5162 Notissima
365 5110 472 5173 intellige
488 5110 589 5161 dissidia
608 5124 664 5173 quae
678 5110 709 5161 de
720 5110 878 5160 ecclesiarum
892 5110 1020 5174 junctione
1036 5112 1136 5161 Niootao
1151 5115 1173 5161 v
1187 5126 1245 5162 eum
1256 5112 1415 5162 constantino
1427 5112 1574 5175 imperatore
1588 5108 1780 5160 intercedebant.
1802 5110 1814 5172 t

219 5180 271 5245 -ς
288 5182 324 5229 tt.
339 5179 468 5243 μηχανῶν]
479 5196 609 5244 μηχαν.....
625 5194 724 5245 margo;
742 5178 842 5231 ultimas
851 5178 918 5231 noeis
927 5180 1011 5232 literae
1020 5178 1156 5246 bibliopega
1173 5181 1294 5247 procidit.
1314 5181 1397 5232 Fuerit
1410 5180 1595 5245 μηχανημάτων.
