<?xml version="1.0" encoding="UTF-8"?>
<!DOCTYPE html PUBLIC "-//W3C//DTD XHTML 1.0 Transitional//EN"
    "http://www.w3.org/TR/xhtml1/DTD/xhtml1-transitional.dtd">
<html xmlns="http://www.w3.org/1999/xhtml" xml:lang="en" lang="en">
 <head>
  <title>
</title>
<meta http-equiv="Content-Type" content="text/html;charset=utf-8" />
  <meta name='ocr-system' content='tesseract 3.04.00' />
  <meta name='ocr-capabilities' content='ocr_page ocr_carea ocr_par ocr_line ocrx_word'/>
</head>
<body>
  <div class='ocr_page' id='page_1' title='image "./fragmentahistor01langgoog/fragmentahistor01langgoog_0539.png"; bbox 0 0 3809 5859; ppageno 0'>
   <div class='ocr_carea' id='block_1_1' title="bbox 790 386 1765 465">
    <p class='ocr_par' dir='ltr' id='par_1_1' title="bbox 790 386 1765 465">
     <span class='ocr_line' id='line_1_1' title="bbox 790 386 1765 465; baseline 0.014 -22"><span class='ocrx_word' id='word_1_1' title='bbox 790 386 1069 453; x_wconf 77' lang='lat' dir='ltr'>FRAGMENTUM.</span> <span class='ocrx_word' id='word_1_2' title='bbox 1680 409 1699 465; x_wconf 80' lang='lat'>5</span> <span class='ocrx_word' id='word_1_3' title='bbox 1762 403 1765 406; x_wconf 82' lang='grc'><em>·</em></span> 
     </span>
    </p>
   </div>
   <div class='ocr_carea' id='block_1_2' title="bbox 96 500 870 2070">
    <p class='ocr_par' dir='ltr' id='par_1_2' title="bbox 96 500 870 2070">
     <span class='ocr_line' id='line_1_2' title="bbox 102 500 870 596; baseline 0.016 -31"><span class='ocrx_word' id='word_1_4' title='bbox 102 531 130 565; x_wconf 87' lang='grc' dir='ltr'>τε</span> <span class='ocrx_word' id='word_1_5' title='bbox 143 505 234 575; x_wconf 83' lang='grc' dir='ltr'>είςτδις</span> <span class='ocrx_word' id='word_1_6' title='bbox 250 509 343 581; x_wconf 77' lang='grc' dir='ltr'>θήάας</span> <span class='ocrx_word' id='word_1_7' title='bbox 358 509 415 586; x_wconf 79' lang='grc' dir='ltr'>ἅμα</span> <span class='ocrx_word' id='word_1_8' title='bbox 431 514 467 590; x_wconf 80' lang='grc' dir='ltr'>τῷ</span> <span class='ocrx_word' id='word_1_9' title='bbox 485 515 602 592; x_wconf 82' lang='grc' dir='ltr'>στρατῷ,</span> <span class='ocrx_word' id='word_1_10' title='bbox 618 515 729 573; x_wconf 79' lang='grc' dir='ltr'>ἐνταῦθα</span> <span class='ocrx_word' id='word_1_11' title='bbox 745 500 870 596; x_wconf 83' lang='grc' dir='ltr'>ἐστρατο-</span> 
     </span>
     <span class='ocr_line' id='line_1_3' title="bbox 102 594 869 680; baseline 0.012 -26"><span class='ocrx_word' id='word_1_12' title='bbox 102 596 256 675; x_wconf 81' lang='grc' dir='ltr'>πεδεύσατο,</span> <span class='ocrx_word' id='word_1_13' title='bbox 287 600 311 656; x_wconf 84' lang='lat' dir='ltr'>ot</span> <span class='ocrx_word' id='word_1_14' title='bbox 331 599 358 657; x_wconf 74' lang='lat' dir='ltr'>dt</span> <span class='ocrx_word' id='word_1_15' title='bbox 380 594 511 670; x_wconf 79' lang='grc' dir='ltr'>Ἕλληνες</span> <span class='ocrx_word' id='word_1_16' title='bbox 543 601 814 680; x_wconf 73' lang='grc' dir='ltr'>ἐστρατοπεδεύσαντο</span> <span class='ocrx_word' id='word_1_17' title='bbox 843 608 869 663; x_wconf 82' lang='grc' dir='ltr'>έν</span> 
     </span>
     <span class='ocr_line' id='line_1_4' title="bbox 102 685 869 763; baseline 0.012 -19"><span class='ocrx_word' id='word_1_18' title='bbox 102 688 259 751; x_wconf 88' lang='grc' dir='ltr'>Πλαταιαῖς.</span> <span class='ocrx_word' id='word_1_19' title='bbox 285 685 329 745; x_wconf 77' lang='lat' dir='ltr'>Ta</span> <span class='ocrx_word' id='word_1_20' title='bbox 350 686 377 744; x_wconf 77' lang='grc' dir='ltr'>δέ</span> <span class='ocrx_word' id='word_1_21' title='bbox 404 686 502 763; x_wconf 76' lang='grc' dir='ltr'>μεταξὺ</span> <span class='ocrx_word' id='word_1_22' title='bbox 526 689 626 759; x_wconf 76' lang='grc' dir='ltr'>Θηθῶν</span> <span class='ocrx_word' id='word_1_23' title='bbox 659 690 705 749; x_wconf 82' lang='grc' dir='ltr'>καί</span> <span class='ocrx_word' id='word_1_24' title='bbox 728 693 869 753; x_wconf 81' lang='grc' dir='ltr'>Πλαταιῶν</span> 
     </span>
     <span class='ocr_line' id='line_1_5' title="bbox 101 771 868 857; baseline 0.013 -28"><span class='ocrx_word' id='word_1_25' title='bbox 101 771 196 830; x_wconf 84' lang='grc' dir='ltr'>στάδιά</span> <span class='ocrx_word' id='word_1_26' title='bbox 219 774 290 832; x_wconf 80' lang='grc' dir='ltr'>ίοτιν</span> <span class='ocrx_word' id='word_1_27' title='bbox 316 773 354 835; x_wconf 83' lang='grc' dir='ltr'>π’.</span> <span class='ocrx_word' id='word_1_28' title='bbox 382 774 633 852; x_wconf 86' lang='grc' dir='ltr'>Συνπαρετάασοντο</span> <span class='ocrx_word' id='word_1_29' title='bbox 663 776 691 835; x_wconf 79' lang='grc' dir='ltr'>δὲ</span> <span class='ocrx_word' id='word_1_30' title='bbox 728 778 868 857; x_wconf 86' lang='grc' dir='ltr'>Μαρδονίω</span> 
     </span>
     <span class='ocr_line' id='line_1_6' title="bbox 100 844 868 937; baseline 0.009 -28"><span class='ocrx_word' id='word_1_31' title='bbox 100 853 224 911; x_wconf 81' lang='grc' dir='ltr'>Βοιωτῶν</span> <span class='ocrx_word' id='word_1_32' title='bbox 240 852 361 927; x_wconf 80' lang='grc' dir='ltr'>μυριάδες</span> <span class='ocrx_word' id='word_1_33' title='bbox 373 852 405 913; x_wconf 87' lang='grc' dir='ltr'>δ’.</span> <span class='ocrx_word' id='word_1_34' title='bbox 423 856 454 935; x_wconf 77' lang='grc' dir='ltr'>(ε)</span> <span class='ocrx_word' id='word_1_35' title='bbox 467 844 546 932; x_wconf 76' lang='grc' dir='ltr'>Εἶχον</span> <span class='ocrx_word' id='word_1_36' title='bbox 559 854 624 914; x_wconf 77' lang='grc' dir='ltr'>δὲτὸ</span> <span class='ocrx_word' id='word_1_37' title='bbox 633 854 680 927; x_wconf 80' lang='grc' dir='ltr'>μίν</span> <span class='ocrx_word' id='word_1_38' title='bbox 695 854 775 923; x_wconf 79' lang='grc' dir='ltr'>δεξιὸν</span> <span class='ocrx_word' id='word_1_39' title='bbox 790 844 868 937; x_wconf 83' lang='grc' dir='ltr'>κέράς</span> 
     </span>
     <span class='ocr_line' id='line_1_7' title="bbox 100 939 869 1019; baseline 0.005 -20"><span class='ocrx_word' id='word_1_40' title='bbox 100 939 204 1016; x_wconf 80' lang='grc' dir='ltr'>Πέρσαι</span> <span class='ocrx_word' id='word_1_41' title='bbox 214 939 259 999; x_wconf 84' lang='grc' dir='ltr'>καὶ</span> <span class='ocrx_word' id='word_1_42' title='bbox 272 940 427 1019; x_wconf 80' lang='grc' dir='ltr'>Μαρδόνιος,</span> <span class='ocrx_word' id='word_1_43' title='bbox 442 942 473 999; x_wconf 80' lang='grc' dir='ltr'>τὸ</span> <span class='ocrx_word' id='word_1_44' title='bbox 487 941 514 999; x_wconf 77' lang='lat' dir='ltr'>dt</span> <span class='ocrx_word' id='word_1_45' title='bbox 530 940 662 1019; x_wconf 80' lang='grc' dir='ltr'>εὐώνυμον</span> <span class='ocrx_word' id='word_1_46' title='bbox 673 946 697 1001; x_wconf 83' lang='lat' dir='ltr'>ot</span> <span class='ocrx_word' id='word_1_47' title='bbox 712 942 869 1019; x_wconf 73' lang='grc' dir='ltr'>μηδίσαντες</span> 
     </span>
     <span class='ocr_line' id='line_1_8' title="bbox 98 1022 867 1109; baseline 0.005 -24"><span class='ocrx_word' id='word_1_48' title='bbox 98 1022 242 1097; x_wconf 79' lang='grc' dir='ltr'>Ἕλληνες·</span> <span class='ocrx_word' id='word_1_49' title='bbox 264 1030 317 1085; x_wconf 83' lang='grc' dir='ltr'>τῶν</span> <span class='ocrx_word' id='word_1_50' title='bbox 342 1028 368 1087; x_wconf 76' lang='lat' dir='ltr'>st</span> <span class='ocrx_word' id='word_1_51' title='bbox 384 1028 521 1101; x_wconf 81' lang='grc' dir='ltr'>Ἑλλήνων</span> <span class='ocrx_word' id='word_1_52' title='bbox 535 1030 560 1087; x_wconf 81' lang='grc' dir='ltr'>οἱ</span> <span class='ocrx_word' id='word_1_53' title='bbox 579 1028 626 1105; x_wconf 84' lang='grc' dir='ltr'>μίν</span> <span class='ocrx_word' id='word_1_54' title='bbox 647 1029 782 1101; x_wconf 83' lang='grc' dir='ltr'>Ἀθηναῖοι</span> <span class='ocrx_word' id='word_1_55' title='bbox 798 1022 867 1109; x_wconf 80' lang='grc' dir='ltr'>εἶχον</span> 
     </span>
     <span class='ocr_line' id='line_1_9' title="bbox 98 1113 866 1192; baseline 0.005 -21"><span class='ocrx_word' id='word_1_56' title='bbox 98 1113 133 1171; x_wconf 84' lang='grc' dir='ltr'>τὸ.</span> <span class='ocrx_word' id='word_1_57' title='bbox 143 1114 233 1187; x_wconf 80' lang='grc' dir='ltr'>δεξιὸν,</span> <span class='ocrx_word' id='word_1_58' title='bbox 244 1114 273 1172; x_wconf 83' lang='grc' dir='ltr'>τὸ</span> <span class='ocrx_word' id='word_1_59' title='bbox 283 1113 310 1173; x_wconf 76' lang='grc' dir='ltr'>δὲ</span> <span class='ocrx_word' id='word_1_60' title='bbox 325 1113 457 1191; x_wconf 81' lang='grc' dir='ltr'>εὐώνυμον</span> <span class='ocrx_word' id='word_1_61' title='bbox 467 1114 680 1192; x_wconf 80' lang='grc' dir='ltr'>Λακεδαιμόνιοι.</span> <span class='ocrx_word' id='word_1_62' title='bbox 696 1118 866 1189; x_wconf 85' lang='grc' dir='ltr'>Μετέστησοιν</span> 
     </span>
     <span class='ocr_line' id='line_1_10' title="bbox 99 1199 867 1283; baseline 0.007 -24"><span class='ocrx_word' id='word_1_63' title='bbox 99 1200 126 1259; x_wconf 77' lang='grc' dir='ltr'>δὲ</span> <span class='ocrx_word' id='word_1_64' title='bbox 148 1199 242 1267; x_wconf 76' lang='grc' dir='ltr'>αὐτοὺς</span> <span class='ocrx_word' id='word_1_65' title='bbox 269 1202 294 1261; x_wconf 81' lang='grc' dir='ltr'>οἱ</span> <span class='ocrx_word' id='word_1_66' title='bbox 320 1202 532 1278; x_wconf 81' lang='grc' dir='ltr'>Λακεδαιμόνιοι,</span> <span class='ocrx_word' id='word_1_67' title='bbox 560 1203 690 1283; x_wconf 79' lang='grc' dir='ltr'>φήσαντες</span> <span class='ocrx_word' id='word_1_68' title='bbox 713 1204 867 1277; x_wconf 81' lang='grc' dir='ltr'>Ἀθηναίους</span> 
     </span>
     <span class='ocr_line' id='line_1_11' title="bbox 98 1280 866 1369; baseline 0.008 -24"><span class='ocrx_word' id='word_1_69' title='bbox 98 1287 321 1369; x_wconf 85' lang='grc' dir='ltr'>έμπ[ει]ροτέρους</span> <span class='ocrx_word' id='word_1_70' title='bbox 337 1280 403 1347; x_wconf 76' lang='grc' dir='ltr'>εἶναι</span> <span class='ocrx_word' id='word_1_71' title='bbox 419 1289 482 1367; x_wconf 83' lang='grc' dir='ltr'>πρὸς</span> <span class='ocrx_word' id='word_1_72' title='bbox 495 1288 525 1347; x_wconf 78' lang='grc' dir='ltr'>τὸ</span> <span class='ocrx_word' id='word_1_73' title='bbox 536 1290 669 1367; x_wconf 82' lang='grc' dir='ltr'>μάχεσθαι</span> <span class='ocrx_word' id='word_1_74' title='bbox 678 1290 804 1369; x_wconf 80' lang='grc' dir='ltr'>Πέρσαις.</span> <span class='ocrx_word' id='word_1_75' title='bbox 818 1292 866 1353; x_wconf 85' lang='grc' dir='ltr'>Ἐν</span> 
     </span>
     <span class='ocr_line' id='line_1_12' title="bbox 99 1374 866 1456; baseline 0.01 -23"><span class='ocrx_word' id='word_1_76' title='bbox 99 1375 126 1433; x_wconf 85' lang='grc' dir='ltr'>δὲ</span> <span class='ocrx_word' id='word_1_77' title='bbox 147 1376 231 1455; x_wconf 82' lang='grc' dir='ltr'>τούτῳ</span> <span class='ocrx_word' id='word_1_78' title='bbox 245 1375 392 1456; x_wconf 85' lang='grc' dir='ltr'>Μαρδόνιος</span> <span class='ocrx_word' id='word_1_79' title='bbox 420 1374 540 1442; x_wconf 82' lang='grc' dir='ltr'>δεδοικὼς</span> <span class='ocrx_word' id='word_1_80' title='bbox 565 1376 695 1455; x_wconf 78' lang='grc' dir='ltr'>μάχεσθαι</span> <span class='ocrx_word' id='word_1_81' title='bbox 719 1377 866 1452; x_wconf 86' lang='grc' dir='ltr'>Ἀθηναίοις</span> 
     </span>
     <span class='ocr_line' id='line_1_13' title="bbox 98 1462 866 1542; baseline 0.007 -21"><span class='ocrx_word' id='word_1_82' title='bbox 98 1462 242 1537; x_wconf 80' lang='grc' dir='ltr'>μετέστησί</span> <span class='ocrx_word' id='word_1_83' title='bbox 253 1462 335 1533; x_wconf 76' lang='grc' dir='ltr'>τετῆν</span> <span class='ocrx_word' id='word_1_84' title='bbox 347 1465 480 1542; x_wconf 77' lang='grc' dir='ltr'>φάλαγγα,</span> <span class='ocrx_word' id='word_1_85' title='bbox 489 1465 535 1523; x_wconf 86' lang='grc' dir='ltr'>καί</span> <span class='ocrx_word' id='word_1_86' title='bbox 548 1463 630 1531; x_wconf 79' lang='grc' dir='ltr'>οὕτως</span> <span class='ocrx_word' id='word_1_87' title='bbox 637 1463 733 1538; x_wconf 76' lang='grc' dir='ltr'>συνίάη</span> <span class='ocrx_word' id='word_1_88' title='bbox 746 1468 798 1533; x_wconf 82' lang='grc' dir='ltr'>τοῖς</span> <span class='ocrx_word' id='word_1_89' title='bbox 809 1473 866 1529; x_wconf 86' lang='grc' dir='ltr'>Λα·</span> 
     </span>
     <span class='ocr_line' id='line_1_14' title="bbox 97 1547 863 1633; baseline 0.01 -26"><span class='ocrx_word' id='word_1_90' title='bbox 97 1547 270 1626; x_wconf 87' lang='grc' dir='ltr'>κεδαιμονίοις</span> <span class='ocrx_word' id='word_1_91' title='bbox 292 1549 337 1607; x_wconf 82' lang='grc' dir='ltr'>καὶ</span> <span class='ocrx_word' id='word_1_92' title='bbox 357 1550 487 1617; x_wconf 86' lang='grc' dir='ltr'>άκουσίοις</span> <span class='ocrx_word' id='word_1_93' title='bbox 511 1550 643 1630; x_wconf 77' lang='grc' dir='ltr'>μάχεσθαι</span> <span class='ocrx_word' id='word_1_94' title='bbox 664 1562 716 1621; x_wconf 86' lang='grc' dir='ltr'>τοῖς</span> <span class='ocrx_word' id='word_1_95' title='bbox 739 1555 863 1633; x_wconf 79' lang='grc' dir='ltr'>Πέρσαις.</span> 
     </span>
     <span class='ocr_line' id='line_1_15' title="bbox 96 1634 867 1719; baseline 0.005 -22"><span class='ocrx_word' id='word_1_96' title='bbox 96 1634 523 1715; x_wconf 72' lang='grc' dir='ltr'>Ἐστρατδγειδὲίλακεδαιμονίων</span> <span class='ocrx_word' id='word_1_97' title='bbox 530 1636 754 1714; x_wconf 80' lang='grc' dir='ltr'>μὲνΠαυσανίοςθ</span> <span class='ocrx_word' id='word_1_98' title='bbox 764 1643 867 1719; x_wconf 85' lang='grc' dir='ltr'>Κλεομ-</span> 
     </span>
     <span class='ocr_line' id='line_1_16' title="bbox 97 1722 865 1805; baseline 0.005 -22"><span class='ocrx_word' id='word_1_99' title='bbox 97 1722 200 1803; x_wconf 73' lang='grc' dir='ltr'>θράτον,</span> <span class='ocrx_word' id='word_1_100' title='bbox 208 1723 356 1793; x_wconf 84' lang='grc' dir='ltr'>Ἀθηναίων</span> <span class='ocrx_word' id='word_1_101' title='bbox 367 1724 394 1783; x_wconf 79' lang='grc' dir='ltr'>δὲ</span> <span class='ocrx_word' id='word_1_102' title='bbox 406 1723 568 1804; x_wconf 81' lang='grc' dir='ltr'>Ἀριστείδης</span> <span class='ocrx_word' id='word_1_103' title='bbox 578 1730 592 1784; x_wconf 84' lang='grc' dir='ltr'>ὁ</span> <span class='ocrx_word' id='word_1_104' title='bbox 603 1727 712 1793; x_wconf 89' lang='grc' dir='ltr'>δίκαιος.</span> <span class='ocrx_word' id='word_1_105' title='bbox 720 1729 865 1805; x_wconf 75' lang='grc' dir='ltr'>Γενομένης</span> 
     </span>
     <span class='ocr_line' id='line_1_17' title="bbox 96 1811 863 1891; baseline 0.005 -22"><span class='ocrx_word' id='word_1_106' title='bbox 96 1811 179 1883; x_wconf 75' lang='grc' dir='ltr'>δίτῆς</span> <span class='ocrx_word' id='word_1_107' title='bbox 194 1811 328 1889; x_wconf 75' lang='grc' dir='ltr'>σομὸολῆς</span> <span class='ocrx_word' id='word_1_108' title='bbox 336 1816 388 1871; x_wconf 83' lang='grc' dir='ltr'>τῶν</span> <span class='ocrx_word' id='word_1_109' title='bbox 397 1815 520 1891; x_wconf 81' lang='grc' dir='ltr'>Περσῶν,</span> <span class='ocrx_word' id='word_1_110' title='bbox 535 1813 672 1887; x_wconf 83' lang='grc' dir='ltr'>Ἀθηναῖοι</span> <span class='ocrx_word' id='word_1_111' title='bbox 681 1814 863 1889; x_wconf 76' lang='grc' dir='ltr'>έπεάοήθησον</span> 
     </span>
     <span class='ocr_line' id='line_1_18' title="bbox 96 1900 865 1984; baseline 0.008 -28"><span class='ocrx_word' id='word_1_112' title='bbox 96 1907 149 1966; x_wconf 87' lang='grc' dir='ltr'>τοῖς</span> <span class='ocrx_word' id='word_1_113' title='bbox 161 1900 378 1977; x_wconf 81' lang='grc' dir='ltr'>Λακεδαιμονίοις</span> <span class='ocrx_word' id='word_1_114' title='bbox 394 1901 440 1959; x_wconf 87' lang='grc' dir='ltr'>καὶ</span> <span class='ocrx_word' id='word_1_115' title='bbox 453 1902 584 1973; x_wconf 81' lang='grc' dir='ltr'>ἐνίκησαν.</span> <span class='ocrx_word' id='word_1_116' title='bbox 600 1904 633 1980; x_wconf 84' lang='grc'>(5)</span> <span class='ocrx_word' id='word_1_117' title='bbox 645 1903 775 1963; x_wconf 83' lang='grc' dir='ltr'>Ἐνταῦθα</span> <span class='ocrx_word' id='word_1_118' title='bbox 785 1907 865 1984; x_wconf 84' lang='grc' dir='ltr'>Μοιρ-</span> 
     </span>
     <span class='ocr_line' id='line_1_19' title="bbox 96 1986 864 2070; baseline 0.004 -25"><span class='ocrx_word' id='word_1_119' title='bbox 96 1988 176 2055; x_wconf 80' lang='grc' dir='ltr'>δάνιος</span> <span class='ocrx_word' id='word_1_120' title='bbox 198 1986 290 2046; x_wconf 86' lang='grc' dir='ltr'>ίιιεσεν</span> <span class='ocrx_word' id='word_1_121' title='bbox 309 1992 394 2067; x_wconf 81' lang='grc' dir='ltr'>γυμνῇ</span> <span class='ocrx_word' id='word_1_122' title='bbox 418 1993 451 2068; x_wconf 83' lang='grc' dir='ltr'>τῇ</span> <span class='ocrx_word' id='word_1_123' title='bbox 476 1991 578 2069; x_wconf 82' lang='grc' dir='ltr'>κεφαλῇ</span> <span class='ocrx_word' id='word_1_124' title='bbox 601 1991 770 2070; x_wconf 83' lang='grc' dir='ltr'>μαχόμενος,</span> <span class='ocrx_word' id='word_1_125' title='bbox 786 1994 864 2050; x_wconf 75' lang='grc' dir='ltr'>ἀναι-</span> 
     </span>
    </p>
   </div>
   <div class='ocr_carea' id='block_1_3' title="bbox 6 2072 861 2156">
    <p class='ocr_par' dir='ltr' id='par_1_3' title="bbox 6 2072 861 2156">
     <span class='ocr_line' id='line_1_20' title="bbox 6 2072 861 2156; baseline 0.006 -24"><span class='ocrx_word' id='word_1_126' title='bbox 6 2138 8 2142; x_wconf 59' lang='grc'>,</span> <span class='ocrx_word' id='word_1_127' title='bbox 98 2074 177 2153; x_wconf 85' lang='grc' dir='ltr'>ρεθείς</span> <span class='ocrx_word' id='word_1_128' title='bbox 191 2074 243 2133; x_wconf 78' lang='grc' dir='ltr'>ὑπὸ</span> <span class='ocrx_word' id='word_1_129' title='bbox 252 2072 425 2151; x_wconf 81' lang='grc' dir='ltr'>Ἀειμνήστου</span> <span class='ocrx_word' id='word_1_130' title='bbox 444 2076 533 2154; x_wconf 76' lang='grc' dir='ltr'>ἀνδρὸς</span> <span class='ocrx_word' id='word_1_131' title='bbox 556 2076 772 2151; x_wconf 83' lang='grc' dir='ltr'>Λακεδαιμονίου.</span> <span class='ocrx_word' id='word_1_132' title='bbox 784 2076 861 2156; x_wconf 73' lang='lat' dir='ltr'>’lipt-</span> 
     </span>
    </p>
   </div>
   <div class='ocr_carea' id='block_1_4' title="bbox 92 2162 863 2684">
    <p class='ocr_par' dir='ltr' id='par_1_4' title="bbox 92 2162 863 2684">
     <span class='ocr_line' id='line_1_21' title="bbox 97 2162 863 2243; baseline 0.003 -24"><span class='ocrx_word' id='word_1_133' title='bbox 97 2184 191 2221; x_wconf 82' lang='grc' dir='ltr'>στιυοε</span> <span class='ocrx_word' id='word_1_134' title='bbox 215 2162 242 2219; x_wconf 81' lang='grc' dir='ltr'>δὲ</span> <span class='ocrx_word' id='word_1_135' title='bbox 263 2163 374 2220; x_wconf 78' lang='grc' dir='ltr'>ἐνταῦθα</span> <span class='ocrx_word' id='word_1_136' title='bbox 387 2162 432 2221; x_wconf 85' lang='grc' dir='ltr'>καί</span> <span class='ocrx_word' id='word_1_137' title='bbox 448 2162 638 2242; x_wconf 78' lang='grc' dir='ltr'>Ἀριστόδημος</span> <span class='ocrx_word' id='word_1_138' title='bbox 662 2168 676 2222; x_wconf 80' lang='grc' dir='ltr'><strong>ὁ</strong></span> <span class='ocrx_word' id='word_1_139' title='bbox 698 2164 863 2243; x_wconf 79' lang='grc' dir='ltr'>ὑποστρέψας</span> 
     </span>
     <span class='ocr_line' id='line_1_22' title="bbox 96 2248 861 2331; baseline 0.003 -25"><span class='ocrx_word' id='word_1_140' title='bbox 96 2248 148 2307; x_wconf 82' lang='grc' dir='ltr'>ἀπὸ</span> <span class='ocrx_word' id='word_1_141' title='bbox 159 2251 341 2327; x_wconf 82' lang='grc' dir='ltr'>Θερμοπυλῶν</span> <span class='ocrx_word' id='word_1_142' title='bbox 356 2250 401 2307; x_wconf 86' lang='grc' dir='ltr'>καί</span> <span class='ocrx_word' id='word_1_143' title='bbox 415 2250 518 2321; x_wconf 85' lang='grc' dir='ltr'>κληθείς</span> <span class='ocrx_word' id='word_1_144' title='bbox 530 2250 572 2309; x_wconf 68' lang='lat' dir='ltr'>Ast</span> <span class='ocrx_word' id='word_1_145' title='bbox 585 2254 684 2310; x_wconf 76' lang='grc' dir='ltr'>τοῦτοὸ</span> <span class='ocrx_word' id='word_1_146' title='bbox 697 2259 800 2331; x_wconf 65' lang='lat' dir='ltr'>sperae.</span> <span class='ocrx_word' id='word_1_147' title='bbox 814 2250 861 2310; x_wconf 85' lang='grc' dir='ltr'>Διθ</span> 
     </span>
     <span class='ocr_line' id='line_1_23' title="bbox 95 2338 861 2418; baseline 0.001 -22"><span class='ocrx_word' id='word_1_148' title='bbox 95 2338 298 2413; x_wconf 84' lang='grc' dir='ltr'>Λακεδαιμόνιοι</span> <span class='ocrx_word' id='word_1_149' title='bbox 321 2339 369 2396; x_wconf 86' lang='grc' dir='ltr'>οὐκ</span> <span class='ocrx_word' id='word_1_150' title='bbox 389 2338 489 2397; x_wconf 78' lang='grc' dir='ltr'>ἔδωκαν</span> <span class='ocrx_word' id='word_1_151' title='bbox 513 2340 584 2418; x_wconf 81' lang='grc' dir='ltr'>αὐτῷ</span> <span class='ocrx_word' id='word_1_152' title='bbox 598 2338 628 2397; x_wconf 82' lang='grc' dir='ltr'>τὸ</span> <span class='ocrx_word' id='word_1_153' title='bbox 641 2338 720 2417; x_wconf 85' lang='grc' dir='ltr'>γέρας</span> <span class='ocrx_word' id='word_1_154' title='bbox 735 2344 781 2412; x_wconf 80' lang='grc' dir='ltr'>τῆς</span> <span class='ocrx_word' id='word_1_155' title='bbox 804 2342 861 2417; x_wconf 82' lang='lat' dir='ltr'>ripr-</span> 
     </span>
     <span class='ocr_line' id='line_1_24' title="bbox 93 2428 861 2512; baseline 0.004 -25"><span class='ocrx_word' id='word_1_156' title='bbox 93 2428 191 2503; x_wconf 87' lang='grc' dir='ltr'>στείας,</span> <span class='ocrx_word' id='word_1_157' title='bbox 201 2430 363 2506; x_wconf 79' lang='grc' dir='ltr'>ἡγησάμενοι</span> <span class='ocrx_word' id='word_1_158' title='bbox 377 2430 407 2490; x_wconf 81' lang='grc' dir='ltr'>τὸ</span> <span class='ocrx_word' id='word_1_159' title='bbox 420 2430 468 2506; x_wconf 80' lang='grc' dir='ltr'>μίν</span> <span class='ocrx_word' id='word_1_160' title='bbox 476 2435 578 2512; x_wconf 85' lang='grc' dir='ltr'>πρῶτον</span> <span class='ocrx_word' id='word_1_161' title='bbox 589 2432 725 2510; x_wconf 86' lang='grc' dir='ltr'>γενόμενον</span> <span class='ocrx_word' id='word_1_162' title='bbox 740 2431 802 2512; x_wconf 73' lang='grc' dir='ltr'>περὶ</span> <span class='ocrx_word' id='word_1_163' title='bbox 812 2433 861 2504; x_wconf 79' lang='grc' dir='ltr'>τὴν</span> 
     </span>
     <span class='ocr_line' id='line_1_25' title="bbox 92 2508 861 2597; baseline 0.003 -22"><span class='ocrx_word' id='word_1_164' title='bbox 92 2515 258 2585; x_wconf 80' lang='grc' dir='ltr'>λειποταξίαν</span> <span class='ocrx_word' id='word_1_165' title='bbox 272 2516 378 2595; x_wconf 86' lang='grc' dir='ltr'>γνώμης</span> <span class='ocrx_word' id='word_1_166' title='bbox 392 2508 472 2591; x_wconf 79' lang='grc' dir='ltr'>εἶναι,</span> <span class='ocrx_word' id='word_1_167' title='bbox 489 2518 519 2578; x_wconf 84' lang='grc' dir='ltr'>τὸ</span> <span class='ocrx_word' id='word_1_168' title='bbox 536 2522 683 2577; x_wconf 86' lang='grc' dir='ltr'>τελευταῖον</span> <span class='ocrx_word' id='word_1_169' title='bbox 699 2518 725 2578; x_wconf 81' lang='grc' dir='ltr'>δὲ</span> <span class='ocrx_word' id='word_1_170' title='bbox 738 2520 798 2597; x_wconf 85' lang='grc' dir='ltr'>περί</span> <span class='ocrx_word' id='word_1_171' title='bbox 813 2519 861 2590; x_wconf 77' lang='grc' dir='ltr'>τὴν</span> 
     </span>
     <span class='ocr_line' id='line_1_26' title="bbox 93 2604 328 2684; baseline 0.004 -22"><span class='ocrx_word' id='word_1_172' title='bbox 93 2604 224 2684; x_wconf 78' lang='grc' dir='ltr'>ἀριστείαν</span> <span class='ocrx_word' id='word_1_173' title='bbox 237 2604 328 2684; x_wconf 83' lang='grc' dir='ltr'>τύχης.</span> 
     </span>
    </p>
   </div>
   <div class='ocr_carea' id='block_1_5' title="bbox 135 2690 861 2777">
    <p class='ocr_par' dir='ltr' id='par_1_5' title="bbox 135 2690 861 2777">
     <span class='ocr_line' id='line_1_27' title="bbox 135 2690 861 2777; baseline -0.003 -25"><span class='ocrx_word' id='word_1_174' title='bbox 135 2694 188 2753; x_wconf 88' lang='lat' dir='ltr'>ill.</span> <span class='ocrx_word' id='word_1_175' title='bbox 210 2691 319 2763; x_wconf 74' lang='grc' dir='ltr'>Ἐπειδὴ</span> <span class='ocrx_word' id='word_1_176' title='bbox 341 2690 368 2751; x_wconf 79' lang='grc' dir='ltr'>δὲ</span> <span class='ocrx_word' id='word_1_177' title='bbox 393 2692 515 2777; x_wconf 59' lang='lat' dir='ltr'>§rasead</span> <span class='ocrx_word' id='word_1_178' title='bbox 541 2694 696 2773; x_wconf 79' lang='grc' dir='ltr'>Μαρδόνιος,</span> <span class='ocrx_word' id='word_1_179' title='bbox 717 2696 741 2752; x_wconf 83' lang='grc' dir='ltr'>οἱ</span> <span class='ocrx_word' id='word_1_180' title='bbox 756 2693 861 2775; x_wconf 84' lang='grc' dir='ltr'>Πέρσαι</span> 
     </span>
    </p>
   </div>
   <div class='ocr_carea' id='block_1_6' title="bbox 922 520 1699 1399">
    <p class='ocr_par' dir='ltr' id='par_1_6' title="bbox 922 520 1699 1399">
     <span class='ocr_line' id='line_1_28' title="bbox 925 520 1699 603; baseline 0.021 -33"><span class='ocrx_word' id='word_1_181' title='bbox 925 520 970 572; x_wconf 93' lang='lat' dir='ltr'>bas</span> <span class='ocrx_word' id='word_1_182' title='bbox 983 521 1120 573; x_wconf 81' lang='lat' dir='ltr'>exercitum</span> <span class='ocrx_word' id='word_1_183' title='bbox 1141 523 1213 575; x_wconf 83' lang='lat' dir='ltr'>duxit</span> <span class='ocrx_word' id='word_1_184' title='bbox 1227 526 1311 589; x_wconf 80' lang='lat' dir='ltr'>ibique</span> <span class='ocrx_word' id='word_1_185' title='bbox 1325 531 1408 578; x_wconf 83' lang='lat' dir='ltr'>eastra</span> <span class='ocrx_word' id='word_1_186' title='bbox 1425 533 1532 603; x_wconf 67' lang='lat' dir='ltr'>meatus</span> <span class='ocrx_word' id='word_1_187' title='bbox 1550 536 1602 593; x_wconf 76' lang='lat' dir='ltr'>est3</span> <span class='ocrx_word' id='word_1_188' title='bbox 1618 535 1699 586; x_wconf 74' lang='lat' dir='ltr'>Graeci</span> 
     </span>
     <span class='ocr_line' id='line_1_29' title="bbox 925 624 1697 692; baseline 0.021 -25"><span class='ocrx_word' id='word_1_189' title='bbox 925 632 985 669; x_wconf 80' lang='lat' dir='ltr'>vero</span> <span class='ocrx_word' id='word_1_190' title='bbox 998 624 1079 670; x_wconf 72' lang='lat' dir='ltr'>costra</span> <span class='ocrx_word' id='word_1_191' title='bbox 1096 625 1229 684; x_wconf 79' lang='lat' dir='ltr'>postrenmt</span> <span class='ocrx_word' id='word_1_192' title='bbox 1249 624 1282 674; x_wconf 88' lang='lat' dir='ltr'>sd</span> <span class='ocrx_word' id='word_1_193' title='bbox 1299 625 1410 686; x_wconf 71' lang='lat' dir='ltr'>Plataeas,</span> <span class='ocrx_word' id='word_1_194' title='bbox 1431 629 1556 692; x_wconf 78' lang='lat' dir='ltr'>octogints</span> <span class='ocrx_word' id='word_1_195' title='bbox 1574 643 1589 679; x_wconf 87' lang='lat' dir='ltr'>a</span> <span class='ocrx_word' id='word_1_196' title='bbox 1606 632 1697 684; x_wconf 84' lang='lat' dir='ltr'>Thebis</span> 
     </span>
     <span class='ocr_line' id='line_1_30' title="bbox 924 718 1697 794; baseline 0.021 -26"><span class='ocrx_word' id='word_1_197' title='bbox 924 719 1003 769; x_wconf 87' lang='lat' dir='ltr'>stadia</span> <span class='ocrx_word' id='word_1_198' title='bbox 1024 718 1151 771; x_wconf 82' lang='lat' dir='ltr'>distantes.</span> <span class='ocrx_word' id='word_1_199' title='bbox 1173 722 1295 773; x_wconf 87' lang='lat' dir='ltr'>itardouii</span> <span class='ocrx_word' id='word_1_200' title='bbox 1316 725 1427 788; x_wconf 88' lang='lat' dir='ltr'>partibus</span> <span class='ocrx_word' id='word_1_201' title='bbox 1441 728 1602 794; x_wconf 65' lang='lat' dir='ltr'><strong>quadraginin</strong></span> <span class='ocrx_word' id='word_1_202' title='bbox 1621 734 1697 784; x_wconf 81' lang='lat' dir='ltr'>millia</span> 
     </span>
     <span class='ocr_line' id='line_1_31' title="bbox 923 823 1696 888; baseline 0.019 -17"><span class='ocrx_word' id='word_1_203' title='bbox 923 823 1063 873; x_wconf 83' lang='lat' dir='ltr'>Bmotorum</span> <span class='ocrx_word' id='word_1_204' title='bbox 1077 838 1105 874; x_wconf 90' lang='lat' dir='ltr'>se</span> <span class='ocrx_word' id='word_1_205' title='bbox 1124 824 1295 888; x_wconf 81' lang='lat' dir='ltr'>adjunxerant.</span> <span class='ocrx_word' id='word_1_206' title='bbox 1315 829 1435 879; x_wconf 80' lang='lat' dir='ltr'>Dextrum</span> <span class='ocrx_word' id='word_1_207' title='bbox 1453 843 1529 881; x_wconf 87' lang='lat' dir='ltr'>oomu</span> <span class='ocrx_word' id='word_1_208' title='bbox 1549 835 1631 885; x_wconf 81' lang='lat' dir='ltr'>Persa</span> <span class='ocrx_word' id='word_1_209' title='bbox 1648 836 1696 886; x_wconf 90' lang='lat' dir='ltr'>sub</span> 
     </span>
     <span class='ocr_line' id='line_1_32' title="bbox 922 920 1694 998; baseline 0.022 -28"><span class='ocrx_word' id='word_1_210' title='bbox 922 920 1058 983; x_wconf 81' lang='lat' dir='ltr'>Mardonio,</span> <span class='ocrx_word' id='word_1_211' title='bbox 1074 923 1201 974; x_wconf 89' lang='lat' dir='ltr'>sinistrum</span> <span class='ocrx_word' id='word_1_212' title='bbox 1222 927 1302 976; x_wconf 79' lang='lat' dir='ltr'>Grmoi</span> <span class='ocrx_word' id='word_1_213' title='bbox 1319 928 1449 979; x_wconf 89' lang='lat' dir='ltr'>Persarum</span> <span class='ocrx_word' id='word_1_214' title='bbox 1461 931 1522 982; x_wconf 84' lang='lat' dir='ltr'>socii</span> <span class='ocrx_word' id='word_1_215' title='bbox 1539 933 1694 998; x_wconf 85' lang='lat' dir='ltr'>obtinebant;</span> 
     </span>
     <span class='ocr_line' id='line_1_33' title="bbox 923 1021 1694 1096; baseline 0.025 -26"><span class='ocrx_word' id='word_1_216' title='bbox 923 1021 988 1084; x_wconf 90' lang='lat' dir='ltr'>apud</span> <span class='ocrx_word' id='word_1_217' title='bbox 1003 1023 1103 1073; x_wconf 77' lang='lat' dir='ltr'>Grecos</span> <span class='ocrx_word' id='word_1_218' title='bbox 1119 1024 1145 1072; x_wconf 81' lang='lat' dir='ltr'>irs</span> <span class='ocrx_word' id='word_1_219' title='bbox 1164 1025 1251 1075; x_wconf 82' lang='lat' dir='ltr'>dertm</span> <span class='ocrx_word' id='word_1_220' title='bbox 1264 1040 1341 1077; x_wconf 88' lang='lat' dir='ltr'>oornu</span> <span class='ocrx_word' id='word_1_221' title='bbox 1354 1030 1527 1096; x_wconf 75' lang='lat' dir='ltr'>Athenienses,</span> <span class='ocrx_word' id='word_1_222' title='bbox 1539 1036 1694 1088; x_wconf 74' lang='lat' dir='ltr'>baoedaerno·</span> 
     </span>
     <span class='ocr_line' id='line_1_34' title="bbox 922 1120 1692 1186; baseline 0.023 -17"><span class='ocrx_word' id='word_1_223' title='bbox 922 1120 958 1169; x_wconf 87' lang='lat' dir='ltr'>nii</span> <span class='ocrx_word' id='word_1_224' title='bbox 973 1120 999 1169; x_wconf 91' lang='lat' dir='ltr'>in</span> <span class='ocrx_word' id='word_1_225' title='bbox 1011 1122 1111 1172; x_wconf 88' lang='lat' dir='ltr'>sinistro</span> <span class='ocrx_word' id='word_1_226' title='bbox 1129 1123 1240 1186; x_wconf 79' lang='lat' dir='ltr'>stsbant3</span> <span class='ocrx_word' id='word_1_227' title='bbox 1258 1124 1346 1176; x_wconf 89' lang='lat' dir='ltr'>deiude</span> <span class='ocrx_word' id='word_1_228' title='bbox 1359 1141 1417 1179; x_wconf 77' lang='lat' dir='ltr'>sero</span> <span class='ocrx_word' id='word_1_229' title='bbox 1428 1131 1606 1185; x_wconf 73' lang='lat' dir='ltr'>Lacedaemnil</span> <span class='ocrx_word' id='word_1_230' title='bbox 1616 1136 1692 1186; x_wconf 89' lang='lat' dir='ltr'>Atbe-</span> 
     </span>
     <span class='ocr_line' id='line_1_35' title="bbox 922 1218 1692 1291; baseline 0.025 -24"><span class='ocrx_word' id='word_1_231' title='bbox 922 1218 1043 1269; x_wconf 74' lang='lat' dir='ltr'>niensium</span> <span class='ocrx_word' id='word_1_232' title='bbox 1052 1221 1135 1285; x_wconf 86' lang='lat' dir='ltr'>oopias</span> <span class='ocrx_word' id='word_1_233' title='bbox 1150 1224 1362 1287; x_wconf 86' lang='lat' dir='ltr'>transposuerunt,</span> <span class='ocrx_word' id='word_1_234' title='bbox 1372 1228 1464 1291; x_wconf 73' lang='lat' dir='ltr'>aientes</span> <span class='ocrx_word' id='word_1_235' title='bbox 1474 1229 1530 1283; x_wconf 83' lang='lat' dir='ltr'>illas</span> <span class='ocrx_word' id='word_1_236' title='bbox 1539 1235 1626 1283; x_wconf 87' lang='lat' dir='ltr'>eontra</span> <span class='ocrx_word' id='word_1_237' title='bbox 1635 1236 1692 1286; x_wconf 90' lang='lat' dir='ltr'>Per·</span> 
     </span>
     <span class='ocr_line' id='line_1_36' title="bbox 922 1321 1691 1399; baseline 0.025 -32"><span class='ocrx_word' id='word_1_238' title='bbox 922 1334 963 1373; x_wconf 75' lang='lat' dir='ltr'>sas</span> <span class='ocrx_word' id='word_1_239' title='bbox 978 1321 1101 1386; x_wconf 77' lang='lat' dir='ltr'>pugnandi</span> <span class='ocrx_word' id='word_1_240' title='bbox 1114 1323 1242 1385; x_wconf 79' lang='lat' dir='ltr'>penitiores</span> <span class='ocrx_word' id='word_1_241' title='bbox 1253 1337 1316 1375; x_wconf 92' lang='lat' dir='ltr'>esse.</span> <span class='ocrx_word' id='word_1_242' title='bbox 1334 1328 1431 1378; x_wconf 88' lang='lat' dir='ltr'>interea</span> <span class='ocrx_word' id='word_1_243' title='bbox 1444 1333 1527 1383; x_wconf 88' lang='lat' dir='ltr'>autem</span> <span class='ocrx_word' id='word_1_244' title='bbox 1542 1335 1691 1399; x_wconf 79' lang='lat' dir='ltr'>Mardonius,</span> 
     </span>
    </p>
   </div>
   <div class='ocr_carea' id='block_1_7' title="bbox 921 1422 1692 1586">
    <p class='ocr_par' dir='ltr' id='par_1_7' title="bbox 921 1422 1692 1586">
     <span class='ocr_line' id='line_1_37' title="bbox 921 1422 1692 1499; baseline 0.021 -28"><span class='ocrx_word' id='word_1_245' title='bbox 921 1422 1011 1473; x_wconf 90' lang='lat' dir='ltr'>timens</span> <span class='ocrx_word' id='word_1_246' title='bbox 1024 1422 1184 1473; x_wconf 75' lang='lat' dir='ltr'>Athenienses</span> <span class='ocrx_word' id='word_1_247' title='bbox 1195 1423 1219 1472; x_wconf 90' lang='lat' dir='ltr'>iu</span> <span class='ocrx_word' id='word_1_248' title='bbox 1229 1424 1318 1487; x_wconf 86' lang='lat' dir='ltr'>proelio</span> <span class='ocrx_word' id='word_1_249' title='bbox 1330 1426 1377 1477; x_wconf 92' lang='lat' dir='ltr'>sibi</span> <span class='ocrx_word' id='word_1_250' title='bbox 1386 1429 1519 1492; x_wconf 89' lang='lat' dir='ltr'>oppositos,</span> <span class='ocrx_word' id='word_1_251' title='bbox 1529 1431 1581 1495; x_wconf 91' lang='lat' dir='ltr'>ipse</span> <span class='ocrx_word' id='word_1_252' title='bbox 1593 1447 1692 1499; x_wconf 88' lang='lat' dir='ltr'>quoqne</span> 
     </span>
     <span class='ocr_line' id='line_1_38' title="bbox 921 1516 1690 1586; baseline 0.021 -20"><span class='ocrx_word' id='word_1_253' title='bbox 921 1517 1046 1581; x_wconf 82' lang='lat' dir='ltr'>phalangis</span> <span class='ocrx_word' id='word_1_254' title='bbox 1056 1532 1109 1568; x_wconf 84' lang='lat' dir='ltr'>sure</span> <span class='ocrx_word' id='word_1_255' title='bbox 1122 1516 1233 1568; x_wconf 86' lang='lat' dir='ltr'>ordinem</span> <span class='ocrx_word' id='word_1_256' title='bbox 1244 1522 1361 1581; x_wconf 80' lang='lat' dir='ltr'>mutavit,</span> <span class='ocrx_word' id='word_1_257' title='bbox 1374 1524 1447 1586; x_wconf 88' lang='lat' dir='ltr'>atque</span> <span class='ocrx_word' id='word_1_258' title='bbox 1460 1524 1496 1575; x_wconf 84' lang='lat' dir='ltr'>sio</span> <span class='ocrx_word' id='word_1_259' title='bbox 1512 1528 1602 1579; x_wconf 81' lang='lat' dir='ltr'>assidit</span> <span class='ocrx_word' id='word_1_260' title='bbox 1613 1533 1642 1581; x_wconf 91' lang='lat' dir='ltr'>ut</span> <span class='ocrx_word' id='word_1_261' title='bbox 1652 1532 1690 1582; x_wconf 84' lang='lat' dir='ltr'>in=</span> 
     </span>
    </p>
   </div>
   <div class='ocr_carea' id='block_1_8' title="bbox 918 1619 1695 2201">
    <p class='ocr_par' dir='ltr' id='par_1_8' title="bbox 918 1619 1695 2201">
     <span class='ocr_line' id='line_1_39' title="bbox 921 1619 1691 1688; baseline 0.01 -19"><span class='ocrx_word' id='word_1_262' title='bbox 921 1620 979 1670; x_wconf 87' lang='lat' dir='ltr'>vitis</span> <span class='ocrx_word' id='word_1_263' title='bbox 988 1619 1178 1671; x_wconf 63' lang='lat' dir='ltr'>nemorosus</span> <span class='ocrx_word' id='word_1_264' title='bbox 1186 1624 1271 1671; x_wconf 85' lang='lat' dir='ltr'>eontra</span> <span class='ocrx_word' id='word_1_265' title='bbox 1286 1622 1375 1673; x_wconf 88' lang='lat' dir='ltr'>Persas</span> <span class='ocrx_word' id='word_1_266' title='bbox 1387 1626 1543 1688; x_wconf 80' lang='lat' dir='ltr'>pugnandum</span> <span class='ocrx_word' id='word_1_267' title='bbox 1553 1634 1627 1681; x_wconf 84' lang='lat' dir='ltr'>esset.</span> <span class='ocrx_word' id='word_1_268' title='bbox 1637 1635 1691 1683; x_wconf 78' lang='lat' dir='ltr'>Dux</span> 
     </span>
     <span class='ocr_line' id='line_1_40' title="bbox 920 1720 1691 1790; baseline 0.013 -19"><span class='ocrx_word' id='word_1_269' title='bbox 920 1720 1160 1772; x_wconf 77' lang='lat' dir='ltr'>Laoedremoniorum</span> <span class='ocrx_word' id='word_1_270' title='bbox 1166 1725 1221 1772; x_wconf 85' lang='lat' dir='ltr'>erat</span> <span class='ocrx_word' id='word_1_271' title='bbox 1234 1722 1365 1772; x_wconf 78' lang='lat' dir='ltr'>Pausanias</span> <span class='ocrx_word' id='word_1_272' title='bbox 1372 1722 1520 1775; x_wconf 77' lang='lat' dir='ltr'>Cleombroti</span> <span class='ocrx_word' id='word_1_273' title='bbox 1532 1726 1606 1790; x_wconf 84' lang='lat' dir='ltr'>tilius,</span> <span class='ocrx_word' id='word_1_274' title='bbox 1618 1730 1691 1781; x_wconf 90' lang='lat' dir='ltr'>Athe·</span> 
     </span>
     <span class='ocr_line' id='line_1_41' title="bbox 920 1821 1691 1888; baseline 0.014 -17"><span class='ocrx_word' id='word_1_275' title='bbox 920 1822 1041 1873; x_wconf 88' lang='lat' dir='ltr'>niensium</span> <span class='ocrx_word' id='word_1_276' title='bbox 1053 1822 1172 1873; x_wconf 78' lang='lat' dir='ltr'>Aristides</span> <span class='ocrx_word' id='word_1_277' title='bbox 1183 1821 1274 1884; x_wconf 84' lang='lat' dir='ltr'>justus.</span> <span class='ocrx_word' id='word_1_278' title='bbox 1287 1824 1407 1873; x_wconf 82' lang='lat' dir='ltr'>conserto</span> <span class='ocrx_word' id='word_1_279' title='bbox 1422 1825 1519 1888; x_wconf 88' lang='lat' dir='ltr'>proelio,</span> <span class='ocrx_word' id='word_1_280' title='bbox 1532 1829 1691 1883; x_wconf 78' lang='lat' dir='ltr'>Lnoedaemo-</span> 
     </span>
     <span class='ocr_line' id='line_1_42' title="bbox 921 1928 1691 1997; baseline 0.006 -18"><span class='ocrx_word' id='word_1_281' title='bbox 921 1929 970 1980; x_wconf 90' lang='lat' dir='ltr'>nils</span> <span class='ocrx_word' id='word_1_282' title='bbox 982 1928 1073 1979; x_wconf 86' lang='lat' dir='ltr'>auxilio</span> <span class='ocrx_word' id='word_1_283' title='bbox 1084 1931 1204 1979; x_wconf 84' lang='lat' dir='ltr'>venerunt</span> <span class='ocrx_word' id='word_1_284' title='bbox 1218 1928 1379 1979; x_wconf 84' lang='lat' dir='ltr'>Athenienses</span> <span class='ocrx_word' id='word_1_285' title='bbox 1389 1933 1416 1979; x_wconf 91' lang='lat' dir='ltr'>et</span> <span class='ocrx_word' id='word_1_286' title='bbox 1425 1929 1530 1981; x_wconf 77' lang='lat' dir='ltr'>viatoria</span> <span class='ocrx_word' id='word_1_287' title='bbox 1541 1935 1614 1997; x_wconf 87' lang='lat' dir='ltr'>potiti</span> <span class='ocrx_word' id='word_1_288' title='bbox 1624 1942 1691 1988; x_wconf 85' lang='lat' dir='ltr'>suut.</span> 
     </span>
     <span class='ocr_line' id='line_1_43' title="bbox 921 2026 1693 2091; baseline -0.005 -12"><span class='ocrx_word' id='word_1_289' title='bbox 921 2029 959 2079; x_wconf 93' lang='lat' dir='ltr'>lbi</span> <span class='ocrx_word' id='word_1_290' title='bbox 978 2028 1121 2079; x_wconf 78' lang='lat' dir='ltr'>Mardonius</span> <span class='ocrx_word' id='word_1_291' title='bbox 1138 2026 1205 2077; x_wconf 90' lang='lat' dir='ltr'>nudo</span> <span class='ocrx_word' id='word_1_292' title='bbox 1224 2026 1305 2090; x_wconf 83' lang='lat' dir='ltr'>sapite</span> <span class='ocrx_word' id='word_1_293' title='bbox 1318 2040 1427 2091; x_wconf 79' lang='lat' dir='ltr'>pugnans</span> <span class='ocrx_word' id='word_1_294' title='bbox 1445 2028 1534 2081; x_wconf 86' lang='lat' dir='ltr'>oeeidlt</span> <span class='ocrx_word' id='word_1_295' title='bbox 1558 2046 1633 2086; x_wconf 90' lang='lat' dir='ltr'>manu</span> <span class='ocrx_word' id='word_1_296' title='bbox 1650 2038 1693 2087; x_wconf 84' lang='lat' dir='ltr'>At.</span> 
     </span>
     <span class='ocr_line' id='line_1_44' title="bbox 918 2128 1695 2201; baseline 0.012 -21"><span class='ocrx_word' id='word_1_297' title='bbox 918 2131 1009 2181; x_wconf 86' lang='lat' dir='ltr'>moesti</span> <span class='ocrx_word' id='word_1_298' title='bbox 1025 2128 1211 2180; x_wconf 77' lang='lat' dir='ltr'>laoedemonii.</span> <span class='ocrx_word' id='word_1_299' title='bbox 1224 2129 1424 2180; x_wconf 85' lang='lat' dir='ltr'>strenuissimum</span> <span class='ocrx_word' id='word_1_300' title='bbox 1438 2143 1468 2181; x_wconf 89' lang='lat' dir='ltr'>eo</span> <span class='ocrx_word' id='word_1_301' title='bbox 1477 2132 1564 2195; x_wconf 87' lang='lat' dir='ltr'>proelio</span> <span class='ocrx_word' id='word_1_302' title='bbox 1576 2148 1604 2186; x_wconf 91' lang='lat' dir='ltr'>se</span> <span class='ocrx_word' id='word_1_303' title='bbox 1614 2140 1695 2201; x_wconf 80' lang='lat' dir='ltr'>gessit</span> 
     </span>
    </p>
   </div>
   <div class='ocr_carea' id='block_1_9' title="bbox 913 2230 1688 2301">
    <p class='ocr_par' dir='ltr' id='par_1_9' title="bbox 913 2230 1688 2301">
     <span class='ocr_line' id='line_1_45' title="bbox 913 2230 1688 2301; baseline 0.009 -20"><span class='ocrx_word' id='word_1_304' title='bbox 913 2232 993 2281; x_wconf 84' lang='lat' dir='ltr'>&#39;etiam</span> <span class='ocrx_word' id='word_1_305' title='bbox 1008 2230 1185 2299; x_wconf 67' lang='lat' dir='ltr'>Aristodemus,</span> <span class='ocrx_word' id='word_1_306' title='bbox 1196 2230 1238 2294; x_wconf 94' lang='lat' dir='ltr'>qui</span> <span class='ocrx_word' id='word_1_307' title='bbox 1252 2245 1329 2293; x_wconf 90' lang='lat' dir='ltr'>quum</span> <span class='ocrx_word' id='word_1_308' title='bbox 1348 2246 1363 2282; x_wconf 88' lang='lat' dir='ltr'>a</span> <span class='ocrx_word' id='word_1_309' title='bbox 1378 2234 1547 2301; x_wconf 82' lang='lat' dir='ltr'>Thermopylis</span> <span class='ocrx_word' id='word_1_310' title='bbox 1564 2238 1688 2300; x_wconf 81' lang='lat' dir='ltr'>rediisset,</span> 
     </span>
    </p>
   </div>
   <div class='ocr_carea' id='block_1_10' title="bbox 916 2332 1690 2773">
    <p class='ocr_par' dir='ltr' id='par_1_10' title="bbox 916 2332 1690 2682">
     <span class='ocr_line' id='line_1_46' title="bbox 916 2332 1687 2403; baseline 0.008 -20"><span class='ocrx_word' id='word_1_311' title='bbox 916 2333 1016 2403; x_wconf 58' lang='lat' dir='ltr'>trepidi</span> <span class='ocrx_word' id='word_1_312' title='bbox 1044 2332 1185 2397; x_wconf 78' lang='lat' dir='ltr'>eoguomine</span> <span class='ocrx_word' id='word_1_313' title='bbox 1205 2335 1306 2383; x_wconf 88' lang='lat' dir='ltr'>notatus</span> <span class='ocrx_word' id='word_1_314' title='bbox 1324 2338 1385 2384; x_wconf 84' lang='lat' dir='ltr'>orat.</span> <span class='ocrx_word' id='word_1_315' title='bbox 1406 2338 1489 2393; x_wconf 80' lang='lat' dir='ltr'>Quare</span> <span class='ocrx_word' id='word_1_316' title='bbox 1507 2337 1687 2389; x_wconf 78' lang='lat' dir='ltr'>Laeedemonii</span> 
     </span>
     <span class='ocr_line' id='line_1_47' title="bbox 917 2425 1690 2494; baseline 0.009 -18"><span class='ocrx_word' id='word_1_317' title='bbox 917 2427 1068 2490; x_wconf 79' lang='lat' dir='ltr'>denegarunt</span> <span class='ocrx_word' id='word_1_318' title='bbox 1078 2426 1101 2475; x_wconf 89' lang='lat' dir='ltr'>el</span> <span class='ocrx_word' id='word_1_319' title='bbox 1111 2425 1344 2491; x_wconf 76' lang='lat' dir='ltr'>praemiumrirtutis</span> <span class='ocrx_word' id='word_1_320' title='bbox 1352 2443 1359 2486; x_wconf 79' lang='grc' dir='ltr'>ς</span> <span class='ocrx_word' id='word_1_321' title='bbox 1368 2427 1463 2480; x_wconf 83' lang='lat' dir='ltr'>scilieet</span> <span class='ocrx_word' id='word_1_322' title='bbox 1471 2430 1536 2494; x_wconf 91' lang='lat' dir='ltr'>quod</span> <span class='ocrx_word' id='word_1_323' title='bbox 1545 2430 1690 2483; x_wconf 84' lang='lat' dir='ltr'>olimaeiem</span> 
     </span>
     <span class='ocr_line' id='line_1_48' title="bbox 916 2520 1688 2591; baseline 0.01 -20"><span class='ocrx_word' id='word_1_324' title='bbox 916 2522 1062 2585; x_wconf 83' lang='lat' dir='ltr'>reliquisset,</span> <span class='ocrx_word' id='word_1_325' title='bbox 1084 2520 1111 2570; x_wconf 90' lang='lat' dir='ltr'>id</span> <span class='ocrx_word' id='word_1_326' title='bbox 1128 2535 1186 2570; x_wconf 85' lang='lat' dir='ltr'>eum</span> <span class='ocrx_word' id='word_1_327' title='bbox 1199 2520 1231 2571; x_wconf 91' lang='lat' dir='ltr'>de</span> <span class='ocrx_word' id='word_1_328' title='bbox 1242 2520 1343 2570; x_wconf 82' lang='lat' dir='ltr'>musitio</span> <span class='ocrx_word' id='word_1_329' title='bbox 1364 2521 1450 2573; x_wconf 74' lang='lat' dir='ltr'>iecism</span> <span class='ocrx_word' id='word_1_330' title='bbox 1461 2525 1605 2587; x_wconf 78' lang='lat' dir='ltr'>censebam,</span> <span class='ocrx_word' id='word_1_331' title='bbox 1622 2542 1688 2591; x_wconf 78' lang='lat' dir='ltr'>prm-</span> 
     </span>
     <span class='ocr_line' id='line_1_49' title="bbox 916 2616 1688 2682; baseline 0.009 -15"><span class='ocrx_word' id='word_1_332' title='bbox 916 2631 973 2667; x_wconf 89' lang='lat' dir='ltr'>sens</span> <span class='ocrx_word' id='word_1_333' title='bbox 986 2620 1070 2666; x_wconf 89' lang='lat' dir='ltr'>nutem</span> <span class='ocrx_word' id='word_1_334' title='bbox 1081 2616 1179 2666; x_wconf 85' lang='lat' dir='ltr'>virtutis</span> <span class='ocrx_word' id='word_1_335' title='bbox 1191 2616 1312 2680; x_wconf 79' lang='lat' dir='ltr'>specimen</span> <span class='ocrx_word' id='word_1_336' title='bbox 1325 2617 1427 2669; x_wconf 80' lang='lat' dir='ltr'>tortunae</span> <span class='ocrx_word' id='word_1_337' title='bbox 1440 2618 1610 2682; x_wconf 80' lang='lat' dir='ltr'>imputandum</span> <span class='ocrx_word' id='word_1_338' title='bbox 1625 2636 1688 2674; x_wconf 88' lang='lat' dir='ltr'>esse.</span> 
     </span>
    </p>

    <p class='ocr_par' dir='ltr' id='par_1_11' title="bbox 950 2704 1686 2773">
     <span class='ocr_line' id='line_1_50' title="bbox 950 2704 1686 2773; baseline 0.007 -18"><span class='ocrx_word' id='word_1_339' title='bbox 950 2708 995 2756; x_wconf 89' lang='lat'>111.</span> <span class='ocrx_word' id='word_1_340' title='bbox 1010 2705 1082 2755; x_wconf 76' lang='lat' dir='ltr'>(iaso</span> <span class='ocrx_word' id='word_1_341' title='bbox 1096 2704 1230 2764; x_wconf 81' lang='lat' dir='ltr'>Mardonio,</span> <span class='ocrx_word' id='word_1_342' title='bbox 1247 2706 1328 2755; x_wconf 79' lang='lat' dir='ltr'>Persa</span> <span class='ocrx_word' id='word_1_343' title='bbox 1341 2705 1438 2755; x_wconf 85' lang='lat' dir='ltr'>Thebas</span> <span class='ocrx_word' id='word_1_344' title='bbox 1451 2706 1613 2771; x_wconf 75' lang='lat' dir='ltr'>aufugeruut3</span> <span class='ocrx_word' id='word_1_345' title='bbox 1623 2724 1686 2773; x_wconf 91' lang='lat' dir='ltr'>quos</span> 
     </span>
    </p>
   </div>
   <div class='ocr_carea' id='block_1_11' title="bbox 93 2766 1688 2857">
    <p class='ocr_par' dir='ltr' id='par_1_12' title="bbox 93 2766 1688 2857">
     <span class='ocr_line' id='line_1_51' title="bbox 93 2766 1688 2857; baseline 0.008 -21"><span class='ocrx_word' id='word_1_346' title='bbox 93 2778 186 2857; x_wconf 83' lang='grc' dir='ltr'>ἔφυγον</span> <span class='ocrx_word' id='word_1_347' title='bbox 202 2780 238 2844; x_wconf 88' lang='grc' dir='ltr'>είς</span> <span class='ocrx_word' id='word_1_348' title='bbox 251 2777 296 2845; x_wconf 88' lang='grc' dir='ltr'>τδις</span> <span class='ocrx_word' id='word_1_349' title='bbox 310 2778 414 2853; x_wconf 75' lang='grc' dir='ltr'>Θήὸας,</span> <span class='ocrx_word' id='word_1_350' title='bbox 426 2783 449 2838; x_wconf 85' lang='lat' dir='ltr'>ol</span> <span class='ocrx_word' id='word_1_351' title='bbox 464 2780 491 2837; x_wconf 79' lang='grc' dir='ltr'>δέ</span> <span class='ocrx_word' id='word_1_352' title='bbox 505 2778 635 2853; x_wconf 81' lang='grc' dir='ltr'>Ἕλληνες</span> <span class='ocrx_word' id='word_1_353' title='bbox 652 2766 800 2847; x_wconf 70' lang='grc' dir='ltr'>ἐπελθόντες</span> <span class='ocrx_word' id='word_1_354' title='bbox 813 2779 863 2838; x_wconf 86' lang='grc' dir='ltr'>δώ·</span> <span class='ocrx_word' id='word_1_355' title='bbox 916 2793 1023 2844; x_wconf 77' lang='lat' dir='ltr'>insecuti</span> <span class='ocrx_word' id='word_1_356' title='bbox 1042 2790 1122 2842; x_wconf 79' lang='lat' dir='ltr'>Greci</span> <span class='ocrx_word' id='word_1_357' title='bbox 1137 2793 1236 2841; x_wconf 84' lang='lat' dir='ltr'>rentum</span> <span class='ocrx_word' id='word_1_358' title='bbox 1254 2794 1279 2842; x_wconf 91' lang='lat' dir='ltr'>et</span> <span class='ocrx_word' id='word_1_359' title='bbox 1291 2792 1380 2856; x_wconf 79' lang='lat' dir='ltr'>viginti</span> <span class='ocrx_word' id='word_1_360' title='bbox 1393 2792 1469 2844; x_wconf 87' lang='lat' dir='ltr'>millia</span> <span class='ocrx_word' id='word_1_361' title='bbox 1481 2808 1566 2845; x_wconf 89' lang='lat' dir='ltr'>eorum</span> <span class='ocrx_word' id='word_1_362' title='bbox 1579 2798 1688 2848; x_wconf 78' lang='lat' dir='ltr'>trucida·</span> 
     </span>
    </p>
   </div>
   <div class='ocr_carea' id='block_1_12' title="bbox 95 2834 1688 2949">
    <p class='ocr_par' dir='ltr' id='par_1_13' title="bbox 95 2834 1688 2949">
     <span class='ocr_line' id='line_1_52' title="bbox 95 2834 1688 2949; baseline 0.008 -26"><span class='ocrx_word' id='word_1_363' title='bbox 95 2867 158 2924; x_wconf 86' lang='grc' dir='ltr'>δεκα</span> <span class='ocrx_word' id='word_1_364' title='bbox 174 2865 303 2945; x_wconf 87' lang='grc' dir='ltr'>μυριάδας</span> <span class='ocrx_word' id='word_1_365' title='bbox 328 2870 412 2925; x_wconf 82' lang='grc' dir='ltr'>αὐτῶν</span> <span class='ocrx_word' id='word_1_366' title='bbox 431 2867 587 2949; x_wconf 73' lang='grc' dir='ltr'>ἐφόνευσαν·</span> <span class='ocrx_word' id='word_1_367' title='bbox 608 2868 692 2936; x_wconf 81' lang='grc' dir='ltr'>ἑξάκις</span> <span class='ocrx_word' id='word_1_368' title='bbox 712 2866 740 2926; x_wconf 76' lang='grc' dir='ltr'>δέ</span> <span class='ocrx_word' id='word_1_369' title='bbox 763 2867 862 2947; x_wconf 83' lang='grc' dir='ltr'>μορίοιν</span> <span class='ocrx_word' id='word_1_370' title='bbox 885 2834 891 2930; x_wconf 86' lang='grc' dir='ltr'>ί</span> <span class='ocrx_word' id='word_1_371' title='bbox 916 2882 983 2929; x_wconf 82' lang='lat' dir='ltr'>runa.</span> <span class='ocrx_word' id='word_1_372' title='bbox 999 2878 1101 2941; x_wconf 86' lang='lat' dir='ltr'>Reliqua</span> <span class='ocrx_word' id='word_1_373' title='bbox 1110 2876 1235 2940; x_wconf 80' lang='lat' dir='ltr'>sexaginta</span> <span class='ocrx_word' id='word_1_374' title='bbox 1245 2877 1330 2937; x_wconf 88' lang='lat' dir='ltr'>millia,</span> <span class='ocrx_word' id='word_1_375' title='bbox 1340 2877 1399 2928; x_wconf 91' lang='lat' dir='ltr'>dum</span> <span class='ocrx_word' id='word_1_376' title='bbox 1409 2879 1510 2931; x_wconf 88' lang='lat' dir='ltr'>domum</span> <span class='ocrx_word' id='word_1_377' title='bbox 1521 2887 1688 2946; x_wconf 82' lang='lat' dir='ltr'>revertuntur,</span> 
     </span>
    </p>
   </div>
   <div class='ocr_carea' id='block_1_13' title="bbox 82 3028 1688 5278">
    <p class='ocr_par' dir='ltr' id='par_1_14' title="bbox 91 3028 1688 3449">
     <span class='ocr_line' id='line_1_53' title="bbox 93 3028 1688 3098; baseline 0.004 -17"><span class='ocrx_word' id='word_1_378' title='bbox 93 3035 253 3095; x_wconf 80' lang='lat' dir='ltr'>compererat,</span> <span class='ocrx_word' id='word_1_379' title='bbox 268 3034 379 3091; x_wconf 78' lang='grc' dir='ltr'>προῆλθεν</span> <span class='ocrx_word' id='word_1_380' title='bbox 389 3034 416 3082; x_wconf 82' lang='grc' dir='ltr'>ἐκ</span> <span class='ocrx_word' id='word_1_381' title='bbox 426 3038 473 3082; x_wconf 85' lang='grc' dir='ltr'>τῶν</span> <span class='ocrx_word' id='word_1_382' title='bbox 487 3035 571 3091; x_wconf 79' lang='grc' dir='ltr'>Θηάῶν</span> <span class='ocrx_word' id='word_1_383' title='bbox 586 3034 769 3098; x_wconf 78' lang='grc' dir='ltr'>παραγενόμενος</span> <span class='ocrx_word' id='word_1_384' title='bbox 780 3034 818 3083; x_wconf 81' lang='grc' dir='ltr'>ἐπὶ</span> <span class='ocrx_word' id='word_1_385' title='bbox 828 3034 868 3083; x_wconf 83' lang='grc' dir='ltr'>τὸν</span> <span class='ocrx_word' id='word_1_386' title='bbox 883 3030 993 3081; x_wconf 81' lang='grc' dir='ltr'>Ἀσωπὸν</span> <span class='ocrx_word' id='word_1_387' title='bbox 1008 3028 1114 3088; x_wconf 83' lang='grc' dir='ltr'>ποταμὸν</span> <span class='ocrx_word' id='word_1_388' title='bbox 1125 3028 1190 3077; x_wconf 80' lang='grc' dir='ltr'>ἔθετο</span> <span class='ocrx_word' id='word_1_389' title='bbox 1204 3030 1362 3091; x_wconf 65' lang='lat' dir='ltr'>septasolis·</span> <span class='ocrx_word' id='word_1_390' title='bbox 1378 3030 1483 3093; x_wconf 72' lang='grc' dir='ltr'><strong>Ρΐῦβῑῑῑὸ</strong></span> <span class='ocrx_word' id='word_1_391' title='bbox 1498 3031 1552 3082; x_wconf 61' lang='lat' dir='ltr'>hdie</span> <span class='ocrx_word' id='word_1_392' title='bbox 1569 3034 1688 3084; x_wconf 82' lang='lat' dir='ltr'>aoeaduut</span> 
     </span>
     <span class='ocr_line' id='line_1_54' title="bbox 92 3097 1686 3169; baseline 0.003 -18"><span class='ocrx_word' id='word_1_393' title='bbox 92 3103 124 3152; x_wconf 89' lang='lat' dir='ltr'>ad</span> <span class='ocrx_word' id='word_1_394' title='bbox 138 3102 302 3152; x_wconf 71' lang='lat' dir='ltr'>sanationem</span> <span class='ocrx_word' id='word_1_395' title='bbox 317 3103 473 3167; x_wconf 83' lang='lat' dir='ltr'>Aristodemi‚</span> <span class='ocrx_word' id='word_1_396' title='bbox 489 3106 530 3167; x_wconf 90' lang='lat' dir='ltr'>qui</span> <span class='ocrx_word' id='word_1_397' title='bbox 541 3109 623 3155; x_wconf 74' lang='lat' dir='ltr'>umen</span> <span class='ocrx_word' id='word_1_398' title='bbox 636 3118 665 3155; x_wconf 88' lang='lat' dir='ltr'>eo</span> <span class='ocrx_word' id='word_1_399' title='bbox 676 3104 833 3169; x_wconf 76' lang='lat' dir='ltr'>negligentior</span> <span class='ocrx_word' id='word_1_400' title='bbox 842 3102 889 3160; x_wconf 90' lang='lat' dir='ltr'>est,</span> <span class='ocrx_word' id='word_1_401' title='bbox 906 3099 973 3164; x_wconf 90' lang='lat' dir='ltr'>quod</span> <span class='ocrx_word' id='word_1_402' title='bbox 983 3098 1015 3147; x_wconf 88' lang='lat' dir='ltr'>de</span> <span class='ocrx_word' id='word_1_403' title='bbox 1029 3098 1119 3147; x_wconf 86' lang='lat' dir='ltr'>eastris</span> <span class='ocrx_word' id='word_1_404' title='bbox 1130 3097 1163 3147; x_wconf 85' lang='lat' dir='ltr'>nd</span> <span class='ocrx_word' id='word_1_405' title='bbox 1179 3102 1287 3161; x_wconf 87' lang='lat' dir='ltr'>Asopum</span> <span class='ocrx_word' id='word_1_406' title='bbox 1301 3099 1388 3163; x_wconf 87' lang='lat' dir='ltr'>positia</span> <span class='ocrx_word' id='word_1_407' title='bbox 1396 3102 1497 3151; x_wconf 83' lang='lat' dir='ltr'>orunino</span> <span class='ocrx_word' id='word_1_408' title='bbox 1507 3117 1557 3153; x_wconf 88' lang='lat' dir='ltr'>nou</span> <span class='ocrx_word' id='word_1_409' title='bbox 1569 3104 1686 3167; x_wconf 77' lang='lat' dir='ltr'>loquitu.</span> 
     </span>
     <span class='ocr_line' id='line_1_55' title="bbox 92 3168 1687 3239; baseline 0.003 -18"><span class='ocrx_word' id='word_1_410' title='bbox 92 3176 117 3222; x_wconf 85' lang='lat' dir='ltr'>et</span> <span class='ocrx_word' id='word_1_411' title='bbox 132 3176 187 3237; x_wconf 88' lang='lat' dir='ltr'>post</span> <span class='ocrx_word' id='word_1_412' title='bbox 203 3172 359 3223; x_wconf 82' lang='lat' dir='ltr'>commissum</span> <span class='ocrx_word' id='word_1_413' title='bbox 370 3174 483 3236; x_wconf 78' lang='lat' dir='ltr'>prolium</span> <span class='ocrx_word' id='word_1_414' title='bbox 495 3178 581 3225; x_wconf 88' lang='lat' dir='ltr'>Persas</span> <span class='ocrx_word' id='word_1_415' title='bbox 590 3175 688 3225; x_wconf 86' lang='lat' dir='ltr'>Thebas</span> <span class='ocrx_word' id='word_1_416' title='bbox 705 3175 796 3239; x_wconf 81' lang='lat' dir='ltr'>tugisse</span> <span class='ocrx_word' id='word_1_417' title='bbox 809 3172 894 3233; x_wconf 87' lang='lat' dir='ltr'>ibique</span> <span class='ocrx_word' id='word_1_418' title='bbox 908 3168 1045 3219; x_wconf 76' lang='lat' dir='ltr'>trucidatos</span> <span class='ocrx_word' id='word_1_419' title='bbox 1054 3182 1108 3219; x_wconf 88' lang='lat' dir='ltr'>esse</span> <span class='ocrx_word' id='word_1_420' title='bbox 1118 3171 1211 3229; x_wconf 80' lang='lat' dir='ltr'>namet,</span> <span class='ocrx_word' id='word_1_421' title='bbox 1228 3181 1301 3231; x_wconf 88' lang='lat' dir='ltr'>quam</span> <span class='ocrx_word' id='word_1_422' title='bbox 1314 3171 1422 3233; x_wconf 80' lang='lat' dir='ltr'>stragem</span> <span class='ocrx_word' id='word_1_423' title='bbox 1435 3171 1459 3220; x_wconf 91' lang='lat' dir='ltr'>in</span> <span class='ocrx_word' id='word_1_424' title='bbox 1482 3175 1571 3223; x_wconf 75' lang='lat' dir='ltr'>mstiis</span> <span class='ocrx_word' id='word_1_425' title='bbox 1581 3176 1613 3225; x_wconf 87' lang='lat' dir='ltr'>ad</span> <span class='ocrx_word' id='word_1_426' title='bbox 1624 3180 1687 3225; x_wconf 89' lang='lat' dir='ltr'>Aso-</span> 
     </span>
     <span class='ocr_line' id='line_1_56' title="bbox 92 3239 1688 3308; baseline 0.003 -15"><span class='ocrx_word' id='word_1_427' title='bbox 92 3256 151 3305; x_wconf 85' lang='lat' dir='ltr'>pum</span> <span class='ocrx_word' id='word_1_428' title='bbox 166 3242 254 3305; x_wconf 85' lang='lat' dir='ltr'>positis</span> <span class='ocrx_word' id='word_1_429' title='bbox 266 3241 358 3291; x_wconf 86' lang='lat' dir='ltr'>editam</span> <span class='ocrx_word' id='word_1_430' title='bbox 371 3256 426 3293; x_wconf 86' lang='lat' dir='ltr'>esse</span> <span class='ocrx_word' id='word_1_431' title='bbox 447 3246 550 3293; x_wconf 78' lang='lat' dir='ltr'>cunstat.</span> <span class='ocrx_word' id='word_1_432' title='bbox 566 3244 576 3305; x_wconf 92' lang='grc' dir='ltr'>ΙΙ</span> <span class='ocrx_word' id='word_1_433' title='bbox 593 3271 624 3281; x_wconf 90' lang='grc'>-</span> <span class='ocrx_word' id='word_1_434' title='bbox 644 3243 817 3306; x_wconf 63' lang='lat' dir='ltr'>torperem]</span> <span class='ocrx_word' id='word_1_435' title='bbox 841 3241 1084 3304; x_wconf 69' lang='lat' dir='ltr'>inmansuetissime</span> <span class='ocrx_word' id='word_1_436' title='bbox 1105 3239 1183 3288; x_wconf 78' lang='lat' dir='ltr'>sodex</span> <span class='ocrx_word' id='word_1_437' title='bbox 1198 3239 1222 3287; x_wconf 90' lang='lat' dir='ltr'>h.</span> <span class='ocrx_word' id='word_1_438' title='bbox 1240 3240 1256 3288; x_wconf 93' lang='lat' dir='ltr'>l.</span> <span class='ocrx_word' id='word_1_439' title='bbox 1272 3243 1299 3289; x_wconf 87' lang='lat' dir='ltr'>et</span> <span class='ocrx_word' id='word_1_440' title='bbox 1311 3252 1370 3290; x_wconf 83' lang='lat' dir='ltr'>mox</span> <span class='ocrx_word' id='word_1_441' title='bbox 1386 3240 1486 3291; x_wconf 85' lang='lat' dir='ltr'>iterum.</span> <span class='ocrx_word' id='word_1_442' title='bbox 1509 3243 1519 3306; x_wconf 82' lang='grc' dir='ltr'>Ι]</span> <span class='ocrx_word' id='word_1_443' title='bbox 1546 3271 1578 3281; x_wconf 94' lang='grc'>-</span> <span class='ocrx_word' id='word_1_444' title='bbox 1602 3250 1688 3308; x_wconf 79' lang='grc' dir='ltr'>μεταξὺ</span> 
     </span>
     <span class='ocr_line' id='line_1_57' title="bbox 92 3308 1685 3380; baseline 0.003 -18"><span class='ocrx_word' id='word_1_445' title='bbox 92 3312 193 3375; x_wconf 66' lang='grc' dir='ltr'>θηρῶν]</span> <span class='ocrx_word' id='word_1_446' title='bbox 209 3329 234 3375; x_wconf 90' lang='grc' dir='ltr'>μ.</span> <span class='ocrx_word' id='word_1_447' title='bbox 252 3313 363 3372; x_wconf 70' lang='grc' dir='ltr'>θηρείων</span> <span class='ocrx_word' id='word_1_448' title='bbox 374 3312 428 3363; x_wconf 85' lang='lat' dir='ltr'>uod.</span> <span class='ocrx_word' id='word_1_449' title='bbox 445 3313 455 3377; x_wconf 82' lang='grc' dir='ltr'>ΙΙ</span> <span class='ocrx_word' id='word_1_450' title='bbox 469 3341 500 3351; x_wconf 90' lang='grc'><strong>-</strong></span> <span class='ocrx_word' id='word_1_451' title='bbox 514 3314 595 3363; x_wconf 77' lang='grc' dir='ltr'>στάδιά</span> <span class='ocrx_word' id='word_1_452' title='bbox 610 3315 672 3363; x_wconf 81' lang='grc' dir='ltr'>ἐστιν</span> <span class='ocrx_word' id='word_1_453' title='bbox 687 3315 725 3380; x_wconf 85' lang='grc' dir='ltr'>π’]</span> <span class='ocrx_word' id='word_1_454' title='bbox 739 3314 778 3365; x_wconf 84' lang='lat' dir='ltr'>sio</span> <span class='ocrx_word' id='word_1_455' title='bbox 786 3313 860 3365; x_wconf 88' lang='lat' dir='ltr'>etiarn</span> <span class='ocrx_word' id='word_1_456' title='bbox 876 3308 1041 3373; x_wconf 73' lang='lat' dir='ltr'>Dicaearchus,</span> <span class='ocrx_word' id='word_1_457' title='bbox 1053 3308 1097 3372; x_wconf 93' lang='lat' dir='ltr'>qui</span> <span class='ocrx_word' id='word_1_458' title='bbox 1109 3310 1183 3374; x_wconf 77' lang='lat' dir='ltr'>vulgo</span> <span class='ocrx_word' id='word_1_459' title='bbox 1193 3308 1293 3369; x_wconf 80' lang='lat' dir='ltr'>dicitur,</span> <span class='ocrx_word' id='word_1_460' title='bbox 1309 3310 1335 3361; x_wconf 92' lang='lat' dir='ltr'>iu</span> <span class='ocrx_word' id='word_1_461' title='bbox 1348 3312 1434 3375; x_wconf 83' lang='lat' dir='ltr'>Georg.</span> <span class='ocrx_word' id='word_1_462' title='bbox 1449 3314 1507 3363; x_wconf 83' lang='grc' dir='ltr'>Μία.</span> <span class='ocrx_word' id='word_1_463' title='bbox 1517 3316 1537 3366; x_wconf 88' lang='lat' dir='ltr'>t.</span> <span class='ocrx_word' id='word_1_464' title='bbox 1554 3317 1574 3378; x_wconf 89' lang='grc' dir='ltr'>Ι,</span> <span class='ocrx_word' id='word_1_465' title='bbox 1585 3329 1610 3380; x_wconf 92' lang='lat' dir='ltr'>p.</span> <span class='ocrx_word' id='word_1_466' title='bbox 1627 3322 1685 3378; x_wconf 75' lang='lat'>1023</span> 
     </span>
     <span class='ocr_line' id='line_1_58' title="bbox 91 3382 714 3449; baseline 0.002 -15"><span class='ocrx_word' id='word_1_467' title='bbox 91 3385 175 3434; x_wconf 76' lang='grc' dir='ltr'>στάδια</span> <span class='ocrx_word' id='word_1_468' title='bbox 191 3384 211 3433; x_wconf 89' lang='grc' dir='ltr'>ο’</span> <span class='ocrx_word' id='word_1_469' title='bbox 233 3382 388 3447; x_wconf 78' lang='lat' dir='ltr'>Thucydides</span> <span class='ocrx_word' id='word_1_470' title='bbox 403 3391 426 3446; x_wconf 90' lang='grc'>1,</span> <span class='ocrx_word' id='word_1_471' title='bbox 446 3390 469 3445; x_wconf 88' lang='grc'>5,</span> <span class='ocrx_word' id='word_1_472' title='bbox 487 3383 561 3449; x_wconf 90' lang='lat' dir='ltr'>idque</span> <span class='ocrx_word' id='word_1_473' title='bbox 569 3385 714 3435; x_wconf 82' lang='lat' dir='ltr'>accuratius.</span> 
     </span>
    </p>

    <p class='ocr_par' dir='ltr' id='par_1_15' title="bbox 89 3448 1686 3741">
     <span class='ocr_line' id='line_1_59' title="bbox 122 3448 1686 3519; baseline 0.001 -14"><span class='ocrx_word' id='word_1_474' title='bbox 122 3456 171 3519; x_wconf 77' lang='lat' dir='ltr'>§i-</span> <span class='ocrx_word' id='word_1_475' title='bbox 184 3456 302 3511; x_wconf 79' lang='grc' dir='ltr'>Φήναντες</span> <span class='ocrx_word' id='word_1_476' title='bbox 316 3454 458 3519; x_wconf 77' lang='grc' dir='ltr'>Αθηναίους]</span> <span class='ocrx_word' id='word_1_477' title='bbox 469 3457 580 3519; x_wconf 79' lang='grc' dir='ltr'>φήσαντες</span> <span class='ocrx_word' id='word_1_478' title='bbox 585 3456 668 3513; x_wconf 74' lang='grc' dir='ltr'>αὐτούς</span> <span class='ocrx_word' id='word_1_479' title='bbox 678 3450 910 3513; x_wconf 76' lang='grc' dir='ltr'>Ἆθηναίονς,(ίείοίο</span> <span class='ocrx_word' id='word_1_480' title='bbox 920 3448 1007 3500; x_wconf 75' lang='lat' dir='ltr'>deiude</span> <span class='ocrx_word' id='word_1_481' title='bbox 1018 3449 1138 3499; x_wconf 78' lang='lat' dir='ltr'>vocabulo</span> <span class='ocrx_word' id='word_1_482' title='bbox 1152 3450 1243 3509; x_wconf 78' lang='grc' dir='ltr'>αὐτούς,</span> <span class='ocrx_word' id='word_1_483' title='bbox 1255 3448 1342 3501; x_wconf 81' lang='lat' dir='ltr'>codex.</span> <span class='ocrx_word' id='word_1_484' title='bbox 1352 3453 1511 3504; x_wconf 79' lang='lat' dir='ltr'>Praesuusset</span> <span class='ocrx_word' id='word_1_485' title='bbox 1525 3454 1607 3507; x_wconf 63' lang='lat' dir='ltr'>ditare</span> <span class='ocrx_word' id='word_1_486' title='bbox 1621 3476 1628 3506; x_wconf 83' lang='grc' dir='ltr'>ι</span> <span class='ocrx_word' id='word_1_487' title='bbox 1643 3474 1686 3517; x_wconf 86' lang='grc' dir='ltr'>με·</span> 
     </span>
     <span class='ocr_line' id='line_1_60' title="bbox 89 3519 1685 3588; baseline 0.001 -15"><span class='ocrx_word' id='word_1_488' title='bbox 89 3528 177 3575; x_wconf 82' lang='grc' dir='ltr'>τέσσαν</span> <span class='ocrx_word' id='word_1_489' title='bbox 190 3525 215 3573; x_wconf 76' lang='grc' dir='ltr'>δὲ</span> <span class='ocrx_word' id='word_1_490' title='bbox 228 3525 282 3580; x_wconf 82' lang='grc' dir='ltr'>τοὺς</span> <span class='ocrx_word' id='word_1_491' title='bbox 297 3525 428 3581; x_wconf 76' lang='grc' dir='ltr'>Ἀθηναίους</span> <span class='ocrx_word' id='word_1_492' title='bbox 445 3528 468 3574; x_wconf 83' lang='lat' dir='ltr'>ot</span> <span class='ocrx_word' id='word_1_493' title='bbox 487 3530 528 3585; x_wconf 65' lang='lat' dir='ltr'>A„</span> <span class='ocrx_word' id='word_1_494' title='bbox 543 3527 655 3588; x_wconf 79' lang='grc' dir='ltr'>φήσαντες</span> <span class='ocrx_word' id='word_1_495' title='bbox 670 3526 753 3580; x_wconf 82' lang='grc' dir='ltr'>αὐτοὺς</span> <span class='ocrx_word' id='word_1_496' title='bbox 770 3526 817 3573; x_wconf 82' lang='lat' dir='ltr'>etc.</span> <span class='ocrx_word' id='word_1_497' title='bbox 834 3522 842 3585; x_wconf 79' lang='grc' dir='ltr'>Ι</span> <span class='ocrx_word' id='word_1_498' title='bbox 867 3548 895 3558; x_wconf 89' lang='grc'>-</span> <span class='ocrx_word' id='word_1_499' title='bbox 908 3519 1096 3583; x_wconf 78' lang='grc' dir='ltr'>ἐμπειροτέρους]</span> <span class='ocrx_word' id='word_1_500' title='bbox 1107 3520 1196 3570; x_wconf 78' lang='lat' dir='ltr'>Litore</span> <span class='ocrx_word' id='word_1_501' title='bbox 1208 3536 1229 3568; x_wconf 92' lang='grc' dir='ltr'>ει</span> <span class='ocrx_word' id='word_1_502' title='bbox 1248 3521 1274 3568; x_wconf 86' lang='lat' dir='ltr'>iu</span> <span class='ocrx_word' id='word_1_503' title='bbox 1290 3521 1377 3571; x_wconf 77' lang='lat' dir='ltr'>lacuna</span> <span class='ocrx_word' id='word_1_504' title='bbox 1395 3522 1528 3586; x_wconf 85' lang='lat' dir='ltr'>perierunt.</span> <span class='ocrx_word' id='word_1_505' title='bbox 1547 3528 1585 3576; x_wconf 88' lang='lat' dir='ltr'>De</span> <span class='ocrx_word' id='word_1_506' title='bbox 1599 3539 1626 3577; x_wconf 88' lang='lat' dir='ltr'>re</span> <span class='ocrx_word' id='word_1_507' title='bbox 1641 3527 1685 3583; x_wconf 81' lang='grc' dir='ltr'>σί..</span> 
     </span>
     <span class='ocr_line' id='line_1_61' title="bbox 89 3589 1684 3661; baseline -0.002 -15"><span class='ocrx_word' id='word_1_508' title='bbox 89 3596 208 3646; x_wconf 86' lang='lat' dir='ltr'>lierodut.</span> <span class='ocrx_word' id='word_1_509' title='bbox 223 3599 248 3656; x_wconf 90' lang='grc'>9,</span> <span class='ocrx_word' id='word_1_510' title='bbox 262 3598 301 3644; x_wconf 77' lang='lat' dir='ltr'>id.</span> <span class='ocrx_word' id='word_1_511' title='bbox 318 3594 328 3656; x_wconf 79' lang='grc' dir='ltr'>ΙΙ</span> <span class='ocrx_word' id='word_1_512' title='bbox 343 3622 376 3632; x_wconf 89' lang='lat'>-</span> <span class='ocrx_word' id='word_1_513' title='bbox 393 3596 540 3659; x_wconf 81' lang='grc' dir='ltr'>Μαρδόνιος]</span> <span class='ocrx_word' id='word_1_514' title='bbox 553 3597 680 3660; x_wconf 83' lang='lat' dir='ltr'>scripserit</span> <span class='ocrx_word' id='word_1_515' title='bbox 693 3598 778 3647; x_wconf 89' lang='lat' dir='ltr'>auctor</span> <span class='ocrx_word' id='word_1_516' title='bbox 788 3594 828 3641; x_wconf 83' lang='grc' dir='ltr'>καί</span> <span class='ocrx_word' id='word_1_517' title='bbox 841 3591 985 3654; x_wconf 81' lang='grc' dir='ltr'>Μαρδόνιος,</span> <span class='ocrx_word' id='word_1_518' title='bbox 1010 3593 1054 3639; x_wconf 88' lang='lat' dir='ltr'>aut</span> <span class='ocrx_word' id='word_1_519' title='bbox 1070 3590 1095 3639; x_wconf 92' lang='lat' dir='ltr'>in</span> <span class='ocrx_word' id='word_1_520' title='bbox 1117 3602 1185 3652; x_wconf 85' lang='lat' dir='ltr'>seqq.</span> <span class='ocrx_word' id='word_1_521' title='bbox 1200 3589 1275 3639; x_wconf 82' lang='lat' dir='ltr'>tuerit</span> <span class='ocrx_word' id='word_1_522' title='bbox 1293 3593 1420 3653; x_wconf 83' lang='grc' dir='ltr'>μετέστησε</span> <span class='ocrx_word' id='word_1_523' title='bbox 1440 3594 1480 3651; x_wconf 84' lang='grc' dir='ltr'>τὴν</span> <span class='ocrx_word' id='word_1_524' title='bbox 1502 3594 1610 3658; x_wconf 82' lang='grc' dir='ltr'>φάλαγγα</span> <span class='ocrx_word' id='word_1_525' title='bbox 1629 3596 1684 3661; x_wconf 79' lang='grc' dir='ltr'>[καὶ</span> 
     </span>
     <span class='ocr_line' id='line_1_62' title="bbox 89 3661 1349 3741; baseline 0 -25"><span class='ocrx_word' id='word_1_526' title='bbox 89 3666 182 3730; x_wconf 62' lang='lat' dir='ltr'>abedo}</span> <span class='ocrx_word' id='word_1_527' title='bbox 199 3666 210 3729; x_wconf 90' lang='grc' dir='ltr'>ΙΙ</span> <span class='ocrx_word' id='word_1_528' title='bbox 225 3689 256 3701; x_wconf 88' lang='grc'>-</span> <span class='ocrx_word' id='word_1_529' title='bbox 269 3664 404 3729; x_wconf 79' lang='grc' dir='ltr'>δκουσίοις]</span> <span class='ocrx_word' id='word_1_530' title='bbox 417 3666 535 3722; x_wconf 80' lang='grc' dir='ltr'>ἀκουσίως</span> <span class='ocrx_word' id='word_1_531' title='bbox 545 3665 632 3716; x_wconf 77' lang='lat' dir='ltr'>codex.</span> <span class='ocrx_word' id='word_1_532' title='bbox 799 3661 803 3671; x_wconf 85' lang='lat'>&#39;</span> <span class='ocrx_word' id='word_1_533' title='bbox 1225 3729 1231 3740; x_wconf 90' lang='lat'>.</span> <span class='ocrx_word' id='word_1_534' title='bbox 1252 3730 1257 3741; x_wconf 43' lang='grc' dir='ltr'>Ι</span> <span class='ocrx_word' id='word_1_535' title='bbox 1346 3727 1349 3732; x_wconf 28' lang='lat'><strong><em>¹</em></strong></span> 
     </span>
    </p>

    <p class='ocr_par' dir='ltr' id='par_1_16' title="bbox 89 3728 1686 4291">
     <span class='ocr_line' id='line_1_63' title="bbox 122 3728 1685 3811; baseline -0.001 -24"><span class='ocrx_word' id='word_1_536' title='bbox 122 3738 137 3801; x_wconf 88' lang='lat'><em>§</em></span> <span class='ocrx_word' id='word_1_537' title='bbox 153 3743 175 3787; x_wconf 86' lang='grc'>5.</span> <span class='ocrx_word' id='word_1_538' title='bbox 187 3734 352 3799; x_wconf 70' lang='grc' dir='ltr'>Ἀειμνήστου]</span> <span class='ocrx_word' id='word_1_539' title='bbox 362 3735 403 3785; x_wconf 88' lang='lat' dir='ltr'>Sto</span> <span class='ocrx_word' id='word_1_540' title='bbox 412 3736 488 3785; x_wconf 87' lang='lat' dir='ltr'>etiam</span> <span class='ocrx_word' id='word_1_541' title='bbox 500 3737 616 3787; x_wconf 83' lang='lat' dir='ltr'>Herodot.</span> <span class='ocrx_word' id='word_1_542' title='bbox 629 3742 654 3797; x_wconf 90' lang='grc'>9,</span> <span class='ocrx_word' id='word_1_543' title='bbox 670 3740 709 3796; x_wconf 79' lang='lat' dir='ltr'>ot,</span> <span class='ocrx_word' id='word_1_544' title='bbox 723 3735 766 3785; x_wconf 94' lang='lat' dir='ltr'>ubi</span> <span class='ocrx_word' id='word_1_545' title='bbox 776 3732 915 3784; x_wconf 84' lang='lat' dir='ltr'>Dhrdortius</span> <span class='ocrx_word' id='word_1_546' title='bbox 928 3744 960 3781; x_wconf 80' lang='lat' dir='ltr'>ex</span> <span class='ocrx_word' id='word_1_547' title='bbox 971 3730 1093 3781; x_wconf 86' lang='lat' dir='ltr'>nonnullis</span> <span class='ocrx_word' id='word_1_548' title='bbox 1106 3730 1178 3780; x_wconf 83' lang='lat' dir='ltr'>codd.</span> <span class='ocrx_word' id='word_1_549' title='bbox 1193 3728 1271 3780; x_wconf 85' lang='lat' dir='ltr'>edrdrt</span> <span class='ocrx_word' id='word_1_550' title='bbox 1284 3730 1449 3811; x_wconf 77' lang='grc' dir='ltr'>Ἀριμνήστου,</span> <span class='ocrx_word' id='word_1_551' title='bbox 1465 3732 1508 3783; x_wconf 79' lang='lat' dir='ltr'>rix</span> <span class='ocrx_word' id='word_1_552' title='bbox 1517 3736 1594 3797; x_wconf 85' lang='lat' dir='ltr'>reste,</span> <span class='ocrx_word' id='word_1_553' title='bbox 1607 3751 1685 3799; x_wconf 87' lang='lat' dir='ltr'>quum</span> 
     </span>
     <span class='ocr_line' id='line_1_64' title="bbox 93 3800 1686 3870; baseline -0.003 -11"><span class='ocrx_word' id='word_1_554' title='bbox 93 3810 244 3870; x_wconf 69' lang='grc' dir='ltr'>Ἀειμνήστου</span> <span class='ocrx_word' id='word_1_555' title='bbox 257 3806 346 3857; x_wconf 86' lang='lat' dir='ltr'>habeat</span> <span class='ocrx_word' id='word_1_556' title='bbox 360 3806 435 3856; x_wconf 90' lang='lat' dir='ltr'>etiam</span> <span class='ocrx_word' id='word_1_557' title='bbox 443 3807 568 3858; x_wconf 83' lang='lat' dir='ltr'>Plutarch.</span> <span class='ocrx_word' id='word_1_558' title='bbox 581 3811 619 3858; x_wconf 87' lang='lat' dir='ltr'>De</span> <span class='ocrx_word' id='word_1_559' title='bbox 630 3809 729 3870; x_wconf 77' lang='lat' dir='ltr'>malign.</span> <span class='ocrx_word' id='word_1_560' title='bbox 744 3820 767 3857; x_wconf 86' lang='grc' dir='ltr'>ο.</span> <span class='ocrx_word' id='word_1_561' title='bbox 786 3810 826 3855; x_wconf 80' lang='lat' dir='ltr'>tn.</span> <span class='ocrx_word' id='word_1_562' title='bbox 841 3805 950 3854; x_wconf 87' lang='lat' dir='ltr'>Alteram</span> <span class='ocrx_word' id='word_1_563' title='bbox 961 3801 1069 3851; x_wconf 89' lang='lat' dir='ltr'>nominis</span> <span class='ocrx_word' id='word_1_564' title='bbox 1083 3800 1245 3863; x_wconf 79' lang='lat' dir='ltr'>scripturam,</span> <span class='ocrx_word' id='word_1_565' title='bbox 1257 3813 1339 3850; x_wconf 75' lang='lat' dir='ltr'>neseio</span> <span class='ocrx_word' id='word_1_566' title='bbox 1353 3814 1385 3849; x_wconf 88' lang='lat' dir='ltr'>an</span> <span class='ocrx_word' id='word_1_567' title='bbox 1394 3802 1512 3853; x_wconf 90' lang='lat' dir='ltr'>librorum</span> <span class='ocrx_word' id='word_1_568' title='bbox 1521 3805 1594 3867; x_wconf 84' lang='lat' dir='ltr'>vitio,</span> <span class='ocrx_word' id='word_1_569' title='bbox 1609 3806 1686 3859; x_wconf 86' lang='lat' dir='ltr'>babes</span> 
     </span>
     <span class='ocr_line' id='line_1_65' title="bbox 89 3873 1683 3941; baseline -0.001 -13"><span class='ocrx_word' id='word_1_570' title='bbox 89 3878 157 3941; x_wconf 87' lang='lat' dir='ltr'>apud</span> <span class='ocrx_word' id='word_1_571' title='bbox 167 3876 325 3928; x_wconf 76' lang='lat' dir='ltr'>Plutarchum</span> <span class='ocrx_word' id='word_1_572' title='bbox 340 3876 441 3926; x_wconf 88' lang='lat' dir='ltr'>Aristid.</span> <span class='ocrx_word' id='word_1_573' title='bbox 454 3890 477 3926; x_wconf 88' lang='lat' dir='ltr'>o.</span> <span class='ocrx_word' id='word_1_574' title='bbox 493 3881 529 3936; x_wconf 92' lang='grc'>11,</span> <span class='ocrx_word' id='word_1_575' title='bbox 542 3881 592 3928; x_wconf 71' lang='grc' dir='ltr'>θεέ</span> <span class='ocrx_word' id='word_1_576' title='bbox 608 3882 645 3933; x_wconf 87' lang='grc'>19.</span> <span class='ocrx_word' id='word_1_577' title='bbox 664 3885 686 3937; x_wconf 81' lang='grc'>1,</span> <span class='ocrx_word' id='word_1_578' title='bbox 703 3878 746 3929; x_wconf 91' lang='lat' dir='ltr'>ubi</span> <span class='ocrx_word' id='word_1_579' title='bbox 763 3895 769 3924; x_wconf 79' lang='grc' dir='ltr'>ι</span> <span class='ocrx_word' id='word_1_580' title='bbox 792 3878 950 3941; x_wconf 72' lang='grc' dir='ltr'>Μαρδόνιον...</span> <span class='ocrx_word' id='word_1_581' title='bbox 978 3875 1126 3937; x_wconf 72' lang='grc' dir='ltr'>Ἀρίμνηστος</span> <span class='ocrx_word' id='word_1_582' title='bbox 1145 3873 1296 3923; x_wconf 72' lang='grc' dir='ltr'>ἀποκτίννυσι</span> <span class='ocrx_word' id='word_1_583' title='bbox 1315 3873 1372 3935; x_wconf 70' lang='grc' dir='ltr'>λίθῳ</span> <span class='ocrx_word' id='word_1_584' title='bbox 1389 3877 1431 3932; x_wconf 79' lang='grc' dir='ltr'>τὴν</span> <span class='ocrx_word' id='word_1_585' title='bbox 1446 3879 1548 3939; x_wconf 70' lang='grc' dir='ltr'>κεραίην</span> <span class='ocrx_word' id='word_1_586' title='bbox 1572 3879 1683 3937; x_wconf 68' lang='grc' dir='ltr'>πατάξας,</span> 
     </span>
     <span class='ocr_line' id='line_1_66' title="bbox 89 3943 1683 4011; baseline 0.002 -12"><span class='ocrx_word' id='word_1_587' title='bbox 89 3953 126 3999; x_wconf 90' lang='lat' dir='ltr'>De</span> <span class='ocrx_word' id='word_1_588' title='bbox 137 3948 219 3998; x_wconf 86' lang='lat' dir='ltr'>oooiso</span> <span class='ocrx_word' id='word_1_589' title='bbox 233 3947 359 3997; x_wconf 89' lang='lat' dir='ltr'>lttardonio</span> <span class='ocrx_word' id='word_1_590' title='bbox 369 3948 490 3998; x_wconf 83' lang='lat' dir='ltr'>eonsentit</span> <span class='ocrx_word' id='word_1_591' title='bbox 501 3948 574 3998; x_wconf 82' lang='lat' dir='ltr'>eham</span> <span class='ocrx_word' id='word_1_592' title='bbox 587 3947 710 3999; x_wconf 85' lang='lat' dir='ltr'>Diodorus</span> <span class='ocrx_word' id='word_1_593' title='bbox 724 3952 755 4009; x_wconf 87' lang='lat' dir='ltr'>tl,</span> <span class='ocrx_word' id='word_1_594' title='bbox 771 3952 809 4009; x_wconf 82' lang='grc'>91,</span> <span class='ocrx_word' id='word_1_595' title='bbox 822 3956 835 3999; x_wconf 82' lang='lat' dir='ltr'>n</span> <span class='ocrx_word' id='word_1_596' title='bbox 846 3969 853 3997; x_wconf 78' lang='grc' dir='ltr'>ι</span> <span class='ocrx_word' id='word_1_597' title='bbox 864 3948 992 4011; x_wconf 79' lang='grc' dir='ltr'>Μαρδόνιος</span> <span class='ocrx_word' id='word_1_598' title='bbox 1006 3943 1173 4005; x_wconf 75' lang='grc' dir='ltr'>ἀγωνιζόμενος</span> <span class='ocrx_word' id='word_1_599' title='bbox 1183 3944 1288 4006; x_wconf 73' lang='grc' dir='ltr'>ἐκθύμως</span> <span class='ocrx_word' id='word_1_600' title='bbox 1309 3944 1393 3996; x_wconf 67' lang='lat' dir='ltr'>ineos:</span> <span class='ocrx_word' id='word_1_601' title='bbox 1401 3948 1493 3998; x_wconf 76' lang='lat' dir='ltr'>Contra</span> <span class='ocrx_word' id='word_1_602' title='bbox 1507 3948 1604 3998; x_wconf 82' lang='lat' dir='ltr'>ctesias</span> <span class='ocrx_word' id='word_1_603' title='bbox 1614 3953 1683 4002; x_wconf 87' lang='lat' dir='ltr'>Pers.</span> 
     </span>
     <span class='ocr_line' id='line_1_67' title="bbox 89 4014 1684 4085; baseline 0 -16"><span class='ocrx_word' id='word_1_604' title='bbox 89 4026 121 4070; x_wconf 82' lang='grc'>15</span> <span class='ocrx_word' id='word_1_605' title='bbox 137 4040 144 4069; x_wconf 84' lang='grc' dir='ltr'>ι</span> <span class='ocrx_word' id='word_1_606' title='bbox 159 4019 236 4080; x_wconf 74' lang='grc' dir='ltr'>φεύγει</span> <span class='ocrx_word' id='word_1_607' title='bbox 249 4020 425 4081; x_wconf 83' lang='grc' dir='ltr'>τραυματισθείς</span> <span class='ocrx_word' id='word_1_608' title='bbox 442 4020 482 4066; x_wconf 88' lang='grc' dir='ltr'>καί</span> <span class='ocrx_word' id='word_1_609' title='bbox 496 4018 639 4081; x_wconf 73' lang='grc' dir='ltr'>Μαρδόνιος,</span> <span class='ocrx_word' id='word_1_610' title='bbox 655 4022 680 4069; x_wconf 89' lang='lat' dir='ltr'>et</span> <span class='ocrx_word' id='word_1_611' title='bbox 697 4020 809 4070; x_wconf 82' lang='lat' dir='ltr'>lustinus</span> <span class='ocrx_word' id='word_1_612' title='bbox 829 4026 852 4078; x_wconf 82' lang='grc'>1,</span> <span class='ocrx_word' id='word_1_613' title='bbox 868 4021 913 4067; x_wconf 76' lang='lat' dir='ltr'>tt:</span> <span class='ocrx_word' id='word_1_614' title='bbox 929 4020 1014 4067; x_wconf 79' lang='lat' dir='ltr'>victus</span> <span class='ocrx_word' id='word_1_615' title='bbox 1036 4014 1193 4064; x_wconf 81' lang='lat' dir='ltr'>Mardonius</span> <span class='ocrx_word' id='word_1_616' title='bbox 1211 4015 1293 4065; x_wconf 77' lang='lat' dir='ltr'>veluti</span> <span class='ocrx_word' id='word_1_617' title='bbox 1311 4030 1344 4065; x_wconf 77' lang='lat' dir='ltr'>ex</span> <span class='ocrx_word' id='word_1_618' title='bbox 1359 4018 1500 4080; x_wconf 78' lang='lat' dir='ltr'>nuusrnpio</span> <span class='ocrx_word' id='word_1_619' title='bbox 1515 4032 1576 4069; x_wconf 84' lang='lat' dir='ltr'>eum</span> <span class='ocrx_word' id='word_1_620' title='bbox 1591 4027 1684 4085; x_wconf 66' lang='lat' dir='ltr'>punctu</span> 
     </span>
     <span class='ocr_line' id='line_1_68' title="bbox 89 4083 1682 4155; baseline -0.001 -17"><span class='ocrx_word' id='word_1_621' title='bbox 89 4089 196 4153; x_wconf 75' lang='lat' dir='ltr'>ss&#39;supit.</span> <span class='ocrx_word' id='word_1_622' title='bbox 209 4087 361 4139; x_wconf 88' lang='lat' dir='ltr'>ltlardonium</span> <span class='ocrx_word' id='word_1_623' title='bbox 377 4101 434 4137; x_wconf 87' lang='lat' dir='ltr'>euru</span> <span class='ocrx_word' id='word_1_624' title='bbox 453 4087 572 4138; x_wconf 85' lang='lat' dir='ltr'>Artabano</span> <span class='ocrx_word' id='word_1_625' title='bbox 590 4090 702 4141; x_wconf 83' lang='lat' dir='ltr'>lustinus</span> <span class='ocrx_word' id='word_1_626' title='bbox 717 4092 792 4142; x_wconf 85' lang='lat' dir='ltr'>etlam</span> <span class='ocrx_word' id='word_1_627' title='bbox 807 4089 832 4139; x_wconf 84' lang='lat' dir='ltr'>ln</span> <span class='ocrx_word' id='word_1_628' title='bbox 849 4092 942 4139; x_wconf 84' lang='lat' dir='ltr'>anteco.</span> <span class='ocrx_word' id='word_1_629' title='bbox 967 4084 1101 4145; x_wconf 83' lang='lat' dir='ltr'>oonluudlt,</span> <span class='ocrx_word' id='word_1_630' title='bbox 1117 4083 1163 4134; x_wconf 94' lang='lat' dir='ltr'>ubi</span> <span class='ocrx_word' id='word_1_631' title='bbox 1179 4102 1185 4132; x_wconf 83' lang='grc' dir='ltr'>ι</span> <span class='ocrx_word' id='word_1_632' title='bbox 1202 4085 1358 4137; x_wconf 79' lang='lat' dir='ltr'>Mardonius</span> <span class='ocrx_word' id='word_1_633' title='bbox 1375 4088 1515 4147; x_wconf 74' lang='lat' dir='ltr'>olynthum</span> <span class='ocrx_word' id='word_1_634' title='bbox 1537 4097 1682 4155; x_wconf 63' lang='lat' dir='ltr'>apapreat,</span> 
     </span>
     <span class='ocr_line' id='line_1_69' title="bbox 90 4154 1684 4221; baseline 0.004 -14"><span class='ocrx_word' id='word_1_635' title='bbox 90 4159 281 4220; x_wconf 67' lang='grc' dir='ltr'>Ἀριστόδημος...</span> <span class='ocrx_word' id='word_1_636' title='bbox 299 4156 426 4219; x_wconf 79' lang='grc' dir='ltr'>θΤρισᾰς]</span> <span class='ocrx_word' id='word_1_637' title='bbox 442 4170 467 4205; x_wconf 86' lang='grc' dir='ltr'>ν.</span> <span class='ocrx_word' id='word_1_638' title='bbox 481 4157 597 4209; x_wconf 87' lang='lat' dir='ltr'>Herodot.</span> <span class='ocrx_word' id='word_1_639' title='bbox 611 4162 686 4220; x_wconf 82' lang='grc'>9,71.</span> <span class='ocrx_word' id='word_1_640' title='bbox 704 4163 727 4221; x_wconf 86' lang='lat'>7,</span> <span class='ocrx_word' id='word_1_641' title='bbox 738 4165 784 4211; x_wconf 82' lang='grc'>119</span> <span class='ocrx_word' id='word_1_642' title='bbox 794 4162 820 4210; x_wconf 89' lang='lat' dir='ltr'>et</span> <span class='ocrx_word' id='word_1_643' title='bbox 835 4163 890 4221; x_wconf 79' lang='grc'>191,</span> <span class='ocrx_word' id='word_1_644' title='bbox 905 4157 993 4208; x_wconf 76' lang='lat' dir='ltr'>AElian.</span> <span class='ocrx_word' id='word_1_645' title='bbox 1006 4156 1069 4207; x_wconf 88' lang='lat' dir='ltr'>llist.</span> <span class='ocrx_word' id='word_1_646' title='bbox 1084 4160 1130 4204; x_wconf 89' lang='lat' dir='ltr'>An.</span> <span class='ocrx_word' id='word_1_647' title='bbox 1143 4158 1167 4215; x_wconf 83' lang='lat' dir='ltr'>t,</span> <span class='ocrx_word' id='word_1_648' title='bbox 1180 4162 1201 4203; x_wconf 89' lang='lat' dir='ltr'>t.</span> <span class='ocrx_word' id='word_1_649' title='bbox 1215 4154 1338 4207; x_wconf 89' lang='lat' dir='ltr'>Diodorus</span> <span class='ocrx_word' id='word_1_650' title='bbox 1348 4156 1494 4208; x_wconf 77' lang='lat' dir='ltr'>Aristoderm</span> <span class='ocrx_word' id='word_1_651' title='bbox 1507 4173 1555 4209; x_wconf 88' lang='lat' dir='ltr'>non</span> <span class='ocrx_word' id='word_1_652' title='bbox 1564 4162 1684 4214; x_wconf 77' lang='lat' dir='ltr'>meminit.</span> 
     </span>
     <span class='ocr_line' id='line_1_70' title="bbox 90 4225 1031 4291; baseline -0.004 -12"><span class='ocrx_word' id='word_1_653' title='bbox 90 4232 128 4279; x_wconf 81' lang='lat' dir='ltr'>De</span> <span class='ocrx_word' id='word_1_654' title='bbox 142 4225 381 4291; x_wconf 69' lang='lat' dir='ltr'>hrrpiqtrepidorum</span> <span class='ocrx_word' id='word_1_655' title='bbox 392 4238 417 4275; x_wconf 92' lang='grc' dir='ltr'>ν.</span> <span class='ocrx_word' id='word_1_656' title='bbox 428 4227 536 4290; x_wconf 87' lang='lat' dir='ltr'>lienopb.</span> <span class='ocrx_word' id='word_1_657' title='bbox 547 4230 576 4277; x_wconf 88' lang='lat' dir='ltr'>a.</span> <span class='ocrx_word' id='word_1_658' title='bbox 591 4230 645 4278; x_wconf 84' lang='lat' dir='ltr'>Lae.</span> <span class='ocrx_word' id='word_1_659' title='bbox 663 4238 687 4291; x_wconf 87' lang='grc'>9,</span> <span class='ocrx_word' id='word_1_660' title='bbox 699 4236 723 4290; x_wconf 97' lang='grc'>5,</span> <span class='ocrx_word' id='word_1_661' title='bbox 735 4228 860 4281; x_wconf 88' lang='lat' dir='ltr'>Plutarch.</span> <span class='ocrx_word' id='word_1_662' title='bbox 876 4230 980 4289; x_wconf 77' lang='lat' dir='ltr'>Lyaurg.</span> <span class='ocrx_word' id='word_1_663' title='bbox 992 4230 1031 4276; x_wconf 84' lang='grc'>99.</span> 
     </span>
    </p>

    <p class='ocr_par' dir='ltr' id='par_1_17' title="bbox 82 4294 1685 5278">
     <span class='ocr_line' id='line_1_71' title="bbox 122 4294 1685 4363; baseline 0.003 -16"><span class='ocrx_word' id='word_1_664' title='bbox 122 4300 164 4347; x_wconf 87' lang='lat'><em>111.</em></span> <span class='ocrx_word' id='word_1_665' title='bbox 188 4298 203 4360; x_wconf 91' lang='lat'>§</span> <span class='ocrx_word' id='word_1_666' title='bbox 218 4296 351 4357; x_wconf 78' lang='grc' dir='ltr'>1.·9ρνγον</span> <span class='ocrx_word' id='word_1_667' title='bbox 364 4296 450 4352; x_wconf 79' lang='grc' dir='ltr'>εἰςτὰς</span> <span class='ocrx_word' id='word_1_668' title='bbox 468 4299 567 4362; x_wconf 63' lang='grc' dir='ltr'>θείοις]</span> <span class='ocrx_word' id='word_1_669' title='bbox 587 4302 646 4350; x_wconf 83' lang='lat' dir='ltr'>ltaeo</span> <span class='ocrx_word' id='word_1_670' title='bbox 660 4314 747 4363; x_wconf 87' lang='lat' dir='ltr'>parum</span> <span class='ocrx_word' id='word_1_671' title='bbox 765 4302 879 4351; x_wconf 80' lang='lat' dir='ltr'>accurate</span> <span class='ocrx_word' id='word_1_672' title='bbox 891 4296 958 4347; x_wconf 85' lang='lat' dir='ltr'>dicta</span> <span class='ocrx_word' id='word_1_673' title='bbox 967 4298 1026 4346; x_wconf 88' lang='lat' dir='ltr'>sunt</span> <span class='ocrx_word' id='word_1_674' title='bbox 1043 4295 1198 4358; x_wconf 85' lang='lat' dir='ltr'>pendentque</span> <span class='ocrx_word' id='word_1_675' title='bbox 1217 4294 1255 4345; x_wconf 81' lang='lat' dir='ltr'>vel</span> <span class='ocrx_word' id='word_1_676' title='bbox 1271 4308 1304 4345; x_wconf 81' lang='lat' dir='ltr'>ex</span> <span class='ocrx_word' id='word_1_677' title='bbox 1316 4296 1427 4358; x_wconf 90' lang='lat' dir='ltr'>opinione</span> <span class='ocrx_word' id='word_1_678' title='bbox 1440 4298 1530 4359; x_wconf 83' lang='lat' dir='ltr'>Nostri,</span> <span class='ocrx_word' id='word_1_679' title='bbox 1545 4300 1588 4361; x_wconf 90' lang='lat' dir='ltr'>qui</span> <span class='ocrx_word' id='word_1_680' title='bbox 1603 4305 1685 4352; x_wconf 83' lang='lat' dir='ltr'>eastra</span> 
     </span>
     <span class='ocr_line' id='line_1_72' title="bbox 89 4362 1684 4435; baseline 0.002 -16"><span class='ocrx_word' id='word_1_681' title='bbox 89 4372 220 4419; x_wconf 80' lang='lat' dir='ltr'>Persarum</span> <span class='ocrx_word' id='word_1_682' title='bbox 240 4366 273 4416; x_wconf 92' lang='lat' dir='ltr'>ad</span> <span class='ocrx_word' id='word_1_683' title='bbox 292 4366 370 4429; x_wconf 87' lang='lat' dir='ltr'>ipsam</span> <span class='ocrx_word' id='word_1_684' title='bbox 384 4366 523 4419; x_wconf 82' lang='lat' dir='ltr'>Thebarum</span> <span class='ocrx_word' id='word_1_685' title='bbox 542 4369 628 4421; x_wconf 91' lang='lat' dir='ltr'>urbem</span> <span class='ocrx_word' id='word_1_686' title='bbox 649 4369 723 4422; x_wconf 87' lang='lat' dir='ltr'>tuisse</span> <span class='ocrx_word' id='word_1_687' title='bbox 744 4368 827 4435; x_wconf 78' lang='lat' dir='ltr'>tingit,</span> <span class='ocrx_word' id='word_1_688' title='bbox 846 4368 886 4419; x_wconf 80' lang='lat' dir='ltr'>vel</span> <span class='ocrx_word' id='word_1_689' title='bbox 900 4381 932 4417; x_wconf 85' lang='lat' dir='ltr'>ex</span> <span class='ocrx_word' id='word_1_690' title='bbox 947 4367 1058 4430; x_wconf 90' lang='lat' dir='ltr'>eoquod</span> <span class='ocrx_word' id='word_1_691' title='bbox 1078 4365 1110 4416; x_wconf 90' lang='lat' dir='ltr'>ad</span> <span class='ocrx_word' id='word_1_692' title='bbox 1123 4362 1204 4416; x_wconf 81' lang='lat' dir='ltr'>toturn</span> <span class='ocrx_word' id='word_1_693' title='bbox 1223 4366 1358 4415; x_wconf 77' lang='lat' dir='ltr'>exercitum</span> <span class='ocrx_word' id='word_1_694' title='bbox 1371 4367 1524 4432; x_wconf 79' lang='lat' dir='ltr'>retulitque</span> <span class='ocrx_word' id='word_1_695' title='bbox 1539 4372 1635 4422; x_wconf 87' lang='lat' dir='ltr'>nonnisi</span> <span class='ocrx_word' id='word_1_696' title='bbox 1654 4374 1684 4422; x_wconf 87' lang='lat' dir='ltr'>ad</span> 
     </span>
     <span class='ocr_line' id='line_1_73' title="bbox 89 4434 1682 4505; baseline 0.001 -15"><span class='ocrx_word' id='word_1_697' title='bbox 89 4436 234 4491; x_wconf 84' lang='lat' dir='ltr'>partioulam</span> <span class='ocrx_word' id='word_1_698' title='bbox 252 4437 305 4499; x_wconf 74' lang='lat' dir='ltr'>elus</span> <span class='ocrx_word' id='word_1_699' title='bbox 317 4434 446 4499; x_wconf 89' lang='lat' dir='ltr'>pertinent.</span> <span class='ocrx_word' id='word_1_700' title='bbox 464 4438 604 4489; x_wconf 86' lang='lat' dir='ltr'>seeundum</span> <span class='ocrx_word' id='word_1_701' title='bbox 619 4440 771 4491; x_wconf 87' lang='lat' dir='ltr'>Herodotum</span> <span class='ocrx_word' id='word_1_702' title='bbox 783 4445 807 4498; x_wconf 88' lang='grc'>9,</span> <span class='ocrx_word' id='word_1_703' title='bbox 820 4446 850 4489; x_wconf 83' lang='grc'>55</span> <span class='ocrx_word' id='word_1_704' title='bbox 864 4439 892 4489; x_wconf 89' lang='lat' dir='ltr'>et</span> <span class='ocrx_word' id='word_1_705' title='bbox 902 4441 932 4489; x_wconf 76' lang='lat' dir='ltr'>st</span> <span class='ocrx_word' id='word_1_706' title='bbox 949 4436 1030 4488; x_wconf 77' lang='lat' dir='ltr'>Greci</span> <span class='ocrx_word' id='word_1_707' title='bbox 1046 4436 1146 4500; x_wconf 87' lang='lat' dir='ltr'>quidem</span> <span class='ocrx_word' id='word_1_708' title='bbox 1161 4438 1292 4486; x_wconf 88' lang='lat' dir='ltr'>Persarum</span> <span class='ocrx_word' id='word_1_709' title='bbox 1303 4436 1365 4487; x_wconf 87' lang='lat' dir='ltr'>socii</span> <span class='ocrx_word' id='word_1_710' title='bbox 1378 4437 1474 4489; x_wconf 82' lang='lat' dir='ltr'>Thebas</span> <span class='ocrx_word' id='word_1_711' title='bbox 1483 4452 1511 4489; x_wconf 93' lang='lat' dir='ltr'>se</span> <span class='ocrx_word' id='word_1_712' title='bbox 1523 4448 1682 4505; x_wconf 82' lang='lat' dir='ltr'>receperunt,</span> 
     </span>
     <span class='ocr_line' id='line_1_74' title="bbox 89 4505 1684 4575; baseline 0 -16"><span class='ocrx_word' id='word_1_713' title='bbox 89 4512 170 4559; x_wconf 77' lang='lat' dir='ltr'>Perse</span> <span class='ocrx_word' id='word_1_714' title='bbox 190 4508 274 4557; x_wconf 85' lang='lat' dir='ltr'>autem</span> <span class='ocrx_word' id='word_1_715' title='bbox 298 4506 323 4555; x_wconf 92' lang='lat' dir='ltr'>iu</span> <span class='ocrx_word' id='word_1_716' title='bbox 341 4509 478 4558; x_wconf 86' lang='lat' dir='ltr'>castrorum</span> <span class='ocrx_word' id='word_1_717' title='bbox 500 4522 598 4561; x_wconf 90' lang='lat' dir='ltr'>murum</span> <span class='ocrx_word' id='word_1_718' title='bbox 621 4509 735 4574; x_wconf 78' lang='lat' dir='ltr'>ligneum.</span> <span class='ocrx_word' id='word_1_719' title='bbox 748 4510 865 4561; x_wconf 83' lang='lat' dir='ltr'>Similiter</span> <span class='ocrx_word' id='word_1_720' title='bbox 887 4508 1010 4560; x_wconf 86' lang='lat' dir='ltr'>Diodorus</span> <span class='ocrx_word' id='word_1_721' title='bbox 1022 4508 1055 4567; x_wconf 85' lang='lat'>11,</span> <span class='ocrx_word' id='word_1_722' title='bbox 1076 4505 1143 4568; x_wconf 79' lang='grc'>11,9</span> <span class='ocrx_word' id='word_1_723' title='bbox 1159 4506 1195 4556; x_wconf 92' lang='lat' dir='ltr'>ita</span> <span class='ocrx_word' id='word_1_724' title='bbox 1208 4505 1282 4557; x_wconf 88' lang='lat' dir='ltr'>habet</span> <span class='ocrx_word' id='word_1_725' title='bbox 1295 4527 1302 4556; x_wconf 75' lang='grc' dir='ltr'>ι</span> <span class='ocrx_word' id='word_1_726' title='bbox 1317 4511 1347 4558; x_wconf 87' lang='lat' dir='ltr'>ot</span> <span class='ocrx_word' id='word_1_727' title='bbox 1364 4509 1405 4572; x_wconf 74' lang='lat' dir='ltr'>pto</span> <span class='ocrx_word' id='word_1_728' title='bbox 1421 4511 1514 4565; x_wconf 85' lang='grc' dir='ltr'>πλείους</span> <span class='ocrx_word' id='word_1_729' title='bbox 1530 4517 1577 4559; x_wconf 81' lang='grc' dir='ltr'>τῶν</span> <span class='ocrx_word' id='word_1_730' title='bbox 1595 4514 1684 4575; x_wconf 69' lang='grc' dir='ltr'>βαρεί-</span> 
     </span>
     <span class='ocr_line' id='line_1_75' title="bbox 88 4576 1683 4647; baseline 0 -18"><span class='ocrx_word' id='word_1_731' title='bbox 88 4598 136 4630; x_wconf 81' lang='grc' dir='ltr'>οωι</span> <span class='ocrx_word' id='word_1_732' title='bbox 161 4580 193 4635; x_wconf 85' lang='grc' dir='ltr'>είς</span> <span class='ocrx_word' id='word_1_733' title='bbox 212 4578 240 4627; x_wconf 85' lang='grc' dir='ltr'>εδ</span> <span class='ocrx_word' id='word_1_734' title='bbox 262 4578 348 4634; x_wconf 73' lang='grc' dir='ltr'>ξύλινον</span> <span class='ocrx_word' id='word_1_735' title='bbox 363 4582 439 4641; x_wconf 77' lang='grc' dir='ltr'>τεῖχος</span> <span class='ocrx_word' id='word_1_736' title='bbox 457 4581 598 4643; x_wconf 81' lang='grc' dir='ltr'>συνέφυγον,</span> <span class='ocrx_word' id='word_1_737' title='bbox 621 4587 667 4631; x_wconf 87' lang='grc' dir='ltr'>τῶν</span> <span class='ocrx_word' id='word_1_738' title='bbox 684 4583 792 4631; x_wconf 78' lang='grc' dir='ltr'>δίᾶλλων</span> <span class='ocrx_word' id='word_1_739' title='bbox 817 4585 840 4631; x_wconf 86' lang='lat' dir='ltr'>ot</span> <span class='ocrx_word' id='word_1_740' title='bbox 856 4582 897 4644; x_wconf 88' lang='grc' dir='ltr'>μἐν</span> <span class='ocrx_word' id='word_1_741' title='bbox 918 4580 976 4641; x_wconf 71' lang='grc' dir='ltr'>μετὰ</span> <span class='ocrx_word' id='word_1_742' title='bbox 987 4576 1120 4641; x_wconf 84' lang='grc' dir='ltr'>Μαρδονίου</span> <span class='ocrx_word' id='word_1_743' title='bbox 1133 4577 1254 4639; x_wconf 82' lang='grc' dir='ltr'>ταχθέντες</span> <span class='ocrx_word' id='word_1_744' title='bbox 1268 4576 1380 4647; x_wconf 79' lang='grc' dir='ltr'>Ἕλληνος</span> <span class='ocrx_word' id='word_1_745' title='bbox 1396 4580 1428 4635; x_wconf 85' lang='grc' dir='ltr'>είς</span> <span class='ocrx_word' id='word_1_746' title='bbox 1442 4580 1483 4636; x_wconf 78' lang='grc' dir='ltr'>τὰς</span> <span class='ocrx_word' id='word_1_747' title='bbox 1494 4582 1574 4638; x_wconf 78' lang='grc' dir='ltr'>θιίθας</span> <span class='ocrx_word' id='word_1_748' title='bbox 1591 4583 1683 4645; x_wconf 83' lang='grc' dir='ltr'>ἀνεχώ·</span> 
     </span>
     <span class='ocr_line' id='line_1_76' title="bbox 86 4647 1681 4716; baseline -0.008 -15"><span class='ocrx_word' id='word_1_749' title='bbox 86 4667 178 4711; x_wconf 87' lang='grc' dir='ltr'>οησαν,</span> <span class='ocrx_word' id='word_1_750' title='bbox 197 4649 251 4705; x_wconf 81' lang='grc' dir='ltr'>τοὺς</span> <span class='ocrx_word' id='word_1_751' title='bbox 273 4648 297 4697; x_wconf 80' lang='lat' dir='ltr'>u</span> <span class='ocrx_word' id='word_1_752' title='bbox 315 4648 409 4706; x_wconf 85' lang='grc' dir='ltr'>λοιποὺς</span> <span class='ocrx_word' id='word_1_753' title='bbox 427 4650 493 4706; x_wconf 78' lang='grc' dir='ltr'>ὄντας</span> <span class='ocrx_word' id='word_1_754' title='bbox 515 4652 608 4707; x_wconf 74' lang='grc' dir='ltr'>πλείους</span> <span class='ocrx_word' id='word_1_755' title='bbox 628 4658 675 4701; x_wconf 79' lang='grc' dir='ltr'>τῶν</span> <span class='ocrx_word' id='word_1_756' title='bbox 688 4651 885 4716; x_wconf 80' lang='grc' dir='ltr'>τετρακισμυρίων</span> <span class='ocrx_word' id='word_1_757' title='bbox 911 4649 1033 4700; x_wconf 74' lang='grc' dir='ltr'>διαλαθὼν</span> <span class='ocrx_word' id='word_1_758' title='bbox 1056 4647 1191 4712; x_wconf 76' lang='grc' dir='ltr'>Ἇρτάθαζσς</span> <span class='ocrx_word' id='word_1_759' title='bbox 1219 4648 1251 4701; x_wconf 69' lang='grc' dir='ltr'>είς</span> <span class='ocrx_word' id='word_1_760' title='bbox 1264 4647 1358 4713; x_wconf 84' lang='grc' dir='ltr'>θάτερον</span> <span class='ocrx_word' id='word_1_761' title='bbox 1369 4651 1437 4711; x_wconf 84' lang='grc' dir='ltr'>μέρος</span> <span class='ocrx_word' id='word_1_762' title='bbox 1453 4652 1528 4711; x_wconf 64' lang='lat' dir='ltr'>inops.</span> <span class='ocrx_word' id='word_1_763' title='bbox 1552 4654 1614 4701; x_wconf 82' lang='lat' dir='ltr'>Cum</span> <span class='ocrx_word' id='word_1_764' title='bbox 1627 4652 1681 4701; x_wconf 86' lang='lat' dir='ltr'>Ari.</span> 
     </span>
     <span class='ocr_line' id='line_1_77' title="bbox 85 4716 1683 4783; baseline -0.001 -11"><span class='ocrx_word' id='word_1_765' title='bbox 85 4720 200 4772; x_wconf 89' lang='lat' dir='ltr'>stodemo</span> <span class='ocrx_word' id='word_1_766' title='bbox 213 4720 394 4783; x_wconf 84' lang='lat' dir='ltr'>componendus</span> <span class='ocrx_word' id='word_1_767' title='bbox 407 4720 487 4772; x_wconf 83' lang='lat' dir='ltr'>schol.</span> <span class='ocrx_word' id='word_1_768' title='bbox 506 4720 538 4770; x_wconf 88' lang='lat' dir='ltr'>ad</span> <span class='ocrx_word' id='word_1_769' title='bbox 551 4721 650 4772; x_wconf 90' lang='lat' dir='ltr'>Aristid.</span> <span class='ocrx_word' id='word_1_770' title='bbox 668 4723 811 4783; x_wconf 87' lang='lat' dir='ltr'>Panatheu.‚</span> <span class='ocrx_word' id='word_1_771' title='bbox 826 4725 885 4772; x_wconf 89' lang='lat' dir='ltr'>tom.</span> <span class='ocrx_word' id='word_1_772' title='bbox 899 4725 923 4781; x_wconf 81' lang='grc'>3,</span> <span class='ocrx_word' id='word_1_773' title='bbox 942 4732 967 4783; x_wconf 84' lang='grc' dir='ltr'>ρ,</span> <span class='ocrx_word' id='word_1_774' title='bbox 988 4722 1031 4770; x_wconf 87' lang='grc'>195</span> <span class='ocrx_word' id='word_1_775' title='bbox 1046 4718 1086 4769; x_wconf 85' lang='lat' dir='ltr'>ed.</span> <span class='ocrx_word' id='word_1_776' title='bbox 1106 4716 1192 4769; x_wconf 82' lang='lat' dir='ltr'>Dindt.</span> <span class='ocrx_word' id='word_1_777' title='bbox 1205 4737 1212 4767; x_wconf 88' lang='grc' dir='ltr'>ι</span> <span class='ocrx_word' id='word_1_778' title='bbox 1228 4720 1258 4767; x_wconf 87' lang='grc'>01</span> <span class='ocrx_word' id='word_1_779' title='bbox 1275 4720 1320 4782; x_wconf 79' lang='grc' dir='ltr'>γὰρ</span> <span class='ocrx_word' id='word_1_780' title='bbox 1337 4721 1427 4782; x_wconf 71' lang='grc' dir='ltr'>Πέρσαι</span> <span class='ocrx_word' id='word_1_781' title='bbox 1438 4723 1568 4778; x_wconf 71' lang='grc' dir='ltr'>ἡττηθέντες</span> <span class='ocrx_word' id='word_1_782' title='bbox 1582 4724 1606 4769; x_wconf 85' lang='grc' dir='ltr'>ίν</span> <span class='ocrx_word' id='word_1_783' title='bbox 1622 4724 1683 4772; x_wconf 79' lang='lat' dir='ltr'>ille·</span> 
     </span>
     <span class='ocr_line' id='line_1_78' title="bbox 82 4785 1683 4853; baseline -0.001 -14"><span class='ocrx_word' id='word_1_784' title='bbox 82 4796 162 4847; x_wconf 88' lang='grc' dir='ltr'>τοιιαῖς</span> <span class='ocrx_word' id='word_1_785' title='bbox 178 4791 308 4851; x_wconf 80' lang='grc' dir='ltr'>κατέφυγον</span> <span class='ocrx_word' id='word_1_786' title='bbox 321 4791 344 4845; x_wconf 62' lang='lat' dir='ltr'>se</span> <span class='ocrx_word' id='word_1_787' title='bbox 358 4790 399 4846; x_wconf 81' lang='grc' dir='ltr'>τὰς</span> <span class='ocrx_word' id='word_1_788' title='bbox 423 4791 517 4848; x_wconf 64' lang='lat' dir='ltr'>Oritas,</span> <span class='ocrx_word' id='word_1_789' title='bbox 539 4792 714 4853; x_wconf 74' lang='grc' dir='ltr'>ὑποδεξαμένων</span> <span class='ocrx_word' id='word_1_790' title='bbox 748 4792 831 4847; x_wconf 82' lang='grc' dir='ltr'>αὐτοὺς</span> <span class='ocrx_word' id='word_1_791' title='bbox 848 4795 896 4841; x_wconf 86' lang='grc' dir='ltr'>τῶν</span> <span class='ocrx_word' id='word_1_792' title='bbox 919 4789 1040 4846; x_wconf 63' lang='lat' dir='ltr'>morton</span> <span class='ocrx_word' id='word_1_793' title='bbox 1063 4790 1178 4845; x_wconf 77' lang='grc' dir='ltr'>Ἀθηναῖοι</span> <span class='ocrx_word' id='word_1_794' title='bbox 1203 4785 1244 4835; x_wconf 78' lang='grc' dir='ltr'>οὖν</span> <span class='ocrx_word' id='word_1_795' title='bbox 1269 4786 1416 4851; x_wconf 84' lang='grc' dir='ltr'>περιστάντες</span> <span class='ocrx_word' id='word_1_796' title='bbox 1430 4788 1606 4851; x_wconf 78' lang='grc' dir='ltr'>ἐτειχομάχουν.</span> <span class='ocrx_word' id='word_1_797' title='bbox 1622 4790 1633 4851; x_wconf 75' lang='grc' dir='ltr'>ΙΙ</span> <span class='ocrx_word' id='word_1_798' title='bbox 1654 4816 1683 4829; x_wconf 84' lang='lat'><em>-</em></span> 
     </span>
     <span class='ocr_line' id='line_1_79' title="bbox 85 4856 1683 4923; baseline -0.001 -14"><span class='ocrx_word' id='word_1_799' title='bbox 85 4860 180 4909; x_wconf 82' lang='grc' dir='ltr'>δώδεκα</span> <span class='ocrx_word' id='word_1_800' title='bbox 193 4856 314 4923; x_wconf 83' lang='grc' dir='ltr'>μυριάδας]</span> <span class='ocrx_word' id='word_1_801' title='bbox 322 4860 380 4922; x_wconf 74' lang='grc' dir='ltr'>ὑπὲρ</span> <span class='ocrx_word' id='word_1_802' title='bbox 391 4860 432 4916; x_wconf 84' lang='grc' dir='ltr'>τὰς</span> <span class='ocrx_word' id='word_1_803' title='bbox 440 4860 497 4909; x_wconf 86' lang='grc' dir='ltr'>δέκα</span> <span class='ocrx_word' id='word_1_804' title='bbox 506 4860 615 4922; x_wconf 87' lang='grc' dir='ltr'>μυριάδας</span> <span class='ocrx_word' id='word_1_805' title='bbox 627 4872 676 4910; x_wconf 83' lang='lat' dir='ltr'>sec.</span> <span class='ocrx_word' id='word_1_806' title='bbox 696 4860 795 4909; x_wconf 87' lang='lat' dir='ltr'>Diodor.</span> <span class='ocrx_word' id='word_1_807' title='bbox 815 4863 852 4919; x_wconf 89' lang='grc'>11,</span> <span class='ocrx_word' id='word_1_808' title='bbox 868 4862 907 4919; x_wconf 79' lang='grc'>31,</span> <span class='ocrx_word' id='word_1_809' title='bbox 925 4856 1101 4908; x_wconf 70' lang='lat' dir='ltr'>asseruimus</span> <span class='ocrx_word' id='word_1_810' title='bbox 1118 4860 1142 4916; x_wconf 84' lang='lat'>9,</span> <span class='ocrx_word' id='word_1_811' title='bbox 1162 4860 1201 4918; x_wconf 79' lang='lat' dir='ltr'>to,</span> <span class='ocrx_word' id='word_1_812' title='bbox 1222 4866 1259 4907; x_wconf 81' lang='grc'>9.·</span> <span class='ocrx_word' id='word_1_813' title='bbox 1279 4864 1355 4921; x_wconf 82' lang='grc' dir='ltr'>παρῆν</span> <span class='ocrx_word' id='word_1_814' title='bbox 1374 4858 1398 4907; x_wconf 72' lang='grc' dir='ltr'>δέ</span> <span class='ocrx_word' id='word_1_815' title='bbox 1411 4858 1574 4915; x_wconf 80' lang='grc' dir='ltr'>τοῖσιἝλλησι</span> <span class='ocrx_word' id='word_1_816' title='bbox 1581 4860 1683 4922; x_wconf 81' lang='grc' dir='ltr'>φονεύειν</span> 
     </span>
     <span class='ocr_line' id='line_1_80' title="bbox 85 4926 1684 5008; baseline -0.001 -29"><span class='ocrx_word' id='word_1_817' title='bbox 85 4932 150 4980; x_wconf 84' lang='grc' dir='ltr'>οὕτω</span> <span class='ocrx_word' id='word_1_818' title='bbox 172 4931 234 4979; x_wconf 81' lang='grc' dir='ltr'>ὥστε</span> <span class='ocrx_word' id='word_1_819' title='bbox 252 4930 375 4993; x_wconf 82' lang='grc' dir='ltr'>τριήκοντα</span> <span class='ocrx_word' id='word_1_820' title='bbox 392 4930 509 4992; x_wconf 81' lang='grc' dir='ltr'>μυριάδων</span> <span class='ocrx_word' id='word_1_821' title='bbox 522 4936 631 4993; x_wconf 86' lang='grc' dir='ltr'>στρατοῦ,</span> <span class='ocrx_word' id='word_1_822' title='bbox 653 4934 827 4980; x_wconf 79' lang='grc' dir='ltr'>καταδεουσέων</span> <span class='ocrx_word' id='word_1_823' title='bbox 847 4931 963 4992; x_wconf 83' lang='grc' dir='ltr'>τεσσέρων</span> <span class='ocrx_word' id='word_1_824' title='bbox 982 4927 1024 4983; x_wconf 83' lang='grc' dir='ltr'>τὰς</span> <span class='ocrx_word' id='word_1_825' title='bbox 1039 4929 1101 4990; x_wconf 83' lang='grc' dir='ltr'>έχων</span> <span class='ocrx_word' id='word_1_826' title='bbox 1112 4928 1247 4991; x_wconf 71' lang='grc' dir='ltr'>Ἆρτάθαζος</span> <span class='ocrx_word' id='word_1_827' title='bbox 1266 4926 1361 4991; x_wconf 81' lang='grc' dir='ltr'>ἔφευγε,</span> <span class='ocrx_word' id='word_1_828' title='bbox 1380 4932 1427 4977; x_wconf 85' lang='grc' dir='ltr'>τῶν</span> <span class='ocrx_word' id='word_1_829' title='bbox 1444 4929 1530 5008; x_wconf 75' lang='grc' dir='ltr'>λοιπῶν</span> <span class='ocrx_word' id='word_1_830' title='bbox 1552 4932 1609 4991; x_wconf 70' lang='grc' dir='ltr'>μηδὲ</span> <span class='ocrx_word' id='word_1_831' title='bbox 1623 4938 1684 4993; x_wconf 87' lang='grc' dir='ltr'>τρεῖς</span> 
     </span>
     <span class='ocr_line' id='line_1_81' title="bbox 85 4996 1684 5065; baseline 0.001 -16"><span class='ocrx_word' id='word_1_832' title='bbox 85 5002 197 5065; x_wconf 68' lang='grc' dir='ltr'>χιλιάδας</span> <span class='ocrx_word' id='word_1_833' title='bbox 215 5001 383 5063; x_wconf 82' lang='grc' dir='ltr'>περιγενέσθαι.</span> <span class='ocrx_word' id='word_1_834' title='bbox 404 5000 444 5050; x_wconf 83' lang='lat' dir='ltr'>Gt.</span> <span class='ocrx_word' id='word_1_835' title='bbox 464 5000 589 5049; x_wconf 86' lang='lat' dir='ltr'>Plutarch.</span> <span class='ocrx_word' id='word_1_836' title='bbox 602 5000 701 5051; x_wconf 85' lang='lat' dir='ltr'>Aristid.</span> <span class='ocrx_word' id='word_1_837' title='bbox 716 5006 753 5051; x_wconf 90' lang='grc'>19.</span> <span class='ocrx_word' id='word_1_838' title='bbox 767 5000 862 5051; x_wconf 86' lang='lat' dir='ltr'>Ctesias</span> <span class='ocrx_word' id='word_1_839' title='bbox 875 5002 942 5050; x_wconf 88' lang='lat' dir='ltr'>Pers.</span> <span class='ocrx_word' id='word_1_840' title='bbox 961 5004 988 5047; x_wconf 86' lang='grc'>11</span> <span class='ocrx_word' id='word_1_841' title='bbox 1006 5001 1063 5060; x_wconf 83' lang='lat' dir='ltr'>post</span> <span class='ocrx_word' id='word_1_842' title='bbox 1074 5012 1179 5062; x_wconf 77' lang='lat' dir='ltr'>pugnam</span> <span class='ocrx_word' id='word_1_843' title='bbox 1190 4998 1344 5048; x_wconf 75' lang='lat' dir='ltr'>Salaminiam</span> <span class='ocrx_word' id='word_1_844' title='bbox 1353 4996 1378 5047; x_wconf 92' lang='lat' dir='ltr'>in</span> <span class='ocrx_word' id='word_1_845' title='bbox 1398 5000 1486 5047; x_wconf 84' lang='lat' dir='ltr'>aeterra</span> <span class='ocrx_word' id='word_1_846' title='bbox 1502 4997 1594 5062; x_wconf 75' lang='lat' dir='ltr'>pretiis</span> <span class='ocrx_word' id='word_1_847' title='bbox 1606 5013 1684 5063; x_wconf 88' lang='lat' dir='ltr'>usque</span> 
     </span>
     <span class='ocr_line' id='line_1_82' title="bbox 85 5068 1681 5135; baseline -0.001 -14"><span class='ocrx_word' id='word_1_848' title='bbox 85 5070 121 5121; x_wconf 90' lang='lat' dir='ltr'>ad</span> <span class='ocrx_word' id='word_1_849' title='bbox 144 5071 226 5135; x_wconf 78' lang='lat' dir='ltr'>lugam</span> <span class='ocrx_word' id='word_1_850' title='bbox 247 5070 391 5121; x_wconf 85' lang='lat' dir='ltr'>interlectos</span> <span class='ocrx_word' id='word_1_851' title='bbox 415 5084 470 5121; x_wconf 89' lang='lat' dir='ltr'>esse</span> <span class='ocrx_word' id='word_1_852' title='bbox 489 5070 548 5120; x_wconf 85' lang='lat' dir='ltr'>dicit</span> <span class='ocrx_word' id='word_1_853' title='bbox 559 5074 656 5121; x_wconf 84' lang='lat' dir='ltr'>eentum</span> <span class='ocrx_word' id='word_1_854' title='bbox 671 5071 755 5135; x_wconf 81' lang='lat' dir='ltr'>viginti</span> <span class='ocrx_word' id='word_1_855' title='bbox 766 5070 857 5133; x_wconf 80' lang='lat' dir='ltr'>millis,</span> <span class='ocrx_word' id='word_1_856' title='bbox 871 5073 933 5134; x_wconf 91' lang='lat' dir='ltr'>quot</span> <span class='ocrx_word' id='word_1_857' title='bbox 950 5068 1119 5120; x_wconf 87' lang='lat' dir='ltr'>Aristodemus</span> <span class='ocrx_word' id='word_1_858' title='bbox 1128 5068 1160 5118; x_wconf 92' lang='lat' dir='ltr'>ad</span> <span class='ocrx_word' id='word_1_859' title='bbox 1169 5068 1266 5119; x_wconf 87' lang='lat' dir='ltr'>Thebas</span> <span class='ocrx_word' id='word_1_860' title='bbox 1279 5068 1376 5118; x_wconf 85' lang='lat' dir='ltr'>occisos</span> <span class='ocrx_word' id='word_1_861' title='bbox 1388 5080 1442 5117; x_wconf 88' lang='lat' dir='ltr'>esse</span> <span class='ocrx_word' id='word_1_862' title='bbox 1456 5068 1542 5119; x_wconf 80' lang='lat' dir='ltr'>retent.</span> <span class='ocrx_word' id='word_1_863' title='bbox 1557 5071 1567 5133; x_wconf 87' lang='grc' dir='ltr'>ΙΙ</span> <span class='ocrx_word' id='word_1_864' title='bbox 1583 5098 1614 5107; x_wconf 91' lang='grc'>-</span> <span class='ocrx_word' id='word_1_865' title='bbox 1630 5074 1681 5127; x_wconf 74' lang='grc' dir='ltr'>ἐξά-</span> 
     </span>
     <span class='ocr_line' id='line_1_83' title="bbox 85 5138 1683 5206; baseline 0 -15"><span class='ocrx_word' id='word_1_866' title='bbox 85 5160 124 5197; x_wconf 86' lang='grc' dir='ltr'>κις</span> <span class='ocrx_word' id='word_1_867' title='bbox 138 5143 163 5191; x_wconf 77' lang='grc' dir='ltr'>δέ</span> <span class='ocrx_word' id='word_1_868' title='bbox 177 5141 281 5206; x_wconf 90' lang='grc' dir='ltr'>μυρίων]</span> <span class='ocrx_word' id='word_1_869' title='bbox 293 5144 371 5191; x_wconf 80' lang='grc'>40990</span> <span class='ocrx_word' id='word_1_870' title='bbox 388 5154 438 5191; x_wconf 87' lang='lat' dir='ltr'>sec.</span> <span class='ocrx_word' id='word_1_871' title='bbox 449 5141 566 5192; x_wconf 85' lang='lat' dir='ltr'>Herodot.</span> <span class='ocrx_word' id='word_1_872' title='bbox 581 5148 605 5202; x_wconf 88' lang='grc'>9,</span> <span class='ocrx_word' id='word_1_873' title='bbox 621 5148 651 5192; x_wconf 79' lang='lat' dir='ltr'>bd</span> <span class='ocrx_word' id='word_1_874' title='bbox 669 5145 695 5191; x_wconf 87' lang='lat' dir='ltr'>et</span> <span class='ocrx_word' id='word_1_875' title='bbox 706 5144 736 5190; x_wconf 87' lang='lat'>70</span> <span class='ocrx_word' id='word_1_876' title='bbox 748 5144 773 5192; x_wconf 88' lang='lat' dir='ltr'>et</span> <span class='ocrx_word' id='word_1_877' title='bbox 786 5141 911 5192; x_wconf 79' lang='lat' dir='ltr'>Plutarch.</span> <span class='ocrx_word' id='word_1_878' title='bbox 931 5141 1005 5190; x_wconf 79' lang='lat' dir='ltr'>Arist.</span> <span class='ocrx_word' id='word_1_879' title='bbox 1024 5142 1065 5196; x_wconf 74' lang='lat'>193</span> <span class='ocrx_word' id='word_1_880' title='bbox 1087 5140 1178 5194; x_wconf 85' lang='grc' dir='ltr'>πλείους</span> <span class='ocrx_word' id='word_1_881' title='bbox 1190 5145 1235 5187; x_wconf 85' lang='grc' dir='ltr'>τῶν</span> <span class='ocrx_word' id='word_1_882' title='bbox 1252 5139 1458 5202; x_wconf 87' lang='grc' dir='ltr'>τετρακισμυρίων,</span> <span class='ocrx_word' id='word_1_883' title='bbox 1476 5138 1574 5192; x_wconf 89' lang='lat' dir='ltr'>Diodor.</span> <span class='ocrx_word' id='word_1_884' title='bbox 1590 5146 1627 5202; x_wconf 88' lang='lat' dir='ltr'>tt,</span> <span class='ocrx_word' id='word_1_885' title='bbox 1642 5148 1683 5199; x_wconf 83' lang='grc'>31,</span> 
     </span>
     <span class='ocr_line' id='line_1_84' title="bbox 85 5206 1683 5278; baseline -0.003 -16"><span class='ocrx_word' id='word_1_886' title='bbox 85 5217 119 5271; x_wconf 74' lang='lat'>³3</span> <span class='ocrx_word' id='word_1_887' title='bbox 142 5213 174 5270; x_wconf 78' lang='grc' dir='ltr'>τίς</span> <span class='ocrx_word' id='word_1_888' title='bbox 189 5214 295 5278; x_wconf 81' lang='grc' dir='ltr'>τέτρακις</span> <span class='ocrx_word' id='word_1_889' title='bbox 319 5211 412 5275; x_wconf 85' lang='grc' dir='ltr'>μυρίους</span> <span class='ocrx_word' id='word_1_890' title='bbox 425 5210 491 5262; x_wconf 90' lang='lat' dir='ltr'>idem</span> <span class='ocrx_word' id='word_1_891' title='bbox 504 5216 542 5271; x_wconf 80' lang='grc'>11,</span> <span class='ocrx_word' id='word_1_892' title='bbox 564 5222 604 5277; x_wconf 79' lang='grc'>33,</span> <span class='ocrx_word' id='word_1_893' title='bbox 623 5220 644 5265; x_wconf 91' lang='lat' dir='ltr'>t.</span> <span class='ocrx_word' id='word_1_894' title='bbox 662 5214 672 5277; x_wconf 81' lang='lat' dir='ltr'>ll</span> <span class='ocrx_word' id='word_1_895' title='bbox 686 5240 716 5249; x_wconf 91' lang='lat'>-</span> <span class='ocrx_word' id='word_1_896' title='bbox 732 5214 745 5261; x_wconf 81' lang='grc' dir='ltr'>δ</span> <span class='ocrx_word' id='word_1_897' title='bbox 762 5212 809 5275; x_wconf 64' lang='lat' dir='ltr'>liin</span> <span class='ocrx_word' id='word_1_898' title='bbox 822 5210 921 5275; x_wconf 66' lang='grc' dir='ltr'>τρεσά]</span> <span class='ocrx_word' id='word_1_899' title='bbox 937 5213 974 5260; x_wconf 89' lang='lat' dir='ltr'>De</span> <span class='ocrx_word' id='word_1_900' title='bbox 985 5222 1040 5259; x_wconf 90' lang='lat' dir='ltr'>meo</span> <span class='ocrx_word' id='word_1_901' title='bbox 1052 5207 1135 5257; x_wconf 88' lang='lat' dir='ltr'>addidi</span> <span class='ocrx_word' id='word_1_902' title='bbox 1152 5208 1290 5257; x_wconf 83' lang='lat' dir='ltr'>articulum.</span> <span class='ocrx_word' id='word_1_903' title='bbox 1305 5206 1423 5256; x_wconf 81' lang='lat' dir='ltr'>Proclivis</span> <span class='ocrx_word' id='word_1_904' title='bbox 1436 5208 1534 5271; x_wconf 90' lang='lat' dir='ltr'>quidem</span> <span class='ocrx_word' id='word_1_905' title='bbox 1546 5214 1683 5277; x_wconf 82' lang='lat' dir='ltr'>conjectura</span> 
     </span>
    </p>
   </div>
   <div class='ocr_carea' id='block_1_14' title="bbox 0 0 1910 5859">
    <p class='ocr_par' dir='ltr' id='par_1_18' title="bbox 0 0 1910 5859">
     <span class='ocr_line' id='line_1_85' title="bbox 0 0 1910 5859; baseline 0 6"><span class='ocrx_word' id='word_1_906' title='bbox 0 0 1910 5859; x_wconf 95' lang='lat' dir='ltr'> </span> 
     </span>
    </p>
   </div>
  </div>
 </body>
</html>
