3809 5859
417 275 671 361 mosnelibus
696 279 825 342 ANNUS
847 282 899 342 tx.
922 283 1002 343 6967
1023 280 1209 367 trusa-1459
1230 280 1265 363 Ρ.
1289 280 1346 351 0.).

116 409 177 470 XV.
202 406 379 487 Κριτόόουλος
392 405 420 465 δέ
434 406 535 487 ἡμέρας
548 406 680 488 τέσσαρας
693 410 720 468 ἐν
734 413 772 487 τῷ
788 414 856 481 Κοτ-

77 498 147 569 ζίνου
162 498 236 556 άστει
251 495 386 572 διαγαγὼν
400 495 446 553 καὶ
462 495 697 570 καταστησόμενος
711 497 745 554 eb
759 499 855 575 αὐτοῦ,

76 593 111 667 τῇ
125 582 252 664 ὑστεραία
266 582 409 642 ἀναλιόὼν
421 583 604 664 τετρακοσίους
619 588 709 650 ἰππεῑς
726 577 754 644 εὖ
769 588 856 645 ὥπλι-

79 674 189 751 σμένονς
203 672 250 729 καί
268 674 353 739 πεζῶν
367 670 476 737 δπλίτας
493 672 541 729 οὐκ
562 671 688 741 ἐλάσσως
700 673 856 751 τριακοσίων

80 766 230 843 ἀφικνεῖται
258 762 285 826 ἐς
315 758 528 838 Μυρινούπολιν,
552 760 599 819 καί
623 759 857 839 στρατοπεδεύεται

78 851 170 931 πόρρω
183 854 230 908 τοῦ
244 846 353 921 ἄστεος,
363 852 409 907 τοῦ
421 845 459 922 μὴ
472 846 640 919 λυμήνασθαι
651 846 710 914 τούς
722 871 750 906 τε
761 846 857 917 ἵππους

79 939 126 998 καί
143 935 306 1016 στρατιώτας
326 933 374 999 τάς
397 932 458 1013 περὶ
480 939 526 992 τοῦ
550 932 641 1001 ἄστεος
663 934 798 1012 ἀμπέλους
811 935 856 993 καί

78 1026 138 1092 τοὺς
149 1021 251 1104 ἀγρούς·
262 1022 308 1081 καί
321 1019 428 1102 πέμψας
438 1020 548 1101 ἄγγελον
559 1023 634 1081 λαλεῖ
646 1022 726 1091 πάλιν
738 1025 856 1103 εἰρηνικὰ

77 1116 118 1194 τῷ
140 1110 306 1194 ιρρουράρχη-
322 1109 367 1169 καί
393 1118 517 1191 πειρθται
538 1109 622 1188 λόγοις
646 1110 753 1191 ἡμέροις
781 1114 859 1172 αὐτόν

80 1201 264 1279 ὑπαγαγέσθαι
276 1197 321 1256 καὶ
334 1196 521 1278 ὑποσχέσεσιν.
564 1198 596 1279 (a)
609 1196 643 1257 ‘0
656 1197 686 1270 Ιδὲ
699 1200 747 1268 τήν
763 1222 791 1257 τε
803 1224 859 1258 πα-

83 1294 180 1367 ροῦσαν
196 1286 308 1363 δύναμιν
327 1285 380 1363 πρδ
398 1284 540 1362 ὀφθαλμῶν
559 1285 644 1365 δρῶν,
659 1284 705 1344 καὶ
717 1286 776 1353 τοθς
791 1287 861 1355 ἐντδς

83 1381 132 1447 li<
154 1374 255 1438 πολεως
276 1369 443 1451 θρορώμενός
463 1394 492 1428 τε
514 1372 560 1431 καί
574 1371 631 1448 ἅμα
646 1371 734 1438 δεδιὼς
749 1372 786 1447 μὴ
808 1377 861 1441 τοῖς

87 1464 180 1532 ἔξωθεν
190 1459 342 1537 ἐπαρθέντες
352 1458 370 1530 ’λ
380 1457 426 1516 καί
437 1462 683 1537 κοινολογησάμενοι
689 1462 756 1536 μιτδι
763 1461 860 1520 τούτων

84 1550 131 1611 καί
145 1548 219 1609 αὐτοὶ
237 1548 338 1606 ἔνδοθεν
353 1546 638 1622 ἐυνεπαναστῶσι,“κα“ι
657 1547 706 1619 τήν
727 1572 757 1607 τε
780 1549 861 1628 ἀκρό-

86 1642 163 1701 πολιν
179 1635 310 1697 ἀποθαλεῖ
322 1636 368 1695 καί
384 1634 461 1701 αθτδς
476 1636 665 1711 κινδυνεύσειε,
682 1636 788 1715 δέχεται
801 1636 861 1703 τοὺς

84 1728 176 1805 λόγους
201 1727 338 1804 εἰρηνικῶς
355 1722 401 1785 καί
422 1724 548 1795 ξυνθήκας
568 1726 682 1783 ποιεῖται
702 1726 748 1784 καὶ
770 1732 863 1807 προθε·

82 1815 165 1892 σμίαν
180 1818 249 1873 αἰτεῖ
266 1814 311 1871 καί
325 1811 455 1887 λαμόάνει
471 1816 562 1891 μηνῶν
577 1819 675 1891 τριῶν,
690 1814 738 1881 ἕως
753 1806 783 1874 ού
803 1838 860 1874 κοι-

86 2015 159 2072 στριρ
175 1986 333 2068 (Λοδοόίκος
352 1987 403 2072 γάρ
423 1986 670 2068 προαπεπεπλεύκει
685 1990 711 2055 ἐς
725 1988 860 2061 Ἰταλίαν,

84 2080 226 2159 ἐπίτροπον
242 2082 332 2136 τοῦτον
345 2084 403 2143 ταῖς
414 2076 503 2147 νήσοις
516 2076 682 2156 καταλιπών)
696 2075 802 2149 δέξηται
816 2077 862 2135 καί

84 2168 148 2248 παρ’
157 2169 236 2227 αὐτοῦ
248 2164 365 2241 ξύνθημα
378 2168 424 2224 τοῒι
434 2167 598 2246 παραδοῦναι
612 2165 661 2236 τόν
679 2188 708 2223 τε
719 2164 862 2244 ἀκρόπολιν

85 2260 132 2316 καί
141 2255 172 2315 τδ
181 2252 315 2314 doru-xci
327 2253 440 2332 ὁμόρους
451 2256 496 2311 ἐπί
504 2253 603 2319 τούτοις
610 2253 702 2312 δίδωσι
711 2253 756 2311 καὶ
768 2253 861 2315 πιστοί.

84 2342 121 2423 (ε)
135 2339 310 2422 Κριτόθουλος
322 2341 349 2399 δέ
361 2347 445 2399 ταῦτα
457 2339 667 2421 διαπραξάμενος
676 2342 807 2417 ἐκπέμπει
818 2341 863 2402 δύο

85 2436 140 2490 τῶν
153 2429 280 2505 Λημνίων
295 2428 430 2507 ἀρχόντων
441 2433 466 2495 ἐς
478 2429 679 2499 Πελοπόννησον
689 2428 863 2507 ἀγγελοδνεάς

85 2543 116 2578 τε
138 2521 177 2598 τῷ
199 2514 345 2595 Δημητρίῳ
366 2514 400 2574 τά
419 2517 595 2596 πεπραγμένα
615 2516 714 2589 οἰ,καί
735 2515 864 2595 ἄρχοντας

85 2604 243 2675 αἰτήσοντας
257 2603 367 2681 ἀφῖχθαι
384 2604 457 2685 αἰτῶ
474 2608 519 2661 τοῦ
536 2606 699 2685 παραδοῦναι
721 2603 770 2675 τὴν
785 2608 864 2675 νῆσον

86 2692 134 2752 καί
151 2692 184 2751 πθ
198 2690 364 2767 πολίσματα.
387 2692 471 2760 Αύτδς
491 2690 519 2751 δί
538 2692 689 2773 περιέμενεν
710 2696 737 2752 ἐν
751 2692 864 2772 Λήμνῳ.

88 2780 145 2840 Καὶ
167 2785 250 2838 ταῦτα
267 2778 315 2855 μέν
329 2778 409 2841 otro.

129 2866 205 2930 XVI.
228 2867 356 2935 Βασιλεύς
370 2869 397 2927 δέ
412 2868 470 2946 ἅμα
485 2861 530 2951 ἦρι
544 2870 684 2950 ἀρχομένῳ
699 2867 865 2948 ἐκστρατεύει

86 2958 159 3016 κατδι
179 2960 232 3014 τῶν
247 2955 393 3036 προσοίκων
412 2960 450 3037 τῶ
465 2956 549 3037 Ἰονίῳ
569 2960 661 3039 κόλπῳ
678 2959 811 3036 Ἰλλυριῶν
836 2961 864 3018 ἐν

86 3043 160 3123 δεξιᾷ
187 3044 323 3105 ἐσπλέοντι
338 3048 428 3105 τοῦτον
443 3046 503 3125 περί
516 3068 567 3106 που
586 3044 636 3121 τλν
657 3045 772 3106 παλαιίιν
787 3046 866 3106 Ἐπί·

88 3131 204 3207 δαμνον,
219 3130 245 3189 οἳ
258 3132 289 3202 δὴ
305 3130 436 3212 βάρόαροι
457 3133 528 3201 όντες
547 3134 578 3193 τό
597 3132 623 3201 ἐξ
644 3136 728 3215 ἀρχῆς
742 3133 866 3195 Ταυλέν·

1629 281 1684 339 ἰθθ

911 411 962 469 τισί
982 435 1010 470 τε
1026 412 1071 471 καὶ
1086 410 1227 489 Μαχάονες
1246 412 1400 481 ἐκαλοῦντο,
1412 408 1522 486 νομάδες
1545 412 1568 468 οἰ
1582 409 1686 477 πλείους

911 502 996 566 αὐτῶν
1011 500 1056 558 καί
1080 499 1217 577 αὐτόνομοι
1233 499 1279 557 καί
1293 498 1461 558 ἀόασίλευτοι
1475 500 1505 555 ἐκ
1518 499 1630 558 πολλοῦ·
1647 500 1686 558 οἰ·

911 594 987 646 κοῧαι
1001 588 1028 646 δὲ
1041 580 1089 665 όρη
1104 610 1132 645 τε
1146 590 1248 665 μεγάλα
1265 588 1310 645 καί
1325 587 1480 669 ὑπερύψηλα
1494 586 1539 645 καί
1552 587 1688 667 δυσπρόσ-

911 676 973 745 οδα,
998 674 1102 754 ἔχοντες
1125 677 1152 733 ἐν
1172 677 1268 740 αὐτοῖς
1299 674 1344 733 καὶ
1370 674 1616 754 φρούριαπλεῖστα
1641 674 1689 733 καί

911 761 1012 840 ἐρυμνά
1026 762 1070 820 καί
1084 760 1237 834 πολίσματα
1250 758 1332 840 ἐχυρά
1346 763 1373 819 ἐν
1392 767 1424 841 τῇ
1446 761 1565 841 παραλίᾳ
1579 767 1624 821 τοῦ
1638 762 1687 823 Ἰο·

910 852 979 923 νέου,
993 847 1011 920 ἥ
1024 872 1052 907 τε
1073 848 1149 929 χώρα
1169 858 1243 908 πᾶσα
1267 849 1354 907 αὐτῶν
1368 850 1533 929 πανταχόθεν
1546 848 1687 928 ὠχύρωται

911 936 1070 1015 δυσχωρίαις
1084 960 1113 995 τε
1127 933 1253 1013 μεγάλαις
1265 938 1310 995 καὶ
1324 934 1398 1005 ὕλαις
1410 938 1523 1016 βαθείαις
1540 938 1586 997 καί
1598 938 1687 1003 τόποις

912 1021 1054 1099 ἀποτόμοις
1074 1022 1118 1081 καί
1133 1022 1324 1103 ἀποκρήμνοις.
1368 1027 1391 1101 (a
1421 1025 1639 1103 Προστησάμενοι
1662 1024 1689 1081 δέ

914 1107 968 1187 πρό
981 1108 1081 1187 χρόνων
1102 1109 1196 1187 ὀλίγων
1211 1113 1240 1169 ἐκ
1253 1115 1300 1181 τῆς
1314 1114 1440 1191 σφετέρας
1455 1118 1544 1188 γενεᾶς
1559 1109 1688 1187 Ἀρειανόν

914 1218 972 1254 τινα
985 1196 1031 1255 καί
1043 1195 1210 1278 Ἀλέξανδρον
1225 1200 1356 1276 ἡγεμόνας
1374 1203 1473 1258 ἑαυτῶν
1486 1198 1626 1277 κατέχουσι
1642 1199 1690 1271 τλν

914 1283 1005 1363 χώραν
1017 1287 1145 1366 ἰσχυρῶς,
1156 1288 1202 1345 οιίκ
1213 1288 1342 1355 ἐθέλοντες
1351 1287 1410 1347 οὔτε
1424 1288 1580 1347 σπένδεσθαι
1589 1292 1694 1368 βασιλεῖ

914 1370 973 1430 οὔτε
988 1373 1089 1449 δασμὸν
1109 1373 1255 1454 ἀποφέρειν,
1266 1376 1322 1435 οὗθ’
1334 1376 1399 1443 όλως
1421 1376 1575 1436 κατακούειν
1595 1380 1692 1438 αὐτοῦ·

914 1462 943 1519 ού
959 1459 1035 1536 μόνον
1051 1458 1094 1532 δί,
1108 1462 1177 1521 ἀλλά
1193 1463 1297 1537 καὶτῆς
1313 1466 1398 1523 αὑτῶν
1413 1464 1541 1533 πολλάκις
1562 1466 1692 1528 ἐκθέοντες

917 1549 964 1608 καὶ
986 1550 1119 1629 λαθραίας
1141 1551 1269 1619 ἐπιθέσεις
1300 1552 1346 1613 καί
1380 1553 1510 1634 ἐκδρομὰς
1543 1553 1693 1628 ποιούμενα·Ι

918 1639 1047 1699 ἐόλαπτον
1069 1638 1115 1711 τὴν
1132 1640 1227 1720 ὅμορον
1255 1642 1342 1708 αὐτοῖς
1367 1639 1456 1721 χώραν
1480 1646 1525 1701 τοῦ
1553 1643 1690 1719 βασιλέως.

920 1729 956 1803 (a)
976 1726 1153 1805 Ἔστράτευσι
1179 1726 1226 1803 μὲν
1248 1718 1292 1787 οὖν
1319 1728 1363 1786 ἐπὶ
1388 1728 1493 1795 τούτους
1515 1727 1560 1787 καί
1582 1730 1692 1809 πρόσθεν

920 1814 1055 1895 Μωράτης
1073 1818 1087 1873 ό
1107 1812 1274 1894 βασιλεύς,ό
1292 1820 1337 1876 τοῦ
1356 1814 1484 1893 βασιλέως
1503 1816 1609 1894 πατὴρ,
1625 1820 1692 1896 χειρὶ

916 1990 1020 2055 τούτους
1035 1988 1080 2047 καί
1096 1994 1148 2048 τῶν
1161 2012 1190 2048 τε
1201 1991 1323 2068 παρόδων
1335 1989 1464 2067 ἐκράτησε
1477 1989 1521 2050 καί
1534 1990 1611 2069 μέρος
1625 1991 1691 2049 πολὺ

918 2080 965 2146 τῆς
980 2078 1066 2134 αὐτῶν
1081 2075 1231 2153 κατέδραμε
1252 2077 1298 2136 καί
1319 2076 1418 2157 ἐδῄωσε
1441 2078 1485 2136 καὶ
1499 2081 1550 2135 τῶν
1565 2078 1695 2157 φρουρίων

918 2165 973 2222 ἔνια
987 2162 1066 2232 ἐξεῖλε
1078 2164 1123 2223 καί
1134 2164 1207 2222 λείαν
1219 2166 1254 2232 ὡς
1264 2166 1391 2237 πλείστην
1402 2165 1513 2235 ἤλασεν·
1523 2165 1694 2237 οάκήδυνήθη

918 2252 940 2310 δ’
954 2242 998 2310 σόν
1012 2250 1083 2327 όμως
1094 2254 1162 2310 ἑλεῖν
1177 2252 1222 2311 καὶ
1232 2251 1519 2331 ὑπαγαγέσθαιτέλεον,
1533 2255 1593 2312 ἀλλ’
1607 2252 1696 2315 ἐσπεί-

918 2362 984 2399 σατο
997 2342 1075 2415 μόνον
1092 2343 1178 2407 αὐτοῖς
1190 2339 1340 2413 αἰτήσασιν,
1351 2341 1392 2422 ἐρ’
1403 2332 1610 2421 ᾧκαταόάλλειν
1626 2343 1698 2420 αὐτῷ

918 2427 1020 2503 δασμόν
1041 2450 1098 2485 τινα
1121 2426 1254 2505 ἐπέτειον,
1275 2426 1370 2493 ἐλάσας
1389 2428 1416 2487 δέ
1436 2428 1509 2487 λείαν
1532 2429 1572 2487 δτι
1596 2428 1696 2501 πολλὴν

919 2518 1015 2575 ἐκεῖθεν
1031 2515 1076 2575 καί
1088 2520 1121 2594 τῇ
1132 2524 1242 2597 στρατιᾷ
1257 2513 1360 2582 διαδοὺς
1372 2508 1549 2595 ἀνεχώρησεν.
1573 2516 1645 2596 (εἰ-Β
1664 2540 1697 2573 α-

919 2600 969 2682 χθν
984 2602 1011 2661 δέ
1025 2594 1094 2662 οὗτοι
1109 2601 1202 2681 χρόνον
1213 2601 1382 2679 ἐμμείναντες
1392 2610 1449 2669 ταῖς
1460 2602 1612 2674 ξυνθήκαις,
1626 2608 1698 2666 αυθις

921 2693 1091 2770 ἐνεόχμωσαν
1105 2691 1150 2751 καὶ
1169 2692 1213 2750 τόν
1234 2714 1263 2751 τε
1282 2690 1384 2767 δασμὸν
1407 2693 1453 2750 οὐκ
1478 2691 1636 2759 ἀπεδίδοσαν
1652 2691 1698 2749 ast

923 2779 1054 2859 ἐκδρομὰς
1074 2779 1226 2856 ποιούμενοι
1249 2778 1406 2857 κατέτρεχον
1429 2777 1476 2847 τὴν
1502 2776 1631 2857 βασιλέως
1654 2778 1699 2836 καὶ

922 2867 1064 2927 ἐόλαπτον.
1088 2866 1119 2945 (εἰ
1135 2866 1199 2927 Ἐπὶ
1212 2866 1318 2933 τούτους
1328 2856 1372 2925 οθν
1386 2867 1434 2937 τὴν
1450 2868 1573 2944 στρατιάν
1586 2866 1699 2937 ἤλαυνεν

922 2960 936 3014 δ
947 2956 1079 3034 βασιλεὺς,
1088 2955 1134 3014 καί
1145 2956 1209 3035 ἄρας
1220 2957 1250 3013 ἐκ
1262 2958 1308 3025 τῆς
1315 2953 1448 3032 Ἀδριανοῦ
1459 2952 1538 3011 παντί
1548 2956 1585 3031 τῷ
1593 2956 1699 3033 στρατῷ
1773 2946 1779 2962 ’

922 3048 1023 3123 ἱππικῷ
1033 3066 1062 3103 τε
1071 3043 1117 3104 καί
1125 3047 1233 3124 πεζικῷ,
1245 3043 1287 3122 ᾔει
1297 3042 1340 3102 δελ
1347 3047 1394 3115 τῆς
1403 3046 1483 3101 αὑτοῦ
1494 3042 1540 3101 καί
1552 3044 1698 3120 ἀφικνεῖται

924 3136 949 3192 ἐν
966 3141 1018 3199 τοῖς
1033 3132 1111 3211 δρίοις
1125 3134 1210 3191 αύτῶν
1220 3134 1247 3191 έν
1256 3130 1326 3211 τρισί
1340 3131 1385 3191 καὶ
1399 3129 1540 3210 τριάκοντα
1554 3139 1611 3197 ταῖς
1623 3129 1697 3197 tter<

132 3301 183 3348 XV.
200 3299 227 3349 εὖ
245 3299 417 3363 ὡπλισμένους]
430 3300 467 3350 sio
477 3314 570 3364 margo,
584 3302 762 3364 καταφράκτους
775 3305 839 3351 tert..
851 3302 861 3364 ss
873 3327 904 3336 -
915 3299 930 3362 §
942 3308 966 3350 2.
988 3301 1120 3351 ἀποθαίλιΐ
1139 3299 1194 3349 cod.
1207 3298 1218 3362 fl
1233 3326 1260 3334 -
1274 3298 1289 3362 §
1309 3302 1333 3349 3.
1356 3297 1497 3362 Δημητρίῳ]
1508 3310 1578 3360 tngo,
1594 3298 1699 3360 θεσπότη

92 3373 160 3420 lsxt.
176 3370 231 3433 θ-
241 3371 398 3434 παραδοῦναι]
413 3385 483 3435 tngo,
497 3373 642 3433 παραλαθεῖν
656 3374 716 3421 text.

122 3440 186 3489 llvt.
197 3441 277 3496 Quam
288 3441 313 3490 in
325 3454 380 3503 sqq.
390 3438 535 3491 Critobulus
547 3444 632 3491 narrat
641 3444 728 3490 contra
740 3439 905 3490 Alexandrum
916 3440 970 3490 slve
981 3440 1189 3505 Scanderbegnm,
1199 3442 1347 3492 Albanorum
1357 3441 1500 3505 principem,
1510 3439 1699 3503 expeditionem,

88 3520 143 3571 qua
154 3504 206 3571 ipse
219 3508 384 3559 btecbemetes
398 3511 534 3561 exereitum
543 3509 656 3570 dnxbse,
669 3524 748 3573 eoque
761 3510 859 3561 hostem
874 3510 986 3574 adegisse
998 3510 1090 3562 dicitur
1100 3515 1128 3562 ut
1140 3513 1235 3563 tributa
1244 3510 1350 3576 pendere
1361 3515 1387 3562 et
1398 3508 1496 3560 obsides
1507 3509 1566 3559 dare
1578 3512 1602 3559 et
1611 3510 1701 3561 milites

88 3579 178 3629 Turris
191 3581 308 3641 praestare
319 3583 456 3641 cogeretur,
470 3593 525 3630 eam
537 3594 617 3644 neque
628 3582 730 3632 Graecub
739 3582 805 3631 ullos
813 3595 893 3644 neque
905 3582 1025 3631 'sarciens
1036 3584 1152 3647 scriptor,
1165 3595 1246 3645 noque
1259 3582 1379 3632 Barlctius
1391 3583 1500 3631 venetus
1514 3580 1540 3629 in
1552 3580 1701 3642 amplissimo

90 3661 139 3696 suo
148 3646 179 3697 de
190 3648 353 3711 scanderbegi
365 3649 439 3699 rebus
451 3650 527 3713 gestis
543 3663 618 3714 opere
629 3657 858 3704 commemorarunt.
875 3657 938 3712 Quae
950 3668 1010 3705 vero
1022 3653 1119 3705 aliunde
1133 3654 1164 3705 de
1178 3657 1314 3704 Turcorum
1328 3655 1414 3702 contra
1427 3652 1534 3701 Albanos
1545 3650 1615 3700 bellis
1629 3664 1699 3700 com·

91 3720 162 3780 porta
178 3717 310 3778 babemus,
326 3724 378 3769 tam
389 3719 461 3781 longe
475 3720 565 3771 absunt
576 3726 605 3772 ut
623 3722 742 3774 Critobult
763 3726 897 3775 narrationi
914 3726 1022 3789 speeiem
1042 3725 1150 3787 aliquam
1164 3725 1217 3774 reri
1236 3722 1380 3781 concilient,
1392 3725 1421 3771 ut
1440 3734 1494 3770 eam
1508 3732 1603 3770 merum
1617 3722 1699 3784 potius

90 3789 221 3852 scriptoris
235 3792 337 3853 patrono
348 3804 394 3839 suo
403 3790 551 3842 blandientis
564 3792 707 3856 figmentum
718 3808 774 3844 esse
786 3796 929 3857 coarguant.
942 3798 979 3845 Do
998 3794 1052 3844 istis
1071 3795 1144 3845 rebus
1164 3800 1189 3843 tu
1202 3792 1287 3843 rideas
1303 3792 1437 3841 Borlctium
1452 3792 1500 3853 (De
1511 3792 1567 3841 vita
1585 3792 1610 3841 et
1623 3794 1701 3854 pestis

92 3858 267 3922 sconderbeot
278 3860 320 3909 lib.
339 3863 386 3912 vlt
405 3874 460 3923 sqq.
473 3862 498 3910 in
513 3862 627 3913 mulceri
646 3863 736 3915 (lbron.
756 3867 829 3916 Ture.
844 3870 903 3916 tom.
919 3867 944 3928 3)
959 3868 985 3916 et
998 3864 1071 3927 buius
1081 3865 1185 3927 vestigia
1198 3864 1305 3926 legentes
1317 3864 1477 3911 Hammerum
1488 3867 1512 3920 t,
1527 3875 1550 3923 p.
1560 3864 1591 3910 16
1606 3874 1661 3924 sqq.
1675 3864 1701 3911 ct

93 3930 275 3980 Zinlreisenium
286 3935 310 3991 2,
321 3943 347 3994 p.
364 3935 405 3980 111
419 3944 474 3994 sqq.
483 3934 534 3994 rgo
548 3946 645 3981 summa
656 3940 780 3985 momenta
793 3937 879 3999 paucis
891 3934 1105 3999 comprehendisse
1117 3934 1179 3983 satis
1188 3932 1275 3982 babeo.
1288 3931 1453 3981 lteobemetcs
1464 3932 1538 3994 igitur
1546 3932 1626 3994 primo
1634 3932 1702 3995 regni

92 4004 204 4061 tempore
216 4002 247 4048 ut
258 3998 290 4049 ab
308 3999 363 4049 aliis
380 4000 506 4064 plurimis,
517 4001 553 4051 sic
572 4002 604 4053 ab
624 4003 772 4054 Albanorum
784 4020 883 4071 quoqne
899 4006 1008 4071 principe
1024 4003 1145 4053 tributum
1157 4002 1333 4067 postulaverat.
1348 4000 1420 4058 Quod
1431 4014 1507 4063 quum
1518 4000 1701 4062 Scanderbegus

93 4068 239 4132 superbiens
249 4083 329 4133 nsque
340 4074 479 4132 recusaret,
489 4072 589 4122 tandem
601 4086 670 4123 arma
681 4088 781 4126 movens
793 4080 894 4127 Ηααιεα
906 4076 955 4127 dux
970 4078 995 4126 in
1007 4074 1135 4125 Albaniam
1149 4073 1245 4137 irrupit.
1261 4072 1362 4122 cladem
1376 4071 1416 4121 illo
1428 4085 1515 4135 passus
1526 4074 1565 4121 est
1576 4072 1665 4135 etipse
1677 4072 1701 4121 in

93 4152 183 4189 minus
196 4139 265 4188 venit
275 4138 394 4192 bostium.
409 4142 532 4190 Successit
543 4141 670 4207 Debreos,
680 4156 753 4206 quem
769 4146 857 4197 Albani
876 4147 965 4212 proelio
976 4145 1007 4196 ad
1019 4142 1132 4209 sumptam
1143 4143 1273 4193 commisso
1290 4139 1452 4191 debellarunt.
1462 4142 1523 4189 Post
1535 4140 1601 4189 hunc
1613 4140 1700 4191 Sevalt'

95 4210 145 4259 dur
157 4208 189 4259 ad
198 4208 345 4272 Belgradum
356 4224 437 4273 pugna
451 4212 564 4274 superior
576 4214 655 4263 evasit
665 4251 672 4271 ,
682 4214 726 4264 scd
738 4216 823 4266 statim
832 4222 890 4281 post
899 4220 996 4280 partam
1008 4214 1135 4266 victoriam
1148 4212 1385 4275 constebttnopottrn
1397 4206 1511 4260 reversus
1521 4213 1568 4260 est.
1581 4211 1644 4260 Tum
1655 4210 1701 4261 sub

95 4283 170 4329 Mose
180 4277 244 4328 duce
258 4292 321 4329 nova
334 4280 408 4329 Turul
420 4280 490 4331 clade
505 4282 645 4333 alliciuntur
654 4284 736 4347 (Febr.
749 4286 832 4349 1457),
847 4300 904 4335 mon
915 4286 978 4335 alius
990 4285 1113 4335 exercitus
1130 4284 1177 4334 sub
1188 4287 1234 4334 Iro
1250 4284 1275 4333 et
1288 4286 1394 4333 Ηαιιωο
1413 4280 1518 4329 ducibus
1533 4281 1598 4331 iuter
1610 4281 1700 4331 Drino-

95 4362 154 4400 nrm
167 4353 193 4399 et
202 4350 322 4400 Mathiarn
336 4351 424 4400 fluvios
437 4350 468 4401 ad
485 4352 676 4403 intomocionem
687 4356 739 4405 tere
755 4355 852 4406 deletus
863 4360 910 4407 est.
921 4358 982 4406 Post
993 4356 1062 4415 buc,
1075 4367 1134 4405 rere
1146 4368 1185 4404 an.
1200 4357 1268 4413 1158,
1284 4356 1367 4404 Umor
1375 4351 1426 4401 dur
1435 4351 1604 4415 Scanderbego
1615 4364 1701 4415 pacem

96 4423 122 4469 et
138 4418 217 4468 lodus
230 4419 334 4479 obtulit,
349 4420 390 4470 ille
399 4433 458 4471 vero
467 4421 551 4472 oblata
561 4425 622 4473 tunc
634 4424 734 4486 quidem
746 4439 794 4475 non
805 4424 920 4485 admisit,
930 4424 1020 4476 deinde
1029 4429 1126 4485 autem,
1137 4438 1214 4489 quum
1224 4438 1238 4473 a
1247 4423 1401 4475 Ferdinarrdo
1411 4426 1423 4473 1
1433 4426 1518 4473 contra
1532 4422 1701 4484 Frorrccgatlos

97 4489 190 4540 auxillo
204 4490 375 4551 εθνοοιτεῑιιε,
385 4492 411 4541 in
426 4491 522 4542 ltaliam
537 4494 693 4556 prolecturus
708 4495 820 4545 inducias
831 4497 905 4545 unlus
917 4496 974 4545 anni
987 4509 1046 4545 cunr
1058 4497 1146 4546 'loreis
1161 4496 1252 4559 pepigit
1261 4495 1351 4557 (1159).
1362 4493 1400 4544 ld
1411 4492 1457 4543 bas
1470 4493 1581 4543 inducias
1590 4506 1620 4542 ex
1636 4496 1699 4543 tem·

97 4573 187 4623 porum
205 4560 292 4610 ordine
313 4560 441 4611 reserenda
455 4562 536 4612 torent
557 4577 614 4629 que
632 4564 772 4616 critobulus
790 4564 822 4615 de
838 4565 938 4616 Albanis
958 4580 997 4617 on.
1017 4570 1075 4617 1459
1091 4565 1272 4616 allocbemete
1295 4564 1404 4614 subactis
1422 4563 1567 4613 hariolatur.
1586 4564 1702 4614 ceterum

98 4629 209 4680 nondum
224 4634 324 4694 peracto
335 4630 490 4681 induciarum
500 4636 624 4698 tempore,
636 4635 800 4685 btcobemetes
812 4635 904 4685 bellum
915 4637 1043 4687 renovadt
1053 4636 1135 4685 missis
1145 4636 1169 4685 in
1178 4634 1306 4685 Albaniam
1318 4632 1415 4683 duobus
1426 4632 1587 4689 exercitibus,
1597 4644 1701 4693 quorum

98 4700 163 4749 atter
173 4700 220 4750 snb
239 4704 323 4751 sesan
335 4700 399 4751 duce
415 4701 442 4751 in
456 4703 547 4753 Moeris
558 4704 649 4754 montis
665 4704 792 4766 faucibus,
803 4706 875 4767 alter,
886 4718 961 4769 quem
974 4706 1124 4767 Ηστεοιιθεη
1135 4704 1254 4765 ducebat,
1268 4703 1300 4754 ad
1312 4703 1409 4764 Grojam
1426 4701 1511 4751 urbem
1528 4694 1620 4750 devicti
1633 4703 1699 4751 sunt.

100 4768 173 4831 tlaud
182 4770 278 4820 melimi
288 4770 402 4835 deinceps
412 4771 510 4823 tortura
521 4772 608 4823 eodem
619 4787 684 4823 anno
695 4778 755 4824 troo
767 4779 907 4839 pugnarunt
919 4776 1072 4838 Ιυεσιιιιιθεμ
1082 4778 1107 4826 et
1122 4772 1326 4836 Korodcbobeo.
1339 4774 1400 4822 Post
1411 4774 1493 4821 tantas
1511 4768 1602 4819 ducum
1619 4769 1702 4820 clades

99 4840 267 4891 itccbemetes
277 4853 361 4891 mense
374 4841 434 4891 itali
445 4855 485 4892 an.
500 4846 557 4893 1161
570 4856 656 4908 pacem
669 4847 695 4895 et
708 4844 791 4895 lodus
800 4844 881 4895 denuo
892 4846 983 4897 obtulit
996 4846 1035 4897 bis
1046 4844 1241 4904 conditionibus,
1254 4846 1283 4893 ut
1296 4842 1479 4905 Scanderbegns
1489 4840 1608 4889 loannem
1623 4840 1701 4891 tilium

100 4910 212 4959 obsidem
228 4909 312 4971 daret,
325 4915 351 4960 et
363 4913 498 4962 Tuscorum
511 4914 588 4977 copiis
599 4915 717 4964 transitus
727 4928 772 4979 per
783 4916 911 4966 Albanhm
922 4916 955 4966 ad
965 4918 1115 4968 venetorum
1127 4913 1218 4978 oppida
1231 4914 1339 4977 pateret,
1354 4914 1428 4973 atque
1441 4906 1546 4959 liberum
1560 4908 1584 4957 in
1599 4908 1703 4961 Albanis

101 4980 274 5029 commercium
284 4981 371 5030 Turcis
379 4981 563 5033 concederetur.
571 4985 681 5040 Quarum
691 4984 859 5035 conditionum
867 4987 981 5049 quamvls
990 4984 1173 5046 Scanderbegus
1183 4983 1275 5033 nubam
1285 4980 1333 5031 nisi
1343 4993 1418 5043 quam
1426 4980 1549 5043 postremo
1557 4977 1611 5028 loco
1620 4980 1700 5043 posui,

101 5050 256 5112 admisisset,
268 5050 345 5101 nihilo
355 5054 436 5103 secius
445 5054 609 5104 blechemetes
624 5055 703 5105 literis
713 5056 765 5106 suis
774 5055 800 5105 d.
813 5060 841 5105 at
853 5069 932 5107 mens.
942 5058 1009 5108 lunii
1020 5071 1059 5107 arr.
1073 5059 1130 5106 1161
1143 5054 1208 5107 datis
1220 5051 1415 5113 scanderbegum
1423 5048 1528 5101 liberum
1544 5052 1631 5114 suique
1640 5050 1701 5113 jnris

102 5120 212 5172 abania
228 5121 363 5184 principem
375 5120 509 5173 declaravit
526 5127 553 5174 et
571 5126 651 5175 ratam
666 5124 756 5176 babuit
768 5126 949 5189 possessionem
964 5127 1074 5178 locorum
1089 5127 1199 5178 omnium
1212 5124 1303 5189 quibus
1315 5123 1379 5175 bello
1393 5122 1480 5177 Albani
1495 5119 1567 5187 potiti
1580 5126 1657 5174 erant.
1671 5150 1702 5161 —

197 5220 340 5257 runcantem
357 5220 451 5261 ιιιετοι.
467 5222 546 5262 csso.
560 5238 592 5251 -
603 5224 659 5264 vot..
676 5224 702 5263 v.
1596 5216 1611 5261 ⁰
