3809 5859
405 342 656 415 secernens
676 338 804 441 rericus
824 349 901 413 xiv.
922 348 1002 410 cere
1025 338 1206 423 (teca-reci
1226 344 1261 404 P.
1284 340 1342 423 c).
1627 342 1680 401 εει

75 493 123 555 καί
137 496 173 561 ὡς
190 480 222 565 λυ
240 490 313 570 αύτῷ
325 477 395 547 κατά
413 492 471 546 νοῦν
487 488 533 545 καί
547 483 672 566 φρουροὺς
691 488 746 555 τοῖς
766 474 846 563 φρου·
906 478 952 539 καὶ
967 478 1057 556 μέντοι
1081 500 1111 555 γε
1133 472 1332 553 ούδίάντίσχε,
1351 472 1400 533 καί
1418 472 1518 551 ἐχθρῶν
1534 472 1682 531 ἐπελθοῦσα

77 580 141 649 οίοις
156 588 225 638 πᾶσι
244 575 444 657 ἐγκαταστήσας
457 575 552 654 άνδρας
569 576 621 632 τῶν
637 573 690 632 ἀπὸ
703 576 751 643 τῆς
766 577 850 652 βασι·
909 569 1019 645 δύναμις
1041 566 1135 648 ῥαδίως
1149 563 1181 623 διν
1195 562 1277 635 αὐτὴν
1299 560 1345 643 βία
1360 560 1491 621 διέλυσεν·
1513 560 1627 618 ίνταῦθα
1652 558 1681 618 δί

74 673 153 740 λικῆς
167 669 249 738 αύλῆς
260 656 320 730 τοὺς
336 660 562 742 μαχιμωτάτους,
580 661 612 719 τά
632 684 659 720 τε
668 662 763 727 ’άλλως
786 683 851 718 νεω-
909 653 1151 714 occinentium
1169 650 1236 718 δλως
1255 650 1314 710 ούτε
1333 648 1404 709 ἐστιν
1418 647 1478 708 οὔτε
1496 646 1617 728 γενέσθαι
1632 646 1682 705 δύ-

75 754 224 835 τερήσαντα
243 749 453 832 διορθωσάμενύς
473 770 503 808 τε
521 747 568 807 καί
588 746 723 828 παραδούς
746 747 853 825 Ἀμάριι
908 765 1000 802 ναται·
1015 741 1074 801 ούτε
1082 741 1135 823 γάρ
1149 740 1284 812 θαλάσσης
1296 762 1324 798 τε
1336 738 1382 799 καλ
1394 739 1500 814 άνίμων
1514 735 1627 814 ἐμύολαί
1638 734 1684 793 καί

74 846 179 921 πάντα,
206 839 284 907 αύτδς
310 837 402 898 λαύῶν
421 834 479 913 μεθ’
498 839 594 894 ἑαυτοῦ
618 835 678 900 τούς
699 856 729 893 τε
751 836 854 913 ζωγρη-
908 833 1038 911 ἐπίρροιαι
1060 828 1118 890 ούτε
1138 830 1238 909 ἐχθρῶν
1253 828 1299 887 καὶ
1325 826 1457 906 πολεμίων
1473 828 1618 885 ἐπελθοῦσα
1640 824 1686 883 δύι

70 933 168 997 θέντας
189 928 285 1008 ἄνδρας
305 930 333 987 ἐν
354 930 392 1005 τῷ
409 925 511 1006 Ἰσθμῷ
530 925 576 983 καὶ
598 922 642 990 οῦς
659 915 732 1004 εὸρεν
751 925 779 982 ἐν
800 927 854 989 τοῖς
912 942 991 997 ναμις
1005 918 1130 1001 δύνανται
1142 917 1241 992 ταύτην
1254 914 1432 997 παραάλάψαι
1445 915 1476 974 τὸ
1489 910 1622 981 ξύνολονῆ
1638 911 1684 971 καὶ

76 1019 210 1101 φρουρίοις
227 1020 281 1076 τῶν
297 1015 428 1089 Ἐνετῶν,
447 1012 518 1072 iiii
531 1012 564 1084 δὴ
579 1012 624 1071 καί
644 1010 704 1079 τούς
726 1009 855 1092 νεωτερή-
909 1012 1028 1067 ὁπωσοῦν
1050 1006 1207 1065 ύιάσασθαι·
1222 1002 1303 1070 ούτως
1319 1003 1451 1069 ἂνάλωτύς
1465 1024 1494 1061 τε
1512 999 1558 1060 καί
1578 1001 1685 1081 ἰσχυρὸς
1749 1076 1751 1083 Ι

75 1127 176 1171 σαντας
199 1100 419 1173 Πελοποννησίων
444 1102 490 1160 καί
508 1100 583 1160 λείαν
602 1099 663 1159 τινά
683 1101 712 1159 ού
734 1100 852 1172 πολλὴν,
913 1093 1034 1170 ὁδεσμδς
1045 1084 1118 1160 οὗτος
1132 1090 1245 1171 ἐγεγόνει
1257 1091 1303 1150 καί
1316 1094 1334 1163 ἡ
1347 1088 1441 1171 σχεδία
1456 1088 1536 1161 αὕτη.

74 1192 213 1254 ἐπάνεισιν
227 1193 254 1257 ἐς
268 1189 316 1261 τὴν
332 1188 552 1265 ίίωνοταντίνου,
565 1189 695 1268 χειμῶνος
716 1194 855 1266 μεσοῦντος
949 1182 997 1243 ii.
1012 1184 1069 1243 Τοῦ
1078 1182 1101 1239 δ’
1118 1183 1196 1239 αὐτοῦ
1206 1183 1335 1259 χειμῶνος
1343 1179 1388 1238 καί
1401 1175 1523 1258 βασιλεὺς
1536 1180 1551 1235 ὁ
1563 1174 1685 1237 Παιόνων

76 1280 142 1353 ήδη.
156 1278 190 1362 (ε)
204 1276 502 1355 Βασιλεῦςδίτοίιςμίν
520 1275 853 1357 Ἀργείουςπάνταςκατοι-
910 1293 939 1328 τε
961 1269 1007 1329 καί
1022 1273 1118 1331 Δακῶν
1145 1270 1313 1340 ἐστράτευσεν
1336 1266 1380 1326 ἐπὶ
1396 1267 1445 1341 τὴν
1468 1268 1620 1342 Δαλματῶν
1641 1266 1686 1325 καί

81 1370 152 1438 κίζει
171 1370 197 1427 ἐν
218 1371 252 1447 τῇ
274 1370 341 1446 μονῇ
362 1370 395 1445 τῇ
416 1364 593 1446 Περιύλίπτιμ
610 1366 779 1446 καλουμένῃ,
799 1362 856 1431 δοίις
910 1357 1035 1439 Βόστρων
1059 1357 1168 1438 χώραν,
1194 1359 1226 1429 ἣν
1249 1353 1523 1438 πράην“ίχειρύνσατο
1550 1354 1686 1434 βασιλεὺς,

78 1460 169 1524 αὐτοῖς
183 1457 229 1515 καὶ
243 1452 329 1522 οἰκίας
343 1453 388 1512 καί
412 1452 547 1532 άμπίλους
560 1453 605 1513 καλ
622 1452 732 1534 ἀγρούς,
754 1451 812 1518 τοῦς
828 1452 853 1510 δὲ
911 1446 996 1519 ὁπως,
1018 1448 1041 1504 εί
1061 1445 1180 1517 δύναιτο,
1200 1444 1323 1523 κατάσχῃ
1338 1444 1435 1513 ταύτην
1449 1441 1496 1501 καὶ
1510 1440 1545 1501 τά
1568 1446 1594 1502 ἐν
1619 1443 1687 1521 αὐτῇ

76 1545 225 1627 ληφθέντας
241 1543 338 1623 ἄνδρας
351 1542 394 1610 οθς
414 1542 478 1624 ἐφην
493 1546 545 1602 τῶν
558 1541 692 1619 πολεμίων
709 1540 769 1607 τούς
782 1564 811 1599 τε
828 1542 854 1598 ἐν
911 1534 1020 1616 φρούρια
1034 1533 1107 1613 ἐξέλῃ
1120 1534 1165 1593 καί
1179 1534 1296 1610 μάλιστα
1314 1529 1345 1603 δὴ
1362 1530 1410 1602 τὴν
1424 1529 1551 1607 Ἰάῖτζαν,
1565 1530 1688 1599 ἐξελάσας

76 1642 136 1701 τοῖς
150 1633 279 1714 φρουρίοις
292 1630 403 1697 ἁλόντας
423 1630 484 1698 τούς
496 1654 525 1691 τε
537 1629 752 1710 νεωτερήοαντας
769 1631 855 1689 Πελο-
910 1621 969 1691 τοὺς
976 1623 1104 1702 βασῑλὲως
1112 1620 1249 1702 φρουρούς·
1292 1622 1323 1701 (θ)
1333 1618 1537 1699 δῑῑνίῖαωθγᾶρ
1547 1618 1684 1679 ῠίπύνῑθν

75 1716 228 1794 ποννησίων
246 1720 347 1786 πάντας
359 1717 522 1781 ιἰπίκτιινεν.
911 1710 995 1770 ἐδόκει
1009 1700 1075 1769 εἶναι
1084 1712 1129 1769 καλ
1143 1714 1190 1781 τῆς
1206 1711 1286 1768 αὑτοῦ
1297 1707 1386 1787 χώρας
1399 1730 1427 1765 τε
1440 1706 1511 1766 καλά
1529 1711 1579 1786 χῆς
1595 1706 1685 1784 βλάῦη

121 1814 173 1870 lli.
190 1806 240 1869 Ἐν
262 1808 290 1867 δὲ
305 1816 362 1874 ταῖς
383 1808 472 1875 αύταῖς
489 1806 601 1887 ἡμέραις
620 1809 666 1865 καί
682 1804 824 1882 ’ίαγούπης
843 1808 856 1863 ὁ
911 1828 939 1863 τε
955 1805 1065 1883 μεγίστη
1080 1805 1126 1863 καί
1140 1803 1282 1869 κατάλυσις
1294 1800 1429 1881 προφανὴς
1442 1805 1459 1872 ἡ
1473 1805 1520 1872 τῆς
1529 1800 1619 1880 χώρας
1627 1800 1687 1860 ταύ-

78 1892 219 1973 σατράπης
235 1890 495 1957 Καλλίουπύλεωετδι
509 1894 536 1951 ἐν
547 1890 739 1970 Ἑλλησπόντῳ
748 1890 858 1970 φρούρια
911 1918 960 1966 της
979 1894 1025 1952 καλ
1043 1896 1095 1953 τῶν
1117 1894 1143 1951 ἐν
1158 1892 1225 1969 αὐτῇ
1249 1882 1376 1971 φρουρίων
1398 1887 1472 1967 παρά
1492 1894 1538 1947 τοῦ
1561 1888 1688 1969 βασιλέως

79 1980 213 2047 ἐξετέλεσε
227 1980 274 2039 καί
290 1979 407 2060 φρουράν
420 1977 599 2057 ἐγκατέστησε
613 1977 714 2044 τούτοις
725 1979 771 2035 καὶ
785 1977 857 2036 ὁπλα
912 1980 1089 2059 κατάσχεσις,
1104 1982 1129 2037 ἐν
1146 1978 1275 2057 ἐπικαίρῳ
1293 2000 1322 2035 τε
1342 1980 1390 2045 τῆς
1407 1979 1487 2035 αὑτοῦ
1503 1975 1625 2052 κειμένης
1644 1976 1689 2035 καί

80 2068 208 2147 ἐπήνεγκε
219 2068 331 2126 πλεῖστα
343 2065 387 2126 καλ
399 2066 522 2147 μηχανάς
539 2067 668 2139 ἐπέστησε
684 2064 858 2145 πετρούόλους
911 2068 1037 2129 πάντοθεν
1047 2072 1143 2147 ὁμόρου
1157 2070 1190 2146 τῇ
1205 2066 1325 2126 Παιόνων
1336 2064 1414 2137 οὔσης
1428 2064 1473 2123 καί
1484 2064 1548 2143 πρὸς
1560 2067 1689 2143 καταδρο·

80 2156 128 2215 καί
151 2154 296 2236 ἀφετήρια,
317 2156 350 2215 δι’
369 2146 406 2214 ῶν
429 2153 522 2232 ἔμελλε
546 2155 591 2214 τὸν
619 2155 733 2215 ἔσπλουν
751 2155 796 2213 eici
813 2153 859 2212 καὶ
913 2156 966 2234 μὴν
983 2155 1079 2229 ταύτης
1105 2153 1262 2227 ἐπιτηδείας.
1305 2156 1339 2231 (ε)
1362 2151 1528 2233 Προσάαλὼν
1555 2142 1599 2212 σύν
1622 2154 1689 2232 αὐτῇ

86 2243 201 2302 ἔκπλουν
222 2242 332 2303 κωλύειν
348 2245 399 2300 τῶν
420 2242 602 2303 άναπλίοντων
620 2242 638 2315 ἢ
657 2242 858 2302 καταπλεόντων
913 2243 981 2321 μετδι
1003 2252 1126 2325 στρατιάς
1145 2246 1237 2313 ἱκανῆς
1255 2241 1300 2300 καί
1318 2246 1504 2322 παρασκευῆς,
1520 2244 1620 2322 άφιστᾷ
1641 2240 1689 2317 μίν

83 2335 210 2410 σκαφῶν,
229 2330 273 2389 ότι
295 2331 341 2389 καὶ
365 2323 401 2389 ὧν
417 2327 551 2410 βούλοιτο,
576 2331 610 2390 τά
631 2354 660 2389 τε
684 2330 752 2389 άλλα
773 2330 860 2389 πάντα
914 2332 1034 2400 εύθὸςτίι
1049 2332 1132 2391 πλείω
1147 2333 1199 2389 τῶν
1220 2330 1347 2411 φρουρίων
1369 2330 1480 2388 ἀπὸτοῦ
1500 2329 1689 2408 βασιλέως,τδι

80 2417 209 2489 πεποίηκε
223 2417 293 2478 κατά
313 2418 359 2489 τήν
373 2425 419 2477 τοῦ
438 2419 566 2498 βασιλέως
580 2418 720 2499 ὑφήγησιν·
765 2419 798 2499 (α)
814 2417 860 2476 καί
915 2420 963 2497 μέν
977 2423 1063 2479 πειθοῖ
1080 2418 1125 2478 καὶ
1139 2416 1225 2493 λόγοις
1242 2417 1452 2497 προσαγόμενος,
1467 2416 1500 2475 τδι
1514 2416 1541 2475 δί
1556 2416 1631 2497 φόῦῳ
1645 2418 1690 2474 καί

83 2508 247 2575 ἀπετελέσθη
265 2506 341 2585 ίργον
363 2506 433 2586 μέγα
453 2506 499 2565 καί
512 2508 618 2566 πάντων
636 2506 794 2585 ἐξῃρημένον
815 2504 859 2564 καί
914 2510 1050 2581 ἀπειλαῖς,
1066 2507 1136 2566 ἔστιν
1151 2506 1168 2564 δ
1184 2506 1211 2564 δί
1223 2506 1268 2564 καί
1283 2515 1337 2573 τοῖς
1354 2506 1446 2573 όπλοις
1460 2506 1688 2586 καταστρεψάμε-

81 2593 161 2672 λόγου
174 2595 273 2653 πολλοῦ
284 2593 331 2657 καί
345 2593 478 2671 θαύματος
492 2592 573 2672 ἄξιον,
585 2594 649 2676 ὅπερ
662 2594 722 2654 οὔτε
735 2596 788 2653 τῶν
807 2616 859 2651 πα·
913 2618 964 2663 νος.
992 2594 1037 2664 Ἐς
1060 2594 1088 2653 δέ
1104 2592 1152 2665 τήν
1176 2593 1291 2663 ’ίάῑτζαν
1314 2591 1410 2665 ἐλθὼν,
1437 2595 1505 2673 αίρεῑ
1527 2594 1573 2652 καί
1591 2580 1690 2663 ταύτην

78 2682 164 2740 λαιῶν
178 2680 315 2753 Ἑλλήνων
330 2704 369 2750 τις
387 2682 447 2741 οὔτε
463 2685 515 2741 τῶν
535 2683 620 2741 πάλαι
635 2684 758 2763 μεγάλων
782 2686 859 2761 βασι·
914 2684 1028 2755 ἀπόνως,
1040 2684 1090 2739 τῶν
1103 2680 1174 2739 ίνδον
1186 2679 1386 2739 στασιασάντων
1397 2680 1482 2738 τεκαὶ
1496 2678 1599 2759 σφαγάς
1613 2680 1690 2759 ἐργα-

58 2769 153 2830 -λέων
166 2770 212 2828 καί
224 2774 391 2849 στρατηγῶν,
401 2769 543 2847 Ῥωμαίων
557 2770 587 2830 τέ
599 2794 667 2853 φημι
682 2770 726 2829 καὶ
737 2772 860 2849 Περσῶν,
916 2770 1039 2847 σαμένων
1066 2768 1188 2840 ἀλλήλων
1213 2768 1258 2827 καί
1288 2766 1535 2848 προσχωρησάντων
1567 2770 1692 2836 ἑκουσίως

84 2857 131 2917 isi
150 2865 207 2919 νοῦν
230 2858 357 2917 ίάάλλετό
375 2881 451 2932 ποτε,
475 2859 535 2932 οὔτε
551 2859 660 2930 ἐδυνήθη
678 2858 784 2937 βαλὼν,
801 2860 861 2917 δια·
915 2860 996 2938 αύτῷ.
1014 2855 1154 2937 Διαγαγὼν
1165 2854 1192 2915 δέ
1203 2857 1234 2914 ού
1249 2854 1347 2922 πολλάς
1363 2856 1464 2935 ἡμέρας
1484 2858 1562 2931 αύτοῦ
1578 2857 1623 2914 καί
1637 2879 1692 2936 φυ-

78 2946 183 3018 στῆσαί
191 2970 220 3005 τε
233 2946 282 3017 τὴν
294 2947 350 3005 άνω
364 2937 499 3007 θάλασσαν
514 2951 562 3019 τῆς
575 2948 648 3006 κάτω
667 2946 801 3019 θαλάσσης
815 2946 860 3005 καί
914 2948 998 3013 iezi<
1017 2944 1251 3020 καταστησάμενος
1271 2942 1381 3024 ίοχυρδις
1401 2946 1427 3003 ἐν
1444 2947 1510 3024 αὐτῇ
1525 2966 1552 3002 τε
1567 2944 1612 3002 καί
1635 2953 1689 3010 τοῖς

79 3032 188 3099 τελείως
206 3032 328 3113 άπεῦρξαι
348 3033 395 3093 καὶ
417 3037 484 3100 ὁλως
502 3034 602 3093 άὸατόν
620 3057 650 3093 τε
671 3034 716 3093 καὶ
736 3035 859 3094 άπλωτον
915 3038 1004 3102 ἄλλοις
1021 3037 1074 3093 τῶν
1092 3033 1221 3115 φρουρίων
1247 3031 1342 3112 άνδρας
1359 3032 1559 3116 καταφράκτους
1585 3056 1613 3090 τε
1640 3033 1686 3091 καὶ

80 3124 253 3192 καταστῆσαι
271 3129 325 3189 τοῖς
343 3124 470 3182 άναπλεῑν
489 3120 666 3193 ἣκαταπλεῖν
690 3122 857 3201 βουλομένοις
915 3122 1048 3202 μαχίμους
1061 3122 1107 3182 καί
1118 3118 1186 3181 ὅπλα
1199 3121 1243 3178 καί
1260 3123 1330 3179 σῖτον
1351 3118 1391 3179 ὁτι
1405 3122 1527 3180 πλεῖστον
1552 3118 1690 3199 ίσαγαγὼν

81 3217 164 3286 πᾶσι,
178 3207 247 3280 πλὴν
267 3198 306 3275 οἷς
330 3210 460 3287 βούλοιτο,
483 3206 572 3290 ῶσπερ
590 3210 675 3276 πύλας
697 3209 858 3290 ἑκατέρωθεν
914 3210 1081 3291 ἀνεχώρησεν
1104 3213 1145 3270 ἐπ’
1168 3208 1248 3268 οίκου.
1285 3208 1340 3269 Καὶ
1360 3212 1375 3268 ὁ
1399 3210 1446 3287 μὲν
1461 3208 1553 3276 οὕτως.

79 3297 117 3353 τὰ
132 3296 242 3376 φρούρια
256 3298 366 3368 ε’πιθεὶς,
381 3298 426 3355 καί
441 3298 564 3376 μηχανάς
577 3297 721 3367 ἐπιστήσας
734 3296 860 3377 πετροῦό·
951 3296 988 3360 V.
996 3296 1235 3363 Βασιλεὸςδέτοῦτο
1244 3296 1387 3373 πυθόμενος
1395 3298 1441 3356 καί
1453 3298 1554 3375 βαρέως
1566 3298 1689 3367 διατεθει,
1755 3332 1757 3337 ,

80 3386 158 3459 λους,
171 3384 204 3442 δι’
219 3376 257 3443 ὧν
271 3384 403 3466 πόρρωθεν
423 3385 614 3445 άνασούοῦνται
628 3386 673 3444 καί
687 3384 799 3464 τριήρεις
813 3387 859 3445 καὶ
914 3385 977 3465 πρδς
998 3386 1045 3458 τὴν
1063 3384 1158 3459 ἀκοὴν,
1175 3384 1384 3462 παρεσκευάζετο
1406 3386 1480 3452 εὐθὺς
1498 3387 1688 3465 ἐκστρατεῦσαι

81 3473 193 3539 ὁλκάδες
216 3475 244 3530 ni
262 3472 386 3550 μέγισται
404 3473 449 3530 καί
473 3472 539 3530 άλλο
552 3483 605 3531 πάν
627 3473 673 3531 καλ
695 3472 788 3553 μικρδν
813 3474 858 3533 καὶ
913 3475 983 3556 χειρὶ
997 3477 1082 3554 πολλῇ
1097 3474 1142 3533 καὶ
1154 3474 1274 3551 δυνάμει,
1287 3476 1316 3531 ού
1332 3474 1409 3550 μόνον
1418 3472 1487 3533 κατδι
1503 3478 1550 3545 τῆς
1561 3476 1687 3553 Βόστρων

82 3560 154 3636 μέγα
167 3561 274 3619 άκάτιον
284 3603 293 3632 ,
304 3559 377 3627 εὖθδς
390 3560 423 3631 δὴ
437 3563 483 3619 καί
497 3559 577 3637 μόνον
592 3561 779 3633 πλησιάσαντα
792 3584 857 3620 κατ·
915 3563 962 3623 καί
973 3567 1024 3623 τῶν
1038 3560 1208 3623 ἀποστάντων
1220 3561 1364 3644 φρουρίων,
1381 3561 1448 3619 itii
1461 3559 1492 3632 δὴ
1507 3560 1552 3620 καί
1568 3563 1594 3626 ἐς
1607 3562 1688 3633 αὐτὴν

84 3645 218 3723 αγνύμενά
238 3671 268 3707 τε
287 3649 332 3707 καὶ
353 3647 524 3723 ἀπολλύμενα
542 3656 597 3715 τοῖς
612 3651 643 3707 ἐκ
663 3652 715 3706 τῶν
730 3653 857 3728 μηχανῶν
912 3648 961 3721 τήν
971 3650 1093 3711 Παιόνων
1100 3649 1249 3711 ἐσὸάλλειν.
1261 3648 1393 3726 Στρατιδιν
1413 3649 1499 3707 τοίνυν
1512 3648 1551 3707 ὁτι
1560 3650 1689 3721 πλείστην

85 3734 233 3815 ἀφιεμένοις
256 3736 437 3813 παμμεγέθεσι
459 3735 556 3809 λίθοις,
575 3734 665 3814 ὥσπερ
691 3739 725 3813 τῇ
750 3735 858 3815 Σκύλλη
914 3738 1020 3819 ἀγείρας
1032 3738 1145 3809 ἱππικήν
1160 3760 1189 3795 τε
1211 3738 1257 3796 καί
1272 3740 1380 3807 πεζικήν
1397 3737 1442 3795 καὶ
1459 3736 1528 3794 ὁπλα
1546 3734 1632 3795 πολλὰ
1645 3736 1691 3793 καί

85 3822 273 3899 ξυμπλοικέντα
287 3824 333 3881 καί
342 3829 376 3903 τῇ
390 3822 539 3901 Χαρύδδει.
582 3825 618 3902 (s)
635 3823 735 3905 Ξέρξης
746 3826 793 3901 μὲν
808 3823 859 3904 γάρ
915 3825 1035 3905 μηχανάς
1057 3822 1230 3905 πετρούόλους
1252 3824 1297 3881 καί
1317 3822 1446 3903 ἀφετήρια
1467 3821 1621 3900 ξυναγαγὼν
1641 3822 1686 3881 καὶ

85 3909 856 3994 ἔζευξιπαλαιτδνἙλλήσποντοντοῦτον,άλλάσχεδίᾳκαὶ
914 3915 1002 3981 καλῶς
1016 3911 1284 3993 παρασκευασάμενος
1300 3919 1368 3969 πᾶσι
1384 3917 1442 3978 ’τοῖς
1457 3910 1606 3991 ὑπάρχουσι
1624 3932 1686 3989 χει-

84 3998 186 4080 γεφύρρ
202 3998 300 4077 ξυλίνη,
310 3998 368 4073 ἥτις
381 4000 440 4059 οὔτι
452 4000 517 4079 πρός
527 4023 556 4059 τε
567 3999 614 4067 τθις
627 4003 679 4059 τῶν
692 4000 795 4076 ἀνίμων
808 4000 854 4058 καί
915 4002 1017 4077 μῶνος,
1042 4000 1115 4065 εὐθὺς
1136 3990 1198 4077 ἦρος
1226 3998 1373 4079 ἀρχομένου
1398 4000 1477 4069 ἔξεισι
1503 3998 1561 4057 κατ’
1593 4002 1689 4059 αὐτῶν.

83 4089 133 4157 τῆς
145 4086 279 4155 θαλάσσης
288 4086 402 4163 ἐμύολδς
412 4088 457 4146 ε’πί
471 4087 535 4146 πολὺ
547 4087 578 4145 διν
593 4088 724 4167 ἀντία-χειν
734 4087 858 4160 ἐδυνήθη,
917 4088 951 4167 (ι)
971 4086 1052 4167 Ἄρας
1075 4080 1119 4147 οῦν
1146 4090 1176 4147 ἐκ
1200 4093 1246 4159 τῆς
1270 4088 1405 4167 Ἀδριανοῦ
1424 4087 1502 4145 παντί
1524 4091 1561 4167 τῷ
1585 4092 1690 4167 στρατῶ

120 4361 163 4410 111.
179 4361 194 4425 §
207 4368 228 4411 1.
239 4362 310 4412 Τιί...
324 4361 435 4425 φρούρια]
448 4363 478 4410 V.
489 4375 565 4426 supra
578 4362 620 4413 iib.
634 4367 659 4419 4.
671 4377 694 4412 c.
710 4368 746 4414 ti.
761 4363 772 4426 ΙΙ
782 4389 814 4399 -
827 4362 877 4426 ἀεὶ]
890 4362 947 4413 edd.
960 4376 1025 4414 men.
1037 4370 1059 4414 2.
1081 4364 1135 4428 11-
1147 4363 1448 4430 ςε.παμμεγε’θεσι]εθθ.
1461 4376 1526 4415 men.
1541 4371 1564 4413 2.
1580 4364 1591 4426 il
1604 4392 1633 4404 -
1643 4364 1657 4426 §
1666 4370 1690 4414 3,

84 4432 254 4495 παραδλάψαι]
266 4434 404 4497 παραόάθτι
421 4432 477 4482 cod.

118 4504 162 4551 lv.
170 4504 207 4551 De
216 4502 293 4553 attera
302 4502 349 4552 hec
361 4504 387 4552 in
396 4503 511 4553 Βοτιιίοιιι
518 4504 674 4567 expeditione
682 4504 733 4555 rid.
743 4501 912 4555 Sccdeddinue
924 4510 947 4564 2,
957 4517 981 4567 p.
997 4508 1111 4563 iii-238,
1122 4504 1221 4555 Marcie
1235 4506 1335 4555 corvini
1343 4506 1408 4570 regis
1415 4504 1524 4569 epistolar
1534 4501 1564 4552 ed
1577 4502 1647 4551 Pium
1664 4502 1688 4553 11

89 4573 230 4635 pontificem
237 4577 262 4623 et
268 4572 300 4622 ad
308 4572 460 4623 Fritlericum
471 4574 531 4637 imp.
538 4574 605 4638 apud
618 4576 735 4624 Catonem
748 4576 808 4623 tcm.
820 4578 857 4634 ti,
874 4586 899 4637 p.
912 4580 961 4623 652
973 4586 1027 4638 sqq.
1041 4578 1101 4640 etp.
1114 4580 1159 4625 72³
1176 4588 1240 4638 sqq.²
1249 4576 1354 4625 Tenon
1365 4577 1390 4625 in
1405 4577 1495 4627 Ghrcn.
1507 4576 1614 4635 Hungar.
1622 4575 1687 4635 peri.

87 4648 112 4692 i.
124 4657 145 4692 c
161 4649 200 4693 cs.
217 4641 228 4708 ss
244 4670 278 4681 —
291 4644 309 4707 §
324 4649 345 4693 l.
364 4644 445 4707 ίξέλη]
462 4656 561 4707 margo,
583 4645 668 4706 αἱρήσῃ
684 4647 746 4694 texi.
759 4642 817 4707 Ιί-ὶ-
828 4643 951 4708 φρουρούς]
966 4643 1024 4694 add.
1034 4659 1068 4695 m.
1081 4653 1104 4696 2.
1124 4646 1134 4709 ΙΙ
1146 4674 1177 4681 -
1191 4644 1206 4710 §
1221 4653 1242 4696 2.
1254 4646 1372 4703 Ἰάῑτζοιν..
1389 4645 1571 4708 αίρεῐ]1σίίαωῐιι
1587 4642 1691 4705 Μαθθίαν

87 4713 209 4767 corvinus
221 4716 276 4780 posi
287 4713 362 4763 trium
372 4714 420 4764 iere
431 4713 552 4764 mentium
565 4713 718 4764 obsidionem
729 4713 795 4777 cepit
806 4712 846 4764 die
858 4719 886 4764 ic
897 4726 974 4763 mene.
988 4716 1128 4765 Decembris
1140 4728 1180 4766 nn.
1199 4718 1265 4767 tici.
1280 4718 1316 4765 in.
1327 4717 1403 4779 Epist.
1415 4714 1445 4763 ed
1457 4714 1528 4763 Pium
1542 4713 1643 4773 uttan.
1656 4716 1684 4761 27

88 4795 128 4831 en.
144 4788 218 4845 iiiii)
230 4799 254 4850 p.
265 4788 311 4833 cii
320 4796 362 4834 rex
372 4783 407 4832 ite
422 4782 519 4846 scripsit
536 4787 610 4833 :Hoc
622 4787 710 4846 itaque
722 4784 801 4835 modo
820 4787 845 4835 ei
856 4784 948 4835 ordine
967 4784 1073 4837 redditis
1087 4791 1114 4837 et
1126 4790 1335 4851 acceptiscastro
1347 4790 1372 4837 ei
1386 4785 1483 4850 oppido
1502 4783 1608 4844 Iaiczc,
1626 4794 1690 4845 rnen

90 4854 237 4904 meritorum
250 4854 367 4905 aliorum
380 4856 528 4904 castrorum
543 4852 643 4905 deditio
658 4857 748 4905 scente
766 4857 812 4906 est.
823 4858 886 4907 dam
903 4858 1007 4907 circiter
1017 4858 1125 4920 trininta
1135 4858 1256 4907 maribus
1269 4859 1333 4906 meis
1346 4854 1450 4905 reddita
1462 4854 1530 4915 suni,
1542 4852 1567 4901 et
1581 4851 1690 4901 totidem

91 4922 221 4987 reiparte
233 4924 318 4989 plera
330 4928 359 4975 in
376 4924 555 4975 obedientiam
570 4925 594 4975 ei
607 4925 770 4977 deditionem
781 4930 887 4990 nccepi5
902 4922 1081 4991 iniciamque
1091 4939 1165 4991 spem
1177 4926 1317 4978 indubiam
1327 4925 1360 4975 de
1377 4926 1482 4984 ceteris,
1500 4921 1572 4986 qnod
1583 4920 1619 4971 ed
1637 4920 1687 4971 icc

91 5003 173 5055 ανονε
184 4997 287 5059 tempus
303 4992 345 5044 cei
359 4993 489 5045 cuiinvel
507 5006 596 5056 ραυοσ
612 4994 687 5059 apud
703 5006 801 5047 ιιιοιιυτ
817 4996 934 5048 nostium
949 5000 1079 5049 contineri
1090 5000 1253 5061 potuissent,
1267 4998 1288 5046 si
1306 4997 1448 5059 tempesias
1460 4993 1587 5051 hiberna.
1598 4992 1687 5053 meic-

92 5061 163 5111 riies
174 5064 276 5114 interese
285 5067 442 5128 fridericus,
454 5066 596 5128 ampliores
608 5062 675 5117 miii
690 5067 793 5119 iabores
804 5078 859 5117 non
871 5067 1058 5119 interdixisset.
1076 5069 1142 5119 citae
1155 5068 1209 5119 hcc
1227 5065 1362 5117 zinkeisen.
1377 5064 1394 5113 i.
1413 5064 1430 5113 l.
1444 5078 1468 5128 p.
1489 5069 1539 5113 icc.
1559 5064 1570 5125 li
1582 5062 1641 5125 -§
1658 5067 1683 5113 3.

90 5135 130 5183 καὶ
142 5134 156 5181 ὁ
167 5136 209 5196 μὲν
219 5135 305 5199 οὕτως]
319 5136 377 5187 add.
389 5148 486 5199 margo.
1600 5161 1605 5169 ·
1623 5178 1626 5188 ι

121 5204 152 5250 V·
165 5204 180 5266 §
193 5210 214 5254 ί·
232 5208 346 5263 dimitis
357 5211 414 5271 πρὸς
427 5208 470 5266 τὴν
485 5209 573 5274 ίυιοήν]
583 5222 675 5275 margo,
690 5212 791 5273 ἐνεγκὼν
806 5212 833 5262 τδ
844 5216 941 5276 πρᾶγμα
957 5213 1019 5263 texi.
1037 5212 1047 5277 [1
1067 5240 1094 5251 -
1110 5211 1219 5275 στρατιὰν
1233 5210 1268 5259 ὅτι
1282 5206 1407 5279 πλείστην]
1428 5206 1528 5271 triginta
1543 5206 1619 5257 millia
1640 5203 1687 5253 ho·
