3809 5859
222 319 262 378 νο
580 260 583 264 ’
652 310 855 383 canonum,
869 274 1128 375 ιιιοοοοιιειοιι
1148 312 1220 395 un„
1241 314 1264 391 1,
1286 315 1379 376 61-65

222 448 274 520 ήδη
291 445 343 524 γάρ
356 445 401 505 καί
411 444 498 523 ἡμέρα
511 442 661 522 ύπέφνινεν.
676 440 764 503 Ἔνθα
775 442 807 513 δὴ
825 442 901 523 φόνος
914 443 994 510 πολίις
1051 443 1079 504 δί
1092 442 1216 522 γέροντας
1227 444 1345 521 ἐντίμους
1359 446 1512 520 έλκομίνους
1529 450 1576 517 τῇς
1589 448 1700 519 πολιᾶς,
1716 444 1778 511 τοίις
1792 447 1819 505 δέ

223 541 275 596 τῶν
299 530 548 612 προστυγγανόντων
573 530 687 608 ἐγίνετο,
705 534 757 588 τῶν
786 530 834 606 μέν
855 528 924 589 κατίι
945 530 993 601 τήν
1054 530 1100 590 καί
1127 530 1302 608 τυπτομένους
1334 534 1462 605 ἀνηλεῶς·
1491 529 1633 610 παρθένους
1660 532 1825 609 μοναζούσας

224 622 282 683 ὁδόν
298 621 360 701 (ἤδη
375 619 426 699 γάρ
441 617 549 697 ἐξήεσάν
565 641 632 685 τινες
646 621 699 677 τῶν
713 620 801 677 οἰκιῶν
816 617 992 697 θέοντεςπρδς
1049 619 1148 697 σεμνάς
1166 642 1194 678 τε
1215 619 1260 678 καί
1276 616 1415 698 ἀπροίτους
1429 618 1459 679 τὸ
1481 618 1605 700 δλονικαί
1618 624 1655 698 τῷ
1677 622 1730 700 θεῷ
1755 622 1826 698 μόνιρ

222 711 270 783 τὴν
285 709 366 790 βοὴν,
379 706 425 766 καί
436 715 489 773 τοῖς
503 705 585 787 ξίφεσι
596 710 647 765 τῶν
661 709 827 787 στρατιωτῶν
841 707 995 784 ἀπροόπτως
1049 706 1263 785 προσανεχοόσας
1276 706 1322 771 καί
1332 696 1466 787 ζιίισας,ᾧ
1480 708 1641 787 καθιέρωσαν
1657 708 1770 780 ἐαυτόις,
1781 706 1826 771 τάς

223 795 396 875 ἐνέπιπτον),
417 797 469 852 τῶν
492 793 520 851 δέ
539 795 566 852 ἐν
597 801 654 861 ταῖς
675 794 768 859 οἰκίαις
785 795 893 871 αἰιταῑς,
916 796 995 853 ἐπεσ·
1050 794 1098 871 μὲν
1111 799 1164 854 τῶν
1186 795 1315 872 δοματίων
1331 795 1423 876 βιαίως
1435 794 1590 872 ἐξαγομένας
1602 795 1646 856 καί
1666 795 1826 875 συρομίνας,

221 884 368 943 πιπτόντων
385 881 432 962 βίᾳ
444 886 495 941 τῶν
507 880 672 963 γενητζσίρων
687 883 732 941 καί
743 886 796 940 τῶν
806 882 893 940 ἀλλων
913 905 994 960 στρα-
1049 880 1095 947 τάς
1110 880 1138 939 δέ
1153 886 1205 941 τῶν
1219 885 1295 963 ἰερῶν
1317 882 1524 961 ἀποσπωμένας,
1539 885 1565 943 ἐν
1583 873 1621 949 οἷς
1642 884 1825 965 κατέφευγον,

222 977 323 1032 τιωτῶν
336 969 380 1039 ξίιν
395 969 478 1029 οὐδενί
492 968 584 1048 κόσμῳ
595 969 640 1028 καί
654 972 789 1048 λογισμῷ,
802 972 853 1027 τῶν
868 970 896 1028 δέ
913 971 959 1028 καί
969 973 993 1037 ἐς
1049 970 1093 1027 καὶ
1108 972 1278 1050 ἀπαγομένοις
1292 970 1335 1041 ξὺν
1353 970 1429 1049 ύόρει
1443 970 1488 1029 καί
1502 972 1613 1051 ἀτιμίη,
1631 970 1790 1047 ξαινομένας
1801 995 1828 1029 τι

223 1061 305 1132 ἀλκήν
320 1059 502 1135 τρεπομένων,
521 1059 573 1115 τῶν
593 1056 621 1115 δέ
633 1058 678 1117 καί
701 1056 764 1136 πρὸς
777 1059 856 1135 ἱεροῖς
873 1079 993 1115 καταπε-
1050 1056 1097 1124 τάς
1110 1058 1220 1138 παρειδις
1235 1058 1277 1128 ξίν
1294 1062 1401 1139 οἰμωγῇ
1416 1061 1461 1117 καί
1475 1060 1587 1137 ὀλολυγῇ
1600 1059 1645 1119 καί
1658 1058 1827 1135 κοπτομένας
1891 1092 1892 1095 ¹

222 1149 352 1231 φευγέτων
377 1170 406 1207 τε
432 1146 478 1204 καί
504 1145 690 1217 ἱκετευόντων,
711 1146 825 1224 ἀνδρῶν,
849 1148 994 1221 γυναικῶν,
1049 1148 1162 1225 πικρῶς·
1186 1148 1282 1212 παῖδας
1305 1146 1422 1213 ἀπαλαὶνς
1444 1148 1525 1222 ὠμῶς
1539 1147 1754 1224 ἀποσπωμένους
1775 1170 1827 1221 μη·

222 1234 339 1310 παίδων,
364 1233 471 1293 πάντων
494 1234 598 1308 ἁπλῶς,
625 1235 755 1310 μηδεμιᾶς
779 1232 857 1303 ούοης
878 1234 993 1314 φειδοῦς·
1049 1232 1147 1309 τέρων,
1170 1233 1248 1311 κόρας
1271 1236 1386 1301 ἐλεεινῶς
1407 1234 1583 1314 χωριζομένας
1604 1238 1659 1293 τῶν
1690 1234 1828 1311 νεογάμων

223 1325 256 1401 (ε)
273 1324 339 1401 ἀργῇ
355 1320 407 1401 γάρ
421 1320 467 1379 καί
481 1324 555 1399 θυμῷ
570 1324 660 1398 πολλῷ
678 1320 792 1400 ἐχώρουν
806 1322 847 1380 ἐπ’
859 1319 954 1388 αὐτοὺς
969 1324 992 1380 οἰ
1052 1322 1166 1399 ἀνδρῶν·
1182 1320 1250 1380 ἀλλα
1266 1322 1346 1402 μυρία
1358 1322 1518 1401 εἰργασμένα
1531 1320 1611 1381 δεινοί.

222 1413 394 1490 στρατιῶται,
409 1412 484 1465 τοῦτο
505 1406 552 1481 μίν
572 1406 712 1486 ἀχθόμενοι
734 1412 766 1487 τῇ
788 1406 867 1488 τριόῇ
880 1412 928 1479 τῇς
947 1431 992 1467 πσ-
1092 1409 1251 1481 ιΧ1[.Τν]ν
1267 1410 1294 1469 δὲ
1316 1414 1367 1469 τῶν
1389 1412 1466 1488 ἱερῶν
1487 1409 1561 1487 θόριν
1577 1410 1622 1469 καί
1643 1410 1763 1482 σύλησιν
1789 1414 1830 1468 καὶ

221 1496 356 1576 λιορκίας,
372 1502 447 1555 τοῦτο
463 1495 485 1551 δ’
501 1493 541 1551 δτι
551 1496 597 1553 καί
613 1496 667 1553 ἀπὸ
681 1498 733 1554 τῶν
748 1494 879 1564 ἐπάλξεων
900 1494 992 1572 σκύμ·
1051 1497 1198 1577 διαρπαγήν
1212 1500 1268 1563 πῶς
1290 1496 1322 1556 ἀν
1342 1521 1381 1563 τις
1399 1497 1495 1565 ἐξείποι
1517 1501 1555 1577 τῷ
1573 1498 1662 1577 λόγῳς
1684 1498 1830 1557 Κατεόάλ-

221 1584 289 1661 μασί
300 1605 328 1642 τε
340 1583 386 1642 καί
400 1582 507 1661 θόρεσιν
520 1584 568 1641 οὐκ
582 1582 677 1659 ὀλίγοις
691 1581 803 1642 ἐόαλλον
821 1580 914 1649 αἰτοίις
927 1581 991 1640 ἐνισι
1052 1586 1127 1645 λοντο
1144 1586 1190 1663 μίν
1206 1584 1305 1661 ἀτίμως
1317 1588 1343 1652 ἐς
1357 1588 1406 1663 γῇν
1421 1584 1518 1652 εἰκόνες
1531 1585 1576 1643 καὶ
1593 1585 1773 1665 ἀφιδρύματα
1790 1590 1830 1644 κεί

222 1674 272 1730 τῶν
284 1670 401 1743 ἀνοήτων
416 1673 481 1750 παρ’
495 1669 554 1729 δλον
568 1671 612 1730 τδν
631 1671 759 1747 πόλεμον,
773 1670 804 1730 τδ
818 1669 840 1729 δ’
853 1668 994 1735 ἀλονδπως
1048 1663 1134 1732 τάλλα
1154 1676 1205 1732 τῶν
1224 1674 1319 1754 ἱερῶν,
1340 1676 1478 1732 ἀπεσπᾶτο
1498 1675 1525 1732 δὲ
1546 1674 1645 1750 κόσμος
1668 1676 1683 1729 δ
1705 1672 1824 1745 τούτων,

208 1757 254 1818 ’ἀν
268 1757 397 1838 θροήσωσι
415 1756 510 1816 τδπᾶν
531 1758 578 1816 καί
591 1757 727 1837 φοόήσωσι
747 1760 792 1817 καί
812 1757 994 1817 δουλῶσωνται
1048 1760 1148 1820 ἐδίδοτο
1169 1760 1196 1819 δί
1210 1758 1243 1818 τίι
1264 1758 1311 1836 μέν
1330 1762 1464 1840 αὐτῶντῷ
1486 1759 1565 1839 πυρί,
1586 1760 1619 1819 τίι
1639 1760 1669 1817 δὲ
1691 1761 1722 1826 ἐς
1746 1762 1826 1819 λετ-,δι

220 1855 278 1913 ταῖς
296 1854 418 1926 σφαγαῖς.
462 1845 495 1925 (εἰ
510 1843 557 1911 Ὡς
572 1846 599 1903 δὲ
618 1848 675 1913 ἀλις
695 1836 767 1924 εἰχον
787 1850 833 1905 τοῦ
853 1844 931 1926 φόνου
946 1843 993 1904 καί
1048 1847 1194 1923 τεμνόμενά
1208 1870 1235 1905 τε
1253 1846 1298 1905 καί
1309 1845 1494 1927 Ευντριύόμενα
1503 1847 1608 1906 ἐπὶτῶν
1625 1844 1746 1927 τριόδων
1766 1852 1829 1928 ἐρρι-

220 1938 237 2005 ἡ
252 1931 327 1999 πόλις
340 1931 392 2005 ήδη
404 1930 563 2007 δεδούλωτο,
576 1932 715 2012 τρέπονται
729 1936 753 1991 οἱ
766 1931 815 2010 μέν
830 1933 927 1999 ἐντοῖς
938 1937 990 1993 τῶν
1048 1944 1147 2009 πτεῖτο,
1162 1936 1297 2014 ἠνοίγοντο
1307 1934 1335 1994 δί
1345 1938 1423 2007 θῆκαι
1436 1938 1488 1993 τῶν
1499 1938 1618 1993 παλαιῶν
1630 1934 1681 1993 καὶ
1689 1939 1828 2015 μακαρίων

221 2023 337 2079 δυνατῶν
359 2019 453 2087 οἰκίαις
476 2020 547 2080 κατά
565 2019 707 2101 ξυμμορίας
720 2044 750 2079 τε
764 2020 811 2079 καί
830 2018 992 2096 ξυνωμοσίας
1050 2024 1149 2103 ἀνδρῶν
1168 2023 1213 2082 καί
1236 2021 1269 2081 εά
1290 2022 1388 2081 τούτων
1404 2020 1511 2099 ἐξήγετο
1530 2020 1643 2101 λείψανα
1666 2022 1716 2080 καί
1733 2024 1830 2100 ἀτίμως

221 2110 265 2168 καί
287 2108 372 2177 τάξεις
396 2109 440 2167 ἐπὶ
463 2108 596 2189 διαρπαγῇ
614 2110 660 2167 καί
674 2111 800 2189 σκυλμῷ,
820 2111 844 2167 οἰ
870 2109 897 2167 δέ
928 2108 992 2188 πρὸς
1048 2110 1226 2186 λεπτυνόμενα
1238 2110 1282 2169 καί
1294 2110 1409 2187 λυόμενα
1426 2110 1524 2191 ἐςάέρα
1538 2110 1686 2186 ἐλικμᾶτο,
1699 2110 1738 2167 τά
1754 2113 1831 2170 δὲκαὶ
1894 2174 1895 2177 ,

221 2198 332 2269 σύλησιν
347 2200 398 2256 τῶν
417 2199 512 2277 ἱερῶν,
527 2200 550 2259 οἰ
567 2197 594 2256 δέ
608 2199 652 2257 ἐπί
665 2196 712 2263 τάς
725 2197 815 2264 κοινάς
829 2220 859 2256 τε
870 2197 916 2257 καί
936 2202 990 2256 τῶν
1047 2198 1090 2256 ἐπί
1099 2200 1151 2257 τῶν
1165 2196 1287 2278 ἀμφόδων
1296 2200 1452 2277 ἐρριπτεῖτο,
1465 2196 1634 2277 (αἰκρατῇρές
1643 2196 1732 2255 τεκαί
1743 2199 1830 2277 φιάλαι

220 2287 330 2345 ἰδιωτῶν
353 2284 437 2353 οἰκίας
463 2286 665 2362 ἐσκεδασμένοι,
698 2286 897 2362 διαρπάζοντες,
924 2309 992 2345 σκυ-
1048 2284 1125 2343 καίἀ
1144 2284 1193 2355 τήν
1214 2284 1417 2361 παναγεστσίτην
1436 2284 1526 2344 θυσίαν
1548 2283 1675 2363 ἐδέχετο,
1694 2289 1726 2343 αἰ
1745 2288 1792 2361 μέν
1809 2290 1830 2352 ἐς

218 2372 349 2444 λούοντες,
373 2370 533 2448 ληιζόμενοι,
558 2372 718 2451 φονεύοντες,
740 2372 904 2450 θόρέζοντες,
926 2376 995 2432 ἀποί-
1051 2372 1191 2452 προπόσεις
1213 2372 1260 2431 καὶ
1281 2373 1362 2449 μέθην
1378 2366 1446 2444 ήσαν
1467 2374 1571 2451 αὐτοῖς,
1593 2376 1617 2431 οἱ
1643 2373 1673 2429 δέ
1696 2374 1830 2453 ξυιπριόό-

218 2481 306 2537 γοντες
315 2460 498 2539 αἰχμαλώτους
511 2460 617 2540 ἄνδρας,
631 2468 774 2538 γυναῖκας,
796 2464 909 2534 παῖδας,
928 2487 994 2541 πρε·
1052 2458 1127 2534 μενοί
1143 2482 1171 2517 τε
1191 2460 1237 2518 καί
1251 2460 1427 2538 χωνευόμενοι
1448 2459 1613 2531 ἀπεδίδοντο,
1629 2460 1695 2539 ίερέε
1711 2460 1741 2518 δέ
1756 2464 1831 2533 σκεύη

221 2548 335 2621 σόύτας,
351 2548 438 2623 νέους,
453 2550 544 2629 ἰεριῖς,
566 2548 708 2629 μοναχοίες,
722 2560 810 2608 πᾶσαν
831 2549 936 2622 ἡλικίαν
949 2553 995 2612 καί
1051 2545 1097 2605 καί
1119 2544 1209 2604 πέπλοι
1231 2547 1307 2623 τίμια
1329 2548 1461 2617 πολυτελῆ
1482 2569 1510 2604 τε
1534 2544 1579 2604 καί
1604 2547 1704 2626 πολλῷ
1733 2550 1832 2627 χρυσίῳ
1895 2539 1896 2585 ί

220 2636 292 2704 τάξιν
317 2636 417 2704 ἁπλῶς.
466 2636 499 2715 μ]
523 2636 579 2697 Καὶ
599 2628 631 2709 ήν
653 2639 715 2695 ιδνῖν
736 2638 822 2715 θέαμα
841 2638 923 2697 δεινὸν
946 2643 991 2700 καὶ
1049 2632 1225 2714 ἐνυφασμένα,
1239 2632 1273 2691 εἰ
1283 2632 1310 2691 δὲ
1323 2632 1368 2691 καὶ
1379 2631 1459 2701 λίθοις
1469 2631 1605 2711 διαφανέσι
1616 2632 1668 2691 καὶ
1683 2637 1830 2714 μαργέρνε

221 2725 331 2785 ἐλεεινὸν
345 2725 391 2783 καί
405 2726 473 2803 πέρα
488 2725 634 2804 τραγῳδίας
656 2726 777 2797 ἀπάσης,
794 2728 920 2805 γυναῖκας
932 2726 992 2793 νέας
1048 2721 1321 2803 καταστραπτόμενα,
1338 2720 1372 2781 τδι
1392 2720 1439 2798 μέν
1459 2720 1612 2779 ἀπεδίδοντο
1636 2724 1830 2797 πονηροτάτοις

220 2812 266 2870 καί
280 2814 426 2892 σώφρονας,
442 2814 552 2890 εὐγενεῖς
564 2836 593 2871 τε
608 2812 653 2871 καί
667 2816 719 2870 τῶν
734 2803 765 2871 εδ
778 2812 939 2891 γεγονότων,
956 2812 988 2871 τά
1047 2808 1171 2889 ἀνδράσιν
1186 2810 1221 2875 εἰς
1236 2807 1384 2887 ἀπόχρησιν
1399 2811 1429 2867 οὖ
1442 2809 1543 2882 καλὴν,
1563 2808 1597 2867 τδε
1612 2808 1642 2865 δέ
1662 2810 1734 2889 πυρί
1749 2833 1831 2891 παρε-

222 2900 305 2961 πολλδ
320 2900 488 2982 οἰκουρούσας
504 2901 551 2961 καί
564 2901 622 2960 οὐδὲ
641 2898 688 2973 τὴν
713 2900 803 2961 αὔλιον
816 2902 990 2976 προελθούσας
1047 2897 1161 2973 δίδοντο,
1180 2896 1350 2977 χωνευόμενα
1374 2897 1417 2957 διδ
1432 2888 1605 2984 τδνχρυσόν·
1632 2896 1667 2976 (ο)
1693 2896 1786 2976 βίδλσι
1806 2922 1830 2957 τε

220 2989 303 3062 ποσί,
325 2989 371 3049 καί
399 2987 542 3068 παρθένους
564 2992 701 3070 εὐπρεπεῖς
724 2990 770 3049 καί
794 2990 895 3071 ὡραίας
916 2993 989 3066 λαμ·
1045 2984 1113 3066 ἰεραί
1128 2986 1174 3045 καί
1187 2990 1270 3061 θεῖαι,
1286 2984 1354 3044 ἀλλά
1367 2984 1399 3056 δή
1411 2985 1458 3044 καὶ
1470 2988 1521 3043 τῶν
1535 2984 1584 3053 ἔξω
1601 2988 1779 3061 μαθημάτων
1789 2990 1830 3045 καὶ

218 3079 287 3156 τράς
298 3102 327 3138 τε
342 3077 388 3137 καί
399 3081 528 3156 λαμπρῶν
543 3079 631 3138 οἰκιῶν
643 3078 690 3137 καί
703 3080 782 3160 μέχρι
801 3081 860 3140 τότε
874 3080 989 3161 ἀρρένων
1046 3074 1191 3153 φιλοσόφων
1206 3075 1234 3131 αἱ
1247 3076 1382 3146 πλεῖσται,
1396 3076 1425 3131 αἰ
1441 3071 1488 3148 μίν
1501 3072 1565 3151 πυρί
1588 3074 1787 3151 παρεδίδσντσ,
1805 3078 1830 3131 εἰ

218 3166 359 3244 ὀφθαλμοῖς
373 3165 438 3232 δλως
447 3165 603 3246 ἀψαύστους,
616 3165 662 3232 τδς
673 3166 722 3243 μίν
738 3167 784 3248 βίογ
797 3170 848 3226 τῶν
862 3168 988 3245 θαλάμων
1047 3161 1073 3220 δί
1085 3160 1184 3237 ἀτίμως
1195 3166 1406 3234 κατεπατοῦντο,
1421 3164 1449 3219 αἰ
1460 3160 1564 3226 πλείους
1576 3159 1604 3217 δέ
1616 3161 1711 3219 αὐτῶν
1726 3163 1756 3218 αὖ
1768 3162 1829 3242 πρὸς

219 3252 388 3327 ἐξελκομένας
400 3255 506 3325 ἀπηνῶς
514 3275 543 3312 τε
555 3253 612 3328 ἀμα
624 3254 668 3313 καί
678 3256 789 3323 ἀναιδῶς
799 3256 989 3335 ἀρπαζομένσις,
1047 3249 1171 3308 ἐπίδοσιν
1187 3250 1286 3326 μᾶλλον
1307 3248 1325 3319 ἢ
1347 3248 1421 3326 ύόριν
1436 3246 1481 3306 δύο
1496 3246 1514 3319 ἢ
1535 3249 1617 3328 τριῶν
1639 3250 1831 3325 νομισμάτων,

217 3339 264 3406 τάς
287 3338 446 3399 δέ-κακδν
465 3340 607 3407 αθταῖςέτι
621 3342 798 3417 κοιμωμέναις
819 3343 987 3421 ἐφιστάμενοι
1046 3336 1102 3395 ἐστι
1123 3336 1144 3396 δ’
1156 3335 1198 3395 θτε
1219 3337 1265 3395 καί
1274 3335 1374 3395 όόολῶν
1388 3335 1553 3395 ἀπεδίδοντο·
1598 3334 1635 3413 (ι)
1658 3335 1830 3414 τράπεζαιᾶ

217 3425 281 3506 δναρ
296 3427 386 3507 ἀνδρες
397 3425 519 3507 ξιφήρεις,
532 3428 683 3506 ᾑμαγμένοι
696 3427 741 3495 τάς
755 3437 847 3508 χεῖρας
860 3429 989 3511 τῷρόνῳ,
1045 3424 1113 3502 ἰεραί
1137 3426 1166 3483 ἐκ
1181 3423 1283 3503 βάθρων
1304 3426 1388 3483 αιἰτῶν
1404 3425 1555 3483 ἀνεσπῶντο
1574 3422 1622 3481 καί
1639 3423 1829 3503 ἀνετρέποντο.

218 3520 302 3591 θυμοῦ
315 3514 451 3588 πνέοντες,
475 3515 577 3596 φονικὸν
596 3516 747 3594 βλέποντες,
766 3516 859 3594 ἄσημα
881 3519 991 3599 φθεγγό-
1046 3511 1130 3589 τοῖχοί
1151 3533 1180 3569 τε
1198 3515 1250 3569 τῶν
1265 3509 1371 3569 ἀόάτων
1391 3510 1437 3569 καί
1452 3510 1595 3590 ἀψαύστων
1608 3509 1702 3568 τόπων
1717 3512 1829 3591 ἀνεγιν-

218 3624 301 3677 μενοι,
317 3603 556 3682 ἀνιηρυθριασμένοι
571 3602 635 3680 πρὸς
653 3602 786 3662 πάντατὰ
799 3603 929 3684 χείριστα,
945 3603 992 3664 ἀπε
1046 3602 1127 3657 νῶντο
1137 3598 1182 3657 καί
1193 3598 1226 3657 εδ
1239 3601 1290 3658 τῶν
1305 3602 1423 3675 τεμενῶν
1432 3598 1490 3678 ἰερά
1505 3598 1552 3671 ἐδη
1565 3599 1762 3678 ἀνωρύττετότε
1775 3600 1824 3657 καί

218 3693 316 3760 πλῆθος
329 3689 471 3767 ξύμμικτον
488 3688 616 3763 όντες,ἐκ
629 3690 823 3759 παντδςέθνους
838 3691 883 3751 καί
898 3694 991 3770 γένους
1046 3684 1243 3761 ’minimo
1268 3688 1311 3746 ἐπὶ
1332 3686 1439 3761 ζητήσει
1456 3692 1570 3767 χρυσοῦ,
1596 3686 1667 3746 ἄλλα
1691 3710 1719 3745 τε
1736 3689 1827 3745 πολλὰ

219 3777 264 3837 καλ
286 3776 368 3857 πάγης
394 3778 599 3856 ξυνειλεγμένοι,
618 3777 709 3856 ῶσπερ
733 3782 809 3858 θῆρες
838 3778 923 3859 ἀγρισι
945 3780 991 3840 καί
1045 3781 1154 3834 τοιαῦτα
1169 3777 1308 3850 ἐτολμᾶτο.

219 3863 346 3945 ἀνήμεροι
372 3866 535 3937 ἐσπηδῶντες
564 3868 590 3933 ἐς
610 3864 656 3932 τάς
680 3865 764 3932 οἰκίας
793 3864 837 3925 καί
869 3865 991 3945 σύροντες
1087 3860 1193 3925 Lxlll.
1208 3865 1243 3925 Οί
1258 3864 1283 3924 δί
1296 3864 1339 3923 ἐπὶ
1353 3866 1399 3921 τοῦ
1411 3863 1498 3940 ἐτέρου
1511 3863 1613 3942 τείχους
1626 3864 1830 3940 τεταγμένοιτε

218 3954 316 4028 ἀιμῶς,
331 3950 463 4025 ἐλκοντες,
488 3953 703 4031 σπαράσσοντες,
728 3954 893 4033 βιαζόμενοι,
916 3954 990 4013 ἀποί-
1045 3951 1091 4011 καί
1105 3953 1248 4031 μαχόμενοι
1262 3951 1331 4010 κατά
1344 3956 1392 4031 γῇν
1409 3976 1437 4011 τε
1457 3954 1503 4011 καί
1522 3953 1662 4011 θάλασσαν
1688 3956 1833 4032 δυστυχεῖς

217 4060 305 4115 γοντες
326 4041 459 4118 αἰσχρῶς,
477 4040 521 4099 ἐπὶ
532 4044 585 4098 τῶν
606 4040 713 4119 τριόδων
732 4040 877 4120 ύόρίζοντες
896 4040 942 4101 καί
963 4040 990 4099 τί
1045 4038 1176 4116 Ῥωμαῖοι
1189 4039 1334 4114 νομίζοντες
1348 4044 1401 4105 σῷν
1420 4028 1486 4098 εἰναι
1504 4039 1552 4111 τὴθ
1576 4041 1654 4099 πόλιν
1668 4041 1719 4099 καί
1735 4046 1831 4100 κακῶν

220 4126 302 4184 δεινὸν
315 4125 374 4203 οὐχί
386 4130 530 4193 ποιοῦντες·
545 4126 610 4206 φασί
627 4128 658 4204 γέ
673 4150 714 4186 τοι
731 4125 829 4193 πολλάς
843 4129 929 4186 αιἰτῶν
944 4127 990 4186 καί
1046 4129 1135 4199 ἀπαθῆ
1150 4126 1195 4185 καί
1209 4129 1303 4193 παῖδας
1317 4129 1362 4185 καὶ
1377 4127 1502 4204 γυναῖκας
1513 4126 1661 4205 ἐλευθέρους
1674 4128 1684 4205 ἰ
1696 4128 1759 4186 οὐδὲ
1775 4128 1830 4205 γὰρ

218 4209 282 4289 πρδς
296 4210 377 4284 μόνην
393 4210 461 4284 ἀήθη
477 4210 525 4281 τήν
536 4214 596 4273 θίαν
608 4236 636 4273 τε
647 4215 693 4274 καί
706 4214 787 4285 ἀκοήν
796 4214 895 4273 τούτων
909 4237 992 4273 κατα·
1044 4214 1141 4295 ᾔδεσάν
1157 4236 1199 4272 πω
1212 4215 1246 4272 τδι
1258 4214 1549 4293 γινόμενα),·εὐρώστως
1563 4237 1591 4272 τε
1605 4217 1774 4293 ἠγωνίζοντο
1788 4219 1834 4273 κεί

218 4297 362 4375 πλαγείσας
377 4298 452 4377 ἐγγὺς
465 4300 547 4359 ἐλθεῖν
557 4302 659 4380 ἀφεῖναι
673 4304 718 4361 καί
730 4302 884 4384 τήνίννχήν·
902 4304 934 4383 [ε]
951 4302 989 4360 ἐτι
1045 4301 1112 4379 μετά
1125 4300 1214 4381 ῥώμης
1227 4301 1355 4376 ἠμύνοντο
1373 4301 1432 4366 τοὺς
1445 4300 1563 4368 ἐπιόντας
1577 4303 1622 4359 καί
1644 4304 1834 4363 ἀπεωθοῦντσ.

244 4559 268 4604 κ.
280 4552 518 4618 προστυγχανόντων]
531 4555 566 4603 εἰσ
576 4568 611 4604 m.
628 4560 654 4613 ις
665 4555 759 4617 ἰγτνγχ,
770 4569 804 4605 m.
815 4563 836 4607 1-
855 4558 865 4620 Ι]
878 4584 910 4595 -
922 4557 938 4620 §
952 4566 975 4609 ε.
988 4558 1142 4622 ξυνωμοσίας]
1153 4557 1292 4619 συνοροτίας
1301 4554 1389 4617 codex,
1398 4556 1508 4619 utsupra
1516 4568 1538 4605 c.
1550 4560 1593 4605 52.
1604 4552 1651 4618 Ι-
1663 4556 1680 4618 §
1695 4554 1766 4612 5τᾶες
1777 4560 1834 4607 ἃ..

217 4622 291 4671 κακὸν
299 4626 346 4673 etc.
356 4623 367 4687 ]
379 4626 508 4674 structum
517 4624 676 4686 grammatica
688 4625 712 4674 in
725 4626 835 4677 oratione
847 4627 930 4677 vivida
937 4628 1075 4691 negligitur.
1091 4628 1101 4693 Ι]
1113 4656 1146 4665 -
1158 4630 1240 4691 ἄσημα
1254 4624 1419 4690 φθεγγόμενοι]
1430 4626 1491 4675 Ηεσο
1502 4624 1627 4675 adduntur
1638 4625 1664 4674 in
1677 4628 1808 4689 margine.
1824 4630 1834 4689 1]

217 4718 247 4727 -
259 4691 347 4757 δεινὸν]
358 4694 432 4742 κακον
445 4705 537 4755 πιειςο.
554 4695 565 4756 Ι]
578 4692 631 4757 -§
646 4700 670 4743 ο.
683 4696 798 4759 ὀλολυγῇ]
814 4697 850 4747 εἰσ
862 4711 895 4747 ιιι.
907 4705 931 4761 2,
946 4698 1071 4761 θλολυγμῷ
1080 4712 1114 4749 ιιι.
1133 4705 1153 4749 1.

248 4762 326 4813 Lxll.
342 4762 357 4826 §
377 4767 398 4811 ἰ.
412 4761 529 4825 Ἆμφόδωυ
550 4763 693 4828 ἐρριπτεῑτο]
707 4764 743 4814 sic
753 4778 787 4814 m.
803 4772 826 4827 2,
836 4767 860 4817 ἀ.
872 4768 991 4833 ἰρρίπτετο
1005 4782 1039 4818 m.
1053 4773 1075 4818 1.
1092 4767 1103 4831 ΙΙ
1117 4794 1148 4805 -
1159 4769 1175 4834 §
1186 4776 1209 4819 2.
1224 4766 1396 4832 χωνευόμενοι]
1411 4784 1463 4831 χον.
1473 4766 1528 4817 cod.
1544 4766 1571 4816 h.
1585 4766 1602 4817 ἰ.
1614 4769 1642 4817 εἰ
1651 4780 1714 4817 mox
1724 4768 1834 4819 ilerum.

220 4830 230 4881 ἰί
252 4856 284 4867 -
300 4832 464 4896 ποννροτάτοις
476 4830 551 4896 ἀνδρ]
565 4834 688 4890 Ἰουδαίοις
701 4846 766 4897 mgo.
783 4835 793 4897 ΙΙ
808 4862 838 4871 -
851 4837 928 4898 βίδλοι
940 4836 1007 4902 σία]
1021 4839 1062 4889 Cf.
1077 4840 1196 4903 Dueasp.
1207 4844 1261 4900 8¹2,
1277 4842 1303 4889 14
1318 4857 1325 4888 :
1340 4838 1383 4894 τίει
1394 4839 1419 4888 δί
1435 4839 1528 4901 βίδλους
1543 4836 1640 4895 ἁπάσας
1650 4839 1713 4901 ὑπὲρ
1729 4840 1836 4902 ἀριθμόν

217 4902 401 4963 θπεράαινούσας
416 4911 468 4959 ταῖς
479 4902 576 4965 ἀμάξαις
588 4904 771 4966 φορτηγήσαντες
783 4906 922 4969 ἁπανταχοῦ
937 4908 961 4955 ἐν
970 4912 999 4969 τ]
1018 4907 1119 4971 ἀνατολῇ
1138 4910 1178 4957 καῖ
1190 4910 1256 4958 δύσει
1270 4908 1415 4973 διέσπειραν·
1438 4908 1468 4956 δι’
1490 4908 1540 4962 ἐνός
1554 4906 1705 4968 νομίσματος
1716 4910 1782 4957 δέκα
1801 4912 1836 4969 βί·

217 4969 269 5017 ὅλοι
282 4970 466 5036 ἐπιπράσκοντο,
480 4971 675 5036 Ἆρεστοτε).ικαί,
693 4974 853 5037 Πλατωνικοί,
866 4978 999 5036 θιολογικαί
1013 4978 1054 5025 καὶ
1069 4978 1126 5027 ἀλλο
1137 4983 1185 5027 πᾶν
1203 4978 1263 5035 εἰθος
1280 4976 1373 5041 βίθλου·
1387 4975 1511 5045 εὐαγγέλια
1524 4975 1586 5037 μετὰ
1599 4976 1696 5039 κόσμου
1713 4980 1836 5027 παντοίσο

217 5038 277 5103 ἰνπὶρ
294 5042 389 5105 μέτρον,
403 5042 552 5099 ἀνασπῶντες
566 5043 606 5091 τὸν
618 5042 705 5105 χρυσὸν
718 5045 759 5091 καὶ
768 5045 930 5107 τὸνάργυρον,
941 5045 992 5095 ἀλλ’
1002 5046 1123 5109 ἐπώλουν,
1140 5046 1191 5097 ἀλλ’
1207 5046 1321 5111 ἐρριπτον.

247 5109 334 5160 Lxlll.
356 5112 395 5161 cr.
407 5115 489 5162 Dum
497 5126 522 5177 p.
535 5111 789 5176 294,.01ιείιοοοιιθγ1.
804 5127 829 5177 ρ.
842 5116 896 5165 397.
