3809 5859
658 742 1104 848 ΚΡΙΤΟΒΟΥΛΟΥ
1142 747 1468 842 ΕΠΙΣἹῸΛΗ

261 982 323 1058 πρὸς
337 998 377 1043 τὸν
395 990 504 1055 μίγιστον
526 991 697 1057 αὐτοκράτορα,
710 994 859 1081 περιάγουσα
872 995 911 1043 τὸν
930 997 1022 1081 ρκοπδν
1034 1001 1085 1081 μου
1105 998 1210 1059 βιῶίοο,
1222 999 1263 1047 καί
1276 1000 1307 1048 τὰ
1322 999 1347 1047 ίν
1364 998 1429 1062 αὐτῷ
1447 1001 1597 1065 ἱστορούμενα
1611 1009 1659 1056 κατ’
1676 1010 1807 1076 &tumult
1887 991 1888 1080 γ

299 1110 350 1123 .....
834 1082 877 1123 την
890 1066 1277 1131 αίτιοοιδηλωιαατῆςξυγγρπρής.

302 1210 481 1290 Αὐτοκράτορι
492 1210 605 1288 μεγίστῳ
616 1212 721 1288 βασιλεῖ
732 1210 859 1288 βασιλέων
867 1211 1028 1290 Μεχεμάτει,

265 1298 385 1376 εὐτυχεῖ,
395 1300 502 1376 νικητῇ,
513 1296 696 1377 τροπαιούχῳ,
708 1299 881 1377 θριαμόευτῇ,
894 1298 1028 1379 ἀηττήτῳ,

261 1384 343 1465 κυρίῳ
356 1389 404 1461 γῆς
415 1386 460 1443 καί
477 1383 609 1456 θαλάσσης
624 1388 681 1442 θεοῦ
698 1384 840 1461 θελήματι,
856 1386 1030 1463 Κριτόόουλος

262 1473 351 1539 δοῦλος
362 1472 478 1544 εὐτελής.

302 1561 414 1619 Πολλῶν
431 1558 476 1617 καί
500 1557 620 1635 μεγάλων
648 1556 730 1637 ἔργων
756 1557 895 1638 αὐτουργὸν
918 1556 981 1617 όντα
1000 1582 1030 1619 σε

261 1650 344 1727 δρῶν,
360 1637 382 1705 ὦ
399 1644 505 1723 μέγιστε
528 1644 714 1725 αὐτοκράτωρ,
727 1647 773 1703 καί
792 1647 896 1705 πολλῶν
918 1646 964 1709 καί
978 1668 1029 1722 με·

261 1734 349 1813 γόλων
364 1737 415 1791 τῶν
434 1732 518 1791 πάλαι
534 1731 602 1811 φημί
621 1734 773 1809 στρατηγῶν
792 1730 879 1791 τεκαὶ
900 1732 1029 1810 βασιλέων

261 1828 422 1901 κρατοῦντα,
440 1822 469 1879 οὐ
484 1820 561 1898 μόνον
581 1822 692 1899 Περσῶν
706 1842 734 1877 τε
754 1818 864 1877 καὶτῶν
883 1818 969 1878 οίλλων
986 1844 1031 1898 γε·

261 1912 327 1983 νῶν,
342 1910 408 1967 ἀλλά
421 1908 453 1979 δή
468 1907 512 1966 καί
527 1906 668 1985 Ῥωμαίων
683 1906 769 1965 τεκαὶ
784 1904 932 1979 Ἑλλήνων,
944 1906 988 1966 ἐπί
1002 1930 1030 1965 τε

260 1996 320 2075 δόξῃ
336 1996 380 2055 καί
396 1997 500 2077 ἀνδρείογ
515 1996 562 2055 καί
580 1994 701 2075 φρονήσει
713 1994 758 2053 καὶ
770 1999 932 2074 στρατηγικῇ
949 2000 1029 2072 ἀρετῇ

260 2083 313 2143 οὐδ’
329 2083 388 2143 ὅσον
404 2084 497 2151 ἐξεῖναι
510 2083 555 2141 καί
572 2082 763 2160 παραόάλλειν,
779 2084 807 2140 οὐ
828 2082 925 2141 δίκαιον
942 2082 1029 2163 ᾠήθην

262 2172 371 2239 ἐκείνους
381 2170 427 2248 μίν
439 2172 485 2230 καί
493 2173 526 2231 τδι
537 2172 640 2230 ἐκείνων
651 2169 714 2251 ἔργα
724 2171 769 2228 καί
778 2168 883 2247 πράξεις
893 2168 919 2237 ἐξ
931 2169 1029 2228 ἐκείνου

260 2258 340 2339 μέχρι
356 2258 401 2318 καί
416 2264 460 2316 νῦν
482 2263 514 2337 τῇ
536 2258 644 2336 διαδοχῇ
666 2261 712 2315 τοῦ
735 2255 829 2334 χρόνου
849 2257 1029 2337 παραδοθέντα

258 2355 316 2413 ταῖς
334 2346 503 2417 Ἑλληνικαῖς
526 2344 649 2422 ἱστορίαις
671 2344 716 2403 καί
741 2343 898 2425 ίυγγραραῖς
922 2344 1029 2425 ᾅδεσθαι

261 2434 306 2493 καί
325 2434 502 2509 θαυμάζεσθαι
522 2430 596 2510 παρά
627 2439 693 2489 πᾶσι
716 2431 761 2490 καί
778 2430 883 2508 μνήμης
901 2432 927 2499 ἐς
945 2430 1026 2491 ἀίδιον

261 2520 413 2594 ἀπολαύειν,
424 2520 452 2579 σί
464 2519 506 2590 δὲ,
516 2524 629 2577 τοιοῦτον
640 2518 700 2577 ὄντα
711 2516 755 2576 καί
764 2521 931 2591 τηλικοῦτον,
942 2519 1028 2590 πάσης

259 2630 287 2665 τε
302 2607 393 2687 σχεδὸν
408 2612 455 2679 τῆς
469 2608 511 2687 ὑφ’
522 2606 597 2677 ήλίου
615 2611 759 2686 κρατοῦντα
775 2606 819 2664 καί
833 2610 965 2686 λαμπροῖς
982 2607 1028 2666 καί

262 2697 386 2775 μεγάλοις
402 2694 590 2772 σεμνυνόμενον
605 2692 705 2773 ἔργοις,
720 2696 746 2759 ἐς
765 2692 809 2752 τδν
832 2693 922 2754 ἔπειτα
936 2694 1028 2773 χρόνον

261 2784 409 2865 ἀμάρτυρον
425 2783 494 2862 ἐχειν
509 2784 555 2854 τήν
571 2781 674 2862 ἀρετήν,
688 2781 733 2839 καί
747 2780 781 2840 τέ
798 2784 909 2841 πλείστα
921 2781 966 2839 καί
979 2780 1028 2856 με’-

260 2896 338 2950 γιστα
355 2873 400 2932 καί
413 2874 541 2931 κάλλιστα
555 2874 607 2928 τῶν
628 2870 708 2948 ἔργων
723 2872 775 2929 τῶν
789 2872 841 2928 σῶν
861 2868 949 2948 ὥσπερ
970 2868 1028 2929 τινά

259 2962 310 3017 τῶν
334 2962 438 3040 ἀραιῶν
463 2958 508 3017 καί
532 2956 629 3025 ἀδόξων
650 2958 779 3033 μηδεμιᾶς
800 2960 861 3033 γοῦν
887 2955 1028 3032 μνήμηςή

259 3044 407 3127 ξυγγραφῆς
423 3047 579 3117 Ἑλληνικῆς
600 3044 708 3112 ἀξιῶσαι
727 3042 785 3111 τοὺς
805 3050 866 3119 νῦν,
880 3046 938 3102 ἀλλ’
954 3046 1027 3103 ε’ἀσαε

259 3138 340 3192 ταῦτα
363 3132 445 3205 λήθης
466 3133 646 3210 παραδοθῆναι
669 3134 767 3209 βυθοῖς,
790 3129 835 3187 καί
857 3129 890 3187 τδι
907 3131 954 3205 μὲν
973 3132 1025 3189 τῶν

260 3220 345 3276 οίλλων
359 3217 435 3295 ἔργα,
446 3217 545 3295 σμικρά
558 3240 586 3275 τε
600 3216 663 3275 ὄντα
676 3216 721 3275 καί
733 3218 791 3273 κατ’
803 3214 876 3274 οὐδὲν
891 3215 1027 3274 ἐπεοικότα

258 3308 311 3371 τοῖς
325 3312 393 3379 σοῖς,
407 3305 473 3361 πολό
488 3326 527 3362 τοι
547 3302 733 3383 ἐπιφανέστερα
748 3302 792 3361 καί
804 3304 989 3380 ἐπικυδέστερα
1000 3306 1026 3368 ἐς

259 3392 406 3471 ἀνθρώπους
420 3390 496 3449 ἕνεκά
508 3412 537 3467 γε
548 3388 684 3460 Ἑλλήνων
695 3388 741 3447 καί
753 3394 799 3461 τῆς
810 3389 944 3459 Ἑλλήνων
956 3392 1026 3447 icco·

248 3480 315 3556 ,ρίας
328 3478 462 3556 γενέσθαι,
474 3479 519 3544 τὰς
535 3477 561 3535 δὲ
575 3480 622 3543 σάς
636 3476 758 3557 πράξεις,
772 3477 897 3555 μεγίστας
909 3500 936 3535 τε
949 3477 1027 3544 οὔσας

258 3567 301 3625 καὶ
316 3570 373 3624 κατ’
384 3567 455 3624 οὐδὲν
466 3564 616 3631 ἀπεοικυίας
627 3568 678 3622 τῶν
692 3564 858 3643 Ἀλεξάνδρου
871 3569 916 3622 τοῦ
932 3567 1026 3624 Μακε-

1085 1205 1157 1273 δόνος
1172 1207 1283 1266 καὶτῶν
1302 1212 1361 1268 κατι
1373 1212 1470 1270 ἐκεῖνον
1492 1217 1637 1291 στρατηγῶν
1656 1240 1681 1275 τε
1697 1220 1735 1279 καὶ
1750 1228 1807 1300 βαη.

1085 1293 1165 1369 λίων,
1179 1294 1217 1371 μή
1235 1298 1375 1368 ἑλληνικῶς
1387 1302 1412 1365 ἐς
1424 1297 1484 1365 τοὺς
1491 1296 1620 1370 Ἕλληνας
1633 1306 1749 1375 ἐκδοθῆναι
1759 1314 1807 1387 μηδὲ

1084 1383 1123 1461 τῷ
1139 1381 1207 1458 μετά
1221 1390 1303 1443 ταῦτα
1324 1385 1411 1466 χρόνῳ
1431 1388 1610 1464 παραδοθῆναι
1631 1392 1654 1455 ἐς
1674 1394 1762 1453 ἐπτινον
1778 1399 1811 1473 μὲν
1887 1411 1888 1452 t

1087 1470 1179 1548 ἀγήρω
1192 1470 1238 1528 καί
1252 1470 1331 1548 τιμήν
1345 1478 1389 1533 τοῦ
1407 1476 1619 1553 κατωρθωκότος,
1633 1478 1727 1552 μίμημα
1743 1482 1765 1542 δὲ
1780 1487 1812 1543 χαὶ
1887 1513 1888 1536 1

1085 1555 1198 1633 μάθημα
1215 1558 1354 1618 κάλλιστον
1373 1569 1427 1627 τοῖς
1449 1561 1612 1630 σπουδαίοις
1623 1565 1702 1626 καίτοι
1719 1567 1814 1645 σόγεδ]

1085 1644 1163 1721 μόνος
1184 1648 1313 1725 βασιλέων
1327 1647 1345 1719 ή
1360 1649 1456 1727 κομιδῇ
1480 1648 1524 1717 [bv
1545 1648 1636 1728 ὀλίγοις
1655 1652 1710 1731 ἔργα
1727 1654 1814 1736 {unibat

1085 1732 1132 1791 καί
1144 1731 1236 1811 λόγους
1247 1736 1291 1791 καί
1305 1736 1457 1817 φιλοσορίαν
1472 1737 1520 1795 καί
1534 1738 1680 1815 βασιλείαν,
1692 1744 1705 1797 θ
1717 1742 1815 1808 ateleto

1087 1846 1101 1871 ι
1112 1820 1234 1898 βασιλεύς
1245 1824 1269 1878 τ’
1281 1823 1375 1899 ἀγαθὸς
1387 1822 1512 1902 κρατερός
1525 1847 1554 1881 τε
1567 1826 1683 1903 μαχητής
1692 1854 1712 1883 ι.
1748 1829 1774 1904 (ο)
1783 1832 1817 1889 Διό

1086 1908 1118 1979 δή
1135 1931 1181 1985 μοι
1195 1909 1241 1967 καὶ
1253 1909 1385 1988 προσῆκόν
1397 1934 1425 1969 τε
1437 1910 1494 1985 ἅμα
1512 1911 1558 1970 καί
1578 1911 1671 1971 δίκαιον
1682 1914 1818 1994 ίδοίετγιη
1879 1901 1880 1912 ¹

1088 1997 1173 2074 ἀγαθῇ
1187 1995 1255 2075 τόχῃ
1271 1997 1431 2077 θαρρήσαντι
1444 1997 1487 2057 τδν
1509 1997 1627 2077 παρόντα
1642 1999 1711 2059 πόνον
1724 2003 1820 2069 ἀναδέξαι·

1087 2086 1163 2153 σθαι,
1178 2083 1223 2140 καί
1240 2081 1285 2147 τδις
1298 2084 1347 2149 σάς
1361 2084 1494 2160 ἀριστείας
1512 2085 1559 2144 καί
1571 2084 1685 2164 πράξεις,
1697 2090 1772 2167 πολλῶ
1783 2094 1819 2148 τῶν
1880 2083 1881 2120 ³

1086 2167 1174 2226 ἄλλων
1189 2169 1359 2249 διαρεροόσας
1372 2172 1442 2229 κατά
1455 2195 1484 2231 τε
1506 2176 1605 2244 πλῆθος
1627 2173 1670 2231 καί
1689 2175 1823 2251 μέγεθος,ίις

1084 2246 1137 2313 οἶόν
1148 2256 1176 2315 τί
1185 2280 1229 2332 μοι
1238 2302 1246 2329 ,
1256 2249 1379 2336 ἐλληνικῇ
1390 2258 1528 2338 ίυγγραμῇ
1539 2260 1707 2338 παραδοῦναι.
1727 2264 1755 2339 μ]
1763 2260 1821 2327 ’ίοως

1085 2342 1131 2418 μὲν
1146 2344 1196 2422 γίιρ
1216 2344 1262 2403 καὶ
1277 2346 1369 2405 πολλοί
1389 2350 1440 2404 τῶν
1463 2347 1616 2424 ἐλλογίμων
1629 2347 1736 2427 ’Apatna
1753 2352 1823 2407 τεκαὶ

1084 2432 1194 2506 Περσῶν
1217 2430 1401 2511 ἀκριόίστερον
1424 2433 1610 2513 ἀναγράψομεν
1630 2432 1720 2501 ταότας
1736 2437 1822 2499 καὶτοῖς

1083 2516 1173 2597 ἐρείῆς
1182 2518 1399 2596 παραδώσουσιν,
1409 2520 1587 2597 ἐπιστάμενοί
1601 2544 1629 2579 τε
1640 2523 1721 2587 καλῶς
1731 2521 1770 2578 καί
1779 2544 1826 2596 ταρ-

1082 2605 1288 2677 ηκολουθηκότες
1307 2615 1360 2675 τοῖς
1381 2609 1479 2685 ἔργοις·
1496 2609 1573 2669 οὐδὲν
1594 2608 1622 2667 δέ
1637 2599 1687 2667 οἷον
1699 2611 1769 2677 ἡτῶν
1781 2607 1825 2664 'li-

1083 2695 1170 2764 λήνων
1190 2696 1276 2773 φωνή,
1292 2694 1414 2770 μέγιστον
1436 2696 1539 2774 ἐχουσα
1554 2694 1631 2775 παρδι
1644 2706 1707 2755 πᾶσι
1723 2694 1825 2759 Acta.

1084 2783 1201 2841 Κάκεῑνα
1224 2781 1272 2855 μὲν
1298 2782 1412 2858 Πέρσαις
1432 2782 1479 2841 καί
1504 2780 1621 2864 Ἄραψιν
1646 2784 1715 2842 ἔσται
1736 2783 1827 2860 γνώριμα
1883 2823 1884 2832 .

1085 2867 1171 2944 μόνοις
1192 2868 1238 2927 καί
1258 2876 1311 2935 τοῖς
1329 2864 1450 2929 ἐπαΐουσι
1463 2868 1517 2943 τήν
1533 2873 1641 2929 ἐκείνων
1660 2869 1754 2951 ρωνήν·
1768 2875 1829 2926 ταῦτα

1084 2956 1111 3014 δὲ
1127 2958 1175 3034 οὔχ
1186 2955 1303 3027 Ἕλλησι
1318 2957 1411 3032 μόνον,
1424 2957 1496 3015 ἀλλά
1512 2959 1561 3016 καί
1576 2967 1631 3025 τοῖς
1644 2958 1760 3037 ἑσπερίοις
1769 2958 1830 3015 ana

1083 3047 1135 3101 τῶν
1150 3045 1248 3115 γενῶν,
1263 3041 1308 3100 καί
1323 3043 1354 3113 δν]
1372 3044 1488 3111 καὶτοῖς
1502 3044 1556 3112 ἔξω
1571 3047 1682 3117 Στηλῶν
1695 3045 1738 3103 καί
1747 3053 1789 3108 τοῖς
1797 3043 1830 3108 τίς
1883 3077 1884 3080 =

1083 3129 1257 3206 Βρεταννικδις
1270 3129 1364 3200 νήσους
1379 3134 1480 3190 οἰκοῦσι
1494 3132 1545 3191 καί
1560 3135 1670 3199 πολλοῖς
1689 3132 1767 3196 ἄλλοις
1778 3131 1831 3200 κοινή

1082 3240 1122 3284 τις
1135 3216 1209 3275 ἔσται
1221 3217 1356 3295 φιλοτιμία
1370 3218 1415 3276 καί
1424 3222 1518 3295 θαῦμα
1530 3221 1559 3285 ἐς
1571 3219 1621 3291 τήν
1631 3218 1729 3279 ἐκείνοιν
1741 3220 1830 3293 γλῶτται

1082 3302 1286 3381 ίρμηνευθίντα,
1317 3301 1455 3385 μιλίλλησί
1485 3328 1517 3363 τε
1543 3295 1606 3365 οθσι
1632 3307 1678 3365 καί
1699 3305 1730 3363 τίι
1752 3308 1833 3362 minin

1081 3390 1243 3457 σπουδαίοις.
1284 3390 1322 3450 Ὃ
1333 3389 1364 3461 δή
1378 3415 1411 3466 με
1422 3393 1468 3451 καί
1484 3395 1594 3468 μᾶλλον
1610 3395 1692 3472 ἐπῆρε
1703 3392 1832 3471 πρθςτιδτι,

1081 3477 1192 3543 πολλοὺς
1206 3478 1271 3545 ἕξειν
1292 3478 1457 3555 λογιζόμενον
1473 3479 1526 3537 καλ
1550 3479 1648 3561 κριτάς
1664 3479 1707 3539 καί
1731 3478 1835 3557 μάρτυρος

1081 3569 1128 3635 τῆς
1140 3568 1203 3638 ἐνῆς
1221 3564 1377 3643 ξυγγραφῆς.

288 3732 407 3782 critobuli
418 3746 480 3795 opus
495 3736 619 3788 superstes
638 3734 675 3779 est
688 3730 712 3779 in
735 3744 783 3779 nno
792 3730 876 3779 codice
895 3731 936 3791 qni
954 3733 1067 3779 aervatnr
1079 3730 1287 3793 Constantinopoli
1299 3731 1324 3779 in
1336 3730 1488 3781 bibliotheca
1501 3732 1593 3795 palatii
1604 3732 1753 3796 imperatoris
1766 3733 1837 3779 'turm

257 3817 321 3853 rmn.
334 3804 469 3852 Praemissae
483 3816 542 3853 vero
555 3802 664 3865 epistolae
681 3802 743 3851 duas
762 3800 881 3851 babemus
896 3801 1061 3859 recensiones,
1075 3801 1176 3850 alteram
1192 3800 1408 3863 brevioremque
1423 3802 1477 3851 sola
1491 3817 1565 3852 nunc
1580 3805 1607 3852 in
1623 3803 1708 3852 codice
1721 3804 1803 3859 eistat,
1813 3796 1837 3845 el·

257 3877 335 3923 teram
356 3873 575 3937 plenioremque
597 3872 621 3921 in
635 3886 723 3921 manus
736 3871 804 3921 venit
821 3870 952 3920 Alexandri
969 3870 1090 3921 bobanow
1111 3870 1238 3933 principis,
1253 3884 1268 3919 a
1281 3885 1331 3933 qao
1350 3876 1437 3920 nactas
1453 3886 1515 3922 eam
1533 3873 1740 3923 Tischenrlorlins
1751 3868 1839 3919 edilitin

258 3946 358 3993 [lotitia
371 3944 492 3993 editionis
506 3942 599 3991 codicis
615 3942 764 3991 Bibliomtm
777 3942 895 3990 straottici
912 3942 989 4004 (Alps.
1006 3942 1074 4000 litet)
1084 3954 1111 4002 p.
1126 3946 1181 3990 123.
1200 3942 1284 4002 lianc,
1293 3954 1368 4003 quam
1379 3941 1450 3990 litera
1462 3945 1487 3992 B
1503 3943 1642 4003 indicabo,
1651 3944 1677 3992 in
1689 3944 1791 3991 contextu
1801 3950 1839 3985 νει·

257 4013 346 4062 borum
365 4012 477 4070 extribui;
499 4010 621 4073 quomodo
635 4011 665 4059 ab
682 4011 759 4061 altera
777 4010 819 4073 (A)
830 4010 943 4072 diflerat,
959 4010 984 4058 in
995 4009 1149 4060 annotatione
1162 4011 1274 4060 monebo.

287 4085 315 4131 1ιι
324 4082 424 4129 titnloA
436 4094 484 4129 non
495 4080 569 4130 babet
579 4080 653 4129 verba
672 4084 712 4129 καὶ
726 4083 756 4129 τὰ
768 4082 792 4129 ἐν
808 4080 871 4141 αὐτῷ
887 4080 1039 4143 ἱστορούμενα
1053 4080 1106 4128 κατ’
1120 4081 1242 4141 ἐπιτομήν.
1254 4079 1266 4142 1]
1279 4106 1311 4116 -
1322 4078 1462 4143 lle-penitet]
1483 4083 1674 4134 Nominativns
1694 4079 1802 4131 incodice
1818 4079 1842 4124 al

257 4151 329 4201 modo
342 4154 477 4213 Μεχεμὲτης
489 4150 561 4199 modo
582 4152 718 4213 Μεχέμιτις.
732 4150 803 4212 Apud
818 4150 952 4199 Laenicum
964 4149 1112 4210 clracondyl.
1128 4152 1166 4199 est
1177 4152 1316 4213 Μιχμέτης,
1328 4164 1367 4213 ap.
1383 4153 1479 4199 Ducam
1494 4155 1626 4215 Μαχεμέτ.
1641 4156 1669 4202 ln
1687 4150 1788 4200 {bertini
1800 4150 1842 4195 Ριε

170 4246 172 4253 ι
257 4221 307 4271 culi
319 4220 426 4271 carmine
436 4220 467 4269 de
478 4224 548 4283 capta
559 4220 707 4270 nonsnnnn
720 4221 771 4283 (ed.
786 4226 814 4269 A.
825 4220 927 4269 Ellissen
941 4219 966 4269 in
977 4220 1118 4269 Analecten
1131 4219 1180 4269 der
1189 4219 1313 4269 mittet-o.
1327 4219 1479 4283 neeprtecb.
1494 4226 1653 4273 Literotnr.
1664 4220 1713 4272 vol.
1725 4220 1768 4281 111)
1778 4218 1844 4281 legitn

257 4291 438 4343 Machmcltca.
451 4294 478 4341 ln
489 4292 605 4353 Anonymi
615 4290 711 4340 Threno
722 4292 753 4340 rle
767 4295 837 4353 capta
848 4292 976 4340 Constant.
987 4290 1035 4351 (ed.
1047 4290 1147 4339 Ellissen
1161 4290 1177 4340 l.
1191 4289 1396 4353 1.)11αχυυμίτης.
1411 4296 1439 4342 ln
1454 4294 1561 4356 scripto
1580 4295 1683 4343 Sullani
1691 4293 1755 4355 quon
1763 4289 1845 4354 pertinet

256 4361 444 4411 annectionem
454 4361 545 4411 Galate
555 4365 604 4423 (ap.
616 4364 740 4420 Hammon,
754 4360 840 4410 Goaria.
856 4360 900 4411 dea
913 4373 1015 4411 οιιιιαιι.
1034 4360 1156 4423 lletcltcs,
1165 4363 1225 4411 tom.
1240 4363 1259 4422 1,
1280 4374 1304 4423 p.
1322 4362 1379 4422 675)
1394 4362 1428 4410 ita
1441 4362 1528 4413 babes
1541 4384 1549 4413 ι
1564 4364 1633 4426 Ἐγὼ
1648 4367 1662 4413 ο
1675 4366 1745 4428 μέγας
1763 4361 1845 4412 οὐθένας

256 4433 296 4481 καὶ
317 4432 388 4493 μέγας
407 4432 494 4493 ἀμυράς
515 4432 639 4486 σουλτᾶνος
656 4432 806 4493 όΜεχμὲτ
819 4432 893 4493 μπέης
905 4432 918 4479 ί
929 4432 979 4486 υῑδς
998 4435 1039 4479 τοῦ
1057 4430 1158 4492 μεγάλου
1176 4431 1286 4479 αὑθέντου
1303 4433 1343 4479 καί
1355 4431 1458 4492 μεγάλου
1472 4434 1564 4497 ἀμυρᾶ
1573 4435 1711 4484 σουλτάνου
1723 4438 1762 4481 τοῦ
1775 4430 1847 4488 λΙιυμιτ

256 4502 331 4563 μπίη.
346 4502 474 4564 ’ομνιίω...
486 4502 517 4556 είς
526 4502 566 4550 τὸν
579 4502 650 4561 μέγαν
666 4502 783 4561 προρήτην
795 4502 836 4550 τὸν
849 4500 982 4563 111ωάμεθ
996 4503 1045 4550 etc.
1058 4503 1147 4550 Forma
1155 4500 1261 4549 nominis
1274 4500 1521 4563 neminemnam
1531 4517 1583 4553 nos
1596 4505 1678 4555 etiam
1685 4498 1847 4566 imperatorne

256 4572 380 4621 vindicare
396 4572 511 4629 solemus,
530 4570 604 4620 ancl
613 4584 660 4619 non
671 4572 772 4620 utuntur
781 4571 828 4620 nisi
845 4571 876 4619 (le
890 4570 1010 4633 propheta
1023 4570 1157 4633 loquentes.
1170 4574 1200 4620 V.
1212 4574 1241 4619 A.
1253 4573 1283 4619 1).
1295 4571 1463 4633 Mordtmann,
1481 4574 1667 4638 Βαίαρετιιιιρ
1680 4589 1708 4624 ιι.
1724 4570 1848 4627 nelma

257 4642 484 4704 Conatanttnopcls
500 4643 557 4689 laea
572 4654 596 4703 p.
612 4643 663 4689 147.
679 4639 689 4703 Ι]
703 4666 731 4675 -
747 4642 898 4701 Κριτόθουλος
918 4643 999 4696 δοῦλος
1011 4639 1113 4703 εὐτελής]
1125 4645 1167 4702 Κρ.
1182 4640 1314 4700 νησιώτης,
1330 4642 1409 4695 δοῦλος
1422 4646 1471 4687 τῶν
1489 4643 1592 4691 δούλων
1604 4650 1657 4691 τῶν
1670 4650 1728 4693 σῶν.
1739 4646 1766 4691 A.

287 4714 301 4775 §
315 4718 336 4763 1.
349 4710 507 4774 αὐτοκράτωρ]
523 4710 562 4759 Sic
580 4710 610 4759 h.
625 4709 643 4759 l.
655 4710 709 4772 et§
727 4714 741 4759 4
763 4724 806 4773 pro
832 4711 975 4775 αὐτόκρατορ
988 4724 1020 4760 ex
1030 4724 1099 4759 more
1116 4710 1163 4759 aevi
1181 4710 1309 4771 sequioris.
1325 4710 1376 4773 11-
1388 4712 1487 4776 ἀνδρείᾳ
1502 4715 1550 4761 καὶ
1569 4714 1699 4777 φρονήσει]
1717 4712 1812 4776 cpolim
1822 4707 1849 4751 ¹²i

256 4784 349 4849 ἀνδρείᾳ
364 4786 397 4833 A.
412 4782 423 4845 1]
434 4808 465 4817 --
476 4782 499 4837 ἐς
512 4780 596 4842 ἀίδιον]
608 4781 640 4836 τίς
654 4781 678 4829 ιἰ.
691 4782 713 4828 Β
725 4783 751 4829 et
761 4780 871 4829 simililer
883 4780 907 4829 in
919 4794 972 4843 sqq.
986 4780 997 4842 ΙΙ
1011 4808 1042 4820 -
1051 4784 1151 4829 πλεῖστα
1163 4780 1215 4843 καὶ]
1232 4780 1321 4829 desunt
1333 4780 1359 4828 ln
1368 4784 1396 4829 A.
1413 4780 1424 4843 ΙΙ
1439 4806 1471 4817 -
1483 4782 1685 4848 ἐπικυδέστερα]
1700 4784 1736 4833 sic
1749 4786 1777 4841 A;
1787 4782 1851 4831 tarn·

255 4855 352 4917 δέστεροι
376 4856 398 4903 B
418 4866 468 4902 sec,
480 4851 538 4901 edit.
550 4850 633 4901 Tisch.
646 4849 657 4913 ΙΙ
677 4876 707 4887 -
718 4850 819 4913 πράξεις]
836 4851 919 4913 πρᾶξαι
935 4854 962 4899 A.
980 4850 991 4914 Ι]
1007 4879 1035 4887 -
1049 4850 1240 4913 κατωρθωκότος]
1258 4852 1351 4913 κατορθ.
1370 4853 1424 4902 AB.
1440 4850 1451 4913 [Ι
1473 4878 1511 4887 —
1529 4854 1661 4917 συνῆψας]
1682 4846 1851 4916 eampum-il

256 4948 287 4960 ·-
297 4924 432 4986 βασιλεὺς...
446 4922 554 4984 κρατερός
564 4938 589 4970 τε
601 4919 718 4983 μαχητής]
730 4920 794 4969 siout
806 4925 970 4983 Agamemnon
980 4934 1019 4983 ap.
1035 4923 1136 4971 Homer.
1151 4920 1179 4970 ll.
1193 4925 1216 4980 3,
1234 4924 1277 4971 179
1291 4942 1298 4971 ι
1312 4921 1418 4982 βασιλεύς
1428 4922 1450 4969 τ’
1463 4921 1565 4983 ἀγαθὸς
1583 4926 1703 4989 κρατερός
1716 4924 1735 4973 τ’
1746 4921 1850 4985 αἰχμητής-

287 4994 302 5057 §
318 5002 340 5047 2.
350 4994 474 5057 ξυγγραφῇ]
485 5009 556 5053 συγγ.
569 4996 597 5041 A.
609 4995 633 5041 et
645 5005 702 5040 mox
714 4991 811 5040 lterum.
824 4990 915 5039 Eadem
927 4991 1088 5040 inconstantia
1099 5005 1143 5055 pet
1154 4994 1234 5041 tntum
1242 5003 1304 5051 opus
1315 4990 1416 5041 obtinet.
1429 4991 1541 5055 Ubique
1552 4996 1663 5058 reposui
1676 4996 1772 5045 literam
1784 4997 1802 5049 ί.

287 5062 302 5127 §
315 5068 338 5113 θ.
351 5070 399 5119 τοῖς
414 5062 500 5125 ἐφεξῆς]
509 5068 556 5119 τοῖς
572 5064 634 5123 ἑξῆς,
647 5065 673 5111 et
683 5061 708 5109 in
717 5060 825 5123 margine
840 5062 889 5123 μεθ’
897 5063 959 5120 ἡμᾶς
971 5066 1001 5110 A.
1016 5061 1026 5123 Ι]
1035 5089 1066 5096 -
1074 5063 1116 5119 τήν
1125 5060 1220 5111 ἐκείνων
1230 5060 1316 5123 ςωνήν]
1325 5067 1366 5118 τῆς
1376 5062 1415 5111 ἐκ.
1427 5068 1514 5124 φωνῆς
1524 5066 1562 5124 Β,
1573 5078 1628 5116 em.
1640 5062 1810 5120 Tiscbendori;
1818 5063 1856 5109 τοῖς

255 5136 296 5193 τήν
309 5134 402 5184 ἐκείνων
414 5134 522 5183 ἐπαίουσι
536 5136 640 5194 γλῶτταν
661 5137 690 5181 A.
705 5131 715 5195 ΙΙ
726 5158 757 5168 -
770 5129 929 5195 Βρεττανικὰς]
948 5133 1086 5193 Βριτανικάς
1107 5132 1167 5180 An.
1184 5132 1298 5181 Celerum
1310 5130 1341 5179 cl.
1358 5130 1483 5180 Leonteus
1500 5132 1733 5199 Chalcowndylas
1740 5148 1765 5198 p.
1774 5136 1797 5193 t,
1813 5135 1856 5179 12:

256 5207 320 5265 Μηδὲ
331 5205 407 5255 ἐκεῖνό
416 5220 443 5263 γε
453 5204 514 5254 πάνυ
523 5206 642 5267 ἐκραύλως
660 5205 715 5267 ἔχον
731 5207 795 5265 ἡμῖν,
813 5205 845 5257 ὡς
856 5203 979 5265 Ἑλληνική
988 5209 1053 5266 φωνῇ
1062 5207 1136 5252 ταῦτα
1147 5204 1257 5264 διέξιμεν,
1273 5203 1323 5251 ἐπεί
1335 5204 1351 5260 1]
1367 5219 1394 5264 γε
1405 5207 1452 5251 τῶν
1467 5204 1605 5265 Ἑλλήνων
1620 5210 1691 5270 φωνὴ
1708 5209 1808 5266 πολλαχῆ
1826 5201 1858 5249 inl

255 5278 297 5333 τήν
311 5276 446 5337 οἰκουμένην
459 5275 592 5341 διέσπαρταΙ
609 5276 648 5323 καὶ
665 5277 758 5337 συχνοῖς
773 5272 980 5335 ἐγκαταμέμικται.
