3809 5859
158 355 219 414 isl-
834 349 1085 416 AGATHANGE.

199 483 228 563 [S
250 482 314 560 56]
324 482 452 539 Peudant
464 483 505 537 ies
516 483 601 538 treize
620 483 723 537 annees
735 483 934 557 queGregoire

158 574 288 647 sdjourna
305 573 374 628 dans
386 572 414 626 ta
432 589 552 626 caverne
572 570 716 646 profonde
737 570 778 626 du
796 572 933 646 chateau,

157 680 214 718 nne
226 679 314 717 venre
324 661 377 735 qui
388 660 455 715 etait
466 659 536 715 dans
550 677 582 714 ce
592 661 727 734 chilteau,
742 671 827 732 ayant
837 661 933 734 appris
1030 651 1060 728 [S
1075 649 1137 732 57.]
1151 655 1177 709 Α
1191 662 1264 710 cette
1275 657 1403 730 έροιγυα,
1414 657 1441 713 te
1451 658 1497 714 roi
1512 662 1640 720 Tiridate
1648 667 1766 740 expedia

158 769 195 806 en
208 768 296 824 songe
310 769 340 805 sa
354 749 502 823 captivitat,
523 749 668 824 prdparait
682 747 792 820 chaque
808 748 876 820 jour
892 767 932 803 nn
988 761 1028 796 un
1038 741 1098 798 edit
1108 742 1179 798 dans
1189 754 1282 800 tontes
1290 745 1331 800 les
1344 749 1475 802 contrees
1486 752 1651 808 soumisesa'r
1665 773 1697 810 sa
1711 756 1767 812 do·

158 841 231 914 petit
249 840 359 913 painel
375 837 519 911 lelanpait
537 836 607 891 dans
620 837 647 891 la
668 853 800 893 caverne.
823 838 878 892 Par
893 855 934 892 un
988 833 1128 886 mination
1143 831 1216 888 dont
1241 835 1317 888 voici
1336 835 1364 889 la
1377 846 1501 894 teneur:
1529 862 1542 889 α
1559 842 1702 912 Tiridate,
1718 849 1765 902 roi

158 927 226 982 eiict
239 927 275 983 de
284 928 311 982 ta
325 925 420 981 divisae
436 923 615 982 Providence
624 964 632 991 ‚
642 924 661 978 il
673 924 732 980 s’en
745 926 860 980 nourrii
876 925 933 981 du·
989 919 1026 974 de
1037 920 1065 975 la
1074 920 1351 991 Grande-Armenio,
1366 941 1421 979 aux
1431 926 1550 999 grands,
1567 948 1622 984 aux
1641 934 1765 1006 princes,

157 1027 223 1071 rant
234 1026 327 1070 toules
336 1014 376 1070 les
384 1015 486 1069 anndes
498 1013 567 1086 qu'il
577 1031 595 1086 y
607 1013 650 1067 tut
664 1013 798 1094 enterme.
811 1015 865 1068 Par
875 1031 933 1068 une
989 1026 1045 1063 aux
1059 1021 1201 1085 satrapes,
1218 1029 1273 1066 aux
1286 1012 1391 1084 prefets
1401 1016 1457 1068 eta
1471 1026 1536 1072 tous
1548 1036 1620 1074 ceux
1632 1022 1685 1094 qni
1699 1034 1767 1078 sont

158 1101 310 1159 faveurdu
321 1100 468 1177 Seigneur,
480 1102 501 1155 il
512 1101 647 1156 demeura
660 1103 758 1156 vivant
772 1101 842 1157 dans
857 1112 931 1158 cette
988 1114 1056 1152 sous
1064 1115 1111 1154 ma
1117 1100 1273 1172 puissance,
1284 1100 1355 1156 dans
1365 1102 1406 1156 les
1413 1102 1530 1176 baurgs,
1541 1105 1612 1162 dans
1621 1109 1662 1164 les
1670 1111 1763 1186 vities,

159 1209 293 1260 saverne,
312 1192 352 1246 οὺ
373 1203 438 1246 tous
468 1208 539 1246 ceux
562 1189 686 1264 qu’ony
707 1188 789 1260 jetait
816 1209 933 1245 mouru-
989 1184 1060 1240 dans
1068 1186 1109 1241 les
1121 1187 1253 1262 vittages‚
1270 1187 1340 1244 dans
1353 1189 1393 1244 les
1402 1207 1583 1268 campagnes,
1596 1215 1653 1252 aux
1662 1199 1767 1255 nobles

157 1291 223 1336 rent
239 1298 294 1355 par
310 1281 382 1335 suite
402 1280 437 1335 de
459 1277 572 1334 l'odenr
590 1277 676 1333 le'tide
699 1277 736 1334 de
753 1279 779 1334 ta
793 1277 875 1352 iunge
898 1278 935 1334 de
989 1284 1018 1328 et
1030 1291 1067 1328 au
1080 1277 1203 1349 peuple,
1216 1277 1232 1330 a
1243 1287 1307 1333 tous
1322 1278 1397 1332 salut
1410 1281 1577 1355 igalement.
1594 1287 1719 1342 Puissent
1733 1289 1763 1344 la

158 1387 190 1422 ce
204 1363 351 1436 bourbier,
367 1369 402 1423 de
416 1368 445 1422 la
464 1367 592 1440 quantite'
613 1365 648 1422 de
668 1367 783 1439 reptiles
807 1378 836 1422 et
850 1366 886 1422 de
907 1367 934 1422 la
988 1364 1066 1417 sonte
1078 1375 1107 1418 et
1116 1364 1144 1418 ta
1154 1367 1314 1438 prosperii&
1324 1385 1395 1424 vous
1410 1371 1520 1425 arriver
1536 1389 1605 1428 avec
1616 1374 1699 1431 l’aide
1714 1375 1768 1432 des

156 1455 337 1530 prolondeur
349 1456 385 1511 de
401 1457 428 1510 ta
441 1474 570 1511 caverna.
582 1456 625 1509 En
645 1453 727 1525 estet,
742 1473 774 1510 ce
790 1455 848 1510 lieu
865 1456 934 1510 erait
988 1448 1093 1521 dienx;
1116 1471 1173 1508 une
1193 1453 1358 1510 abundante
1377 1456 1493 1513 fertilite
1514 1479 1569 1534 par
1592 1462 1619 1517 ie
1637 1465 1765 1538 puissant

156 1545 417 1617 particulierement
429 1543 561 1598 destinis
576 1559 647 1598 ceux
657 1540 709 1616 qui
727 1539 853 1598 s’dtaient
863 1561 932 1599 ren·
987 1541 1143 1609 Ammaed,
1159 1543 1186 1597 ta
1196 1545 1358 1617 protection
1371 1544 1408 1601 de
1421 1547 1448 1600 la
1461 1549 1570 1622 grande
1582 1550 1677 1608 deesse
1690 1559 1764 1610 Ana·

158 1633 212 1688 dus
221 1632 377 1706 coupables
388 1630 575 1687 d'homieidcs
589 1649 624 1686 en
633 1632 777 1689 Arme'nie.
988 1631 1063 1699 trid,
1086 1642 1114 1685 et
1133 1649 1173 1685 un
1194 1632 1286 1704 grand
1304 1618 1426 1709 conrade
1449 1653 1503 1711 par
1525 1639 1551 1693 ie
1568 1641 1688 1696 raittant
1707 1646 1765 1700 Va-

1230 579 1237 594 .
1336 497 1411 552 xii.

156 1803 200 1853 par
210 1791 288 1838 Μοῖσα
297 1787 446 1838 delibortne
455 1787 513 1852 (liv.
524 1790 563 1848 11,
574 1787 613 1837 cti.
623 1790 661 1848 75,
673 1791 716 1848 79,
727 1794 766 1848 82,
780 1787 929 1852 85)d’aprbs
937 1788 1075 1852 illisione,
1087 1790 1243 1854 aujourd'hui
1256 1791 1364 1856 perduc,
1377 1793 1410 1844 de
1420 1795 1556 1859 Firmitien‚
1567 1800 1660 1863 traque
1670 1802 1702 1852 de
1715 1803 1765 1852 Ge·

156 1867 239 1926 sarde,
248 1880 297 1929 que
307 1865 443 1916 l'annaliste
452 1865 575 1915 armenico
593 1879 608 1914 a
625 1865 738 1916 resumta
749 1865 811 1915 dans
823 1879 868 1916 sou
883 1866 954 1916 livre.

157 2016 235 2090 σῃγς,
254 2016 342 2097 ἄχρως
368 2015 466 2097 ὑψηλὸς
488 2015 535 2074 καὶ
556 2014 656 2082 πλατὺς
669 2021 703 2097 τῇ
717 2015 819 2097 ἡλικίᾳ,
833 2015 930 2084 Ὅστις
986 2019 1120 2068 admodum
1134 2021 1234 2071 ettatns
1249 2024 1353 2072 statura.
1370 2023 1418 2072 liic
1429 2024 1497 2074 omui
1507 2027 1620 2090 tempore
1636 2042 1683 2078 suo
1695 2029 1766 2082 belli-

156 2105 243 2164 πάντα
257 2103 301 2163 τδν
316 2102 409 2184 χρόνον
423 2105 502 2162 αὐτοῦ
512 2105 647 2182 πολεμῶν,
661 2104 794 2183 ἐλάμόανε
808 2104 842 2164 τὰ
856 2128 931 2178 νικη·
984 2139 1086 2190 gemus,
1105 2127 1215 2178 victoriae
1237 2130 1339 2194 praempa
1361 2132 1497 2195 reportavit
1515 2133 1580 2184 inter
1602 2135 1758 2200 gudjam·

154 2192 234 2274 τήρια
250 2197 344 2260 ἐντοῖς
359 2191 530 2272 μονομάχοις.
551 2192 725 2270 Κτησάμενος
743 2193 770 2252 δὲ
789 2193 834 2252 καί
848 2193 930 2271 ὄνομα
986 2232 1094 2283 omento
1116 2235 1191 2285 mam
1211 2237 1308 2288 nomine
1333 2238 1441 2302 glorioso
1477 2253 1522 2304 per
1540 2244 1624 2292 totum
1643 2243 1765 2294 mmm.

155 2280 345 2361 καυχήματος,
359 2279 470 2350 ἔστησεν
484 2279 618 2352 ἀθλήσεως
631 2280 705 2353 νίκην
721 2285 749 2340 ἒν
771 2281 824 2362 ὅλῳ
838 2287 876 2364 τῷ
891 2280 933 2340 κό·
1449 2276 1456 2301 ’

155 2393 225 2450 σμῳ.
267 2369 314 2430 Ἐν
337 2377 391 2437 τοῖς
409 2369 483 2437 ἰδίοις
505 2377 605 2450 καιροῖς
619 2368 746 2438 ἐπάταξεν
769 2373 796 2428 ε’ν
818 2373 933 2448 πληγαῖς

156 2459 286 2537 μεγάλαις
305 2455 364 2525 τοὺς
388 2456 510 2537 ἐχθροὺς,
526 2458 571 2516 καί
586 2459 712 2530 ἐζήτησεν
729 2457 863 2530 ἐκδίκησιν
876 2461 930 2517 τῶν

154 2547 289 2626 προγόνων
309 2549 401 2604 αὐτοῦ·
428 2545 523 2604 ἔλαθεν
545 2549 630 2606 σκῦλα
645 2548 731 2606 πολλὰ
751 2546 804 2608 άπὸ
820 2551 872 2606 τῶν
885 2552 932 2618 τῆς

153 2634 292 2713 Ἀσσυρίας
314 2638 419 2714 μερῶν,
438 2633 484 2692 καὶ
505 2634 625 2717 ἀφείλετο
647 2635 770 2717 ὑπάρξεις
793 2635 930 2714 μεγίστας·

155 2717 276 2778 ἐνίόαλεν
299 2722 334 2786 εἰς
355 2720 487 2800 ῥομφαίαν
510 2721 539 2778 τὸ
557 2721 710 2799 στράτευμα
733 2725 785 2780 τῶν
818 2724 930 2800 Περσῶν

153 2807 200 2865 καί
215 2807 368 2867 ἀπέσπασεν
382 2811 467 2866 σκῦλα
483 2807 579 2868 πολλά.
598 2807 722 2886 Ἐγίνετο
741 2809 833 2886 θδηγδς
852 2833 934 2889 στρα-

154 2893 486 2975 τοπεδάρχαιςῬωμαίων,
495 2895 541 2954 καί
549 2895 932 2978 παρέδωκεντδιςπαρεμόολδς

155 2985 252 3044 αὐτῶν.
268 2981 411 3050 Ἐξίόαλεν
428 2983 552 3062 στρατιθιν
565 2982 685 3061 Οθννων,
705 2985 752 3043 καί
772 2984 932 3064 ᾐχμαλώτι-

154 3092 198 3128 σεν
212 3069 246 3130 τδι
261 3069 327 3149 μέρη
343 3074 389 3141 τῆς
401 3069 539 3152 Περσίδος.

192 3159 210 3234 S
232 3157 278 3217 56.
300 3157 348 3218 Ἐν
361 3156 388 3216 δὲ
402 3167 455 3225 τοῖς
475 3159 716 3238 τεσσαρεσκαίδεκα
732 3157 829 3237 ἔτεσιν,
843 3163 870 3219 ἐν
892 3149 934 3228 οἷς

152 3245 257 3325 γέγονεν
268 3250 281 3305 θ
294 3245 365 3326 ἅγιος
377 3245 520 3328 Γρηγόριος
530 3251 556 3308 ἐν
567 3251 605 3328 τῷ
617 3247 725 3329 κάστρῳ
735 3252 782 3321 τῆς
799 3252 929 3329 φυλακῆς,

152 3339 227 3416 ἐντῷ
239 3335 378 3416 βαθυτάτῳ
389 3335 521 3416 χάσματι,
536 3337 600 3416 γυνὴ
615 3336 663 3414 μία
678 3336 767 3418 χήρα,
778 3340 887 3397 οἰκοῦσα
901 3341 928 3397 ἐν

152 3425 243 3502 ἐκείνῳ
256 3429 294 3505 τῷ
318 3424 443 3508 κάστρῳ,
469 3429 683 3506 χρηματισθεῖσα
702 3424 754 3484 ἀπό
776 3426 923 3505 ὁράματος,

150 3515 317 3588 καθεκάσιην
331 3515 409 3598 ἄρτον
422 3520 533 3574 ποιοῦσα
549 3515 668 3593 ἕτοιμον,
682 3515 802 3598 ἔρριπτεν
816 3514 890 3574 κάτω
902 3519 930 3578 ἐν

151 3607 190 3685 τῷ
201 3604 338 3684 χάσματι,
360 3603 405 3664 καί
428 3605 509 3671 οἱίτως
523 3603 645 3685 ἐτρέφετο
660 3605 713 3663 άπὸ
728 3608 775 3675 τῆς
797 3609 843 3663 τοῦ
858 3609 928 3667 Θεοῦ

152 3691 294 3758 κελεόσεως
307 3692 341 3752 τά
359 3693 404 3766 ἔτη
421 3696 520 3766 ἐκεῖνα,
538 3697 564 3753 ἐν
587 3685 623 3760 οἷς
637 3693 738 3771 ἔμεινεν
753 3693 852 3751 αὐτόθι.
874 3697 928 3753 Aa·

151 3781 195 3851 τδς
215 3781 266 3863 γὰρ
281 3786 308 3842 ἐν
332 3787 369 3862 τῷ
384 3786 494 3863 κρημνῷ
516 3782 607 3862 ἐκείνῳ
630 3781 791 3862 ἐφυλάττετο
816 3783 858 3841 διδι
880 3788 928 3856 τῆς

151 3869 262 3950 χάριτος
276 3875 322 3928 τοῦ
339 3869 405 3929 ἰδίου
421 3869 560 3932 δεσπότου.
576 3874 611 3930 Oi
633 3872 685 3953 γὰρ
699 3869 775 3931 ἄλλοι
797 3869 929 3950 ἄνθρωποι

153 3958 267 4039 ριφίντες
285 3961 339 4018 ἐκεῖ
353 3957 477 4031 ἔθνησκον
493 3959 579 4017 ἕνεκεν
598 3963 645 4031 τῆς
663 3960 809 4032 δεινότητος
822 3957 867 4017 καὶ
881 3961 928 4034 τῆς

151 4047 257 4129 πικρίας
270 4047 316 4107 καί
328 4046 472 4121 κακότητος
492 4053 537 4106 τοῦ
552 4047 647 4121 τόπου,
659 4049 762 4107 καὶτοῦ
785 4046 924 4128 βορόόρου,

150 4136 196 4195 καί
216 4140 268 4196 τῶν
283 4136 366 4219 όφεων
386 4141 439 4196 τῶν
453 4136 620 4214 ἐγκειμένων,
643 4135 690 4196 καὶ
713 4142 760 4208 τῆς
783 4137 927 4214 βαθύτητος

150 4229 240 4288 αὐτοῦ.
257 4225 309 4286 dai
322 4225 373 4304 γὰρ
398 4225 457 4292 τοθς
480 4225 640 4304 κακούργους
655 4222 812 4306 ᾠκοδομήθη
830 4227 925 4292 ἐκεῖνος

149 4317 163 4372 δ
176 4312 269 4387 τόπος,
285 4314 330 4373 καὶ
344 4317 379 4382 εἷς
397 4314 505 4374 κόλασιν
520 4312 627 4373 πάντων
642 4317 693 4372 τῶν
715 4309 865 4372 καταδίκων
877 4317 925 4384 τῆς

149 4401 292 4482 Ἀρμενίων
306 4401 407 4484 χώρας.

189 4491 207 4567 S
229 4491 277 4565 57.
302 4487 380 4550 Μετδι
401 4488 428 4548 δὲ
446 4495 530 4548 ταῦτα
546 4489 681 4548 ἐκέλευσεν
696 4486 887 4568 θΤηρηδάτιος
910 4491 924 4544 ό

149 4577 273 4656 βασιλεὺς
300 4576 448 4657 γράμματα
472 4581 697 4658 καταπεμφθῆναι
723 4579 849 4655 πανταχῆ
875 4579 923 4648 τῆς

147 4666 213 4734 ἰδίας
225 4666 343 4735 ἐξουσίας
354 4669 380 4725 ἐν
402 4663 486 4745 τούτῳ
498 4669 536 4745 τῷ
557 4664 648 4746 τόπιρ·
662 4663 829 4746 Τηρηδάτιος
844 4668 923 4742 βασι·

146 4755 257 4828 λεθςτῆς
265 4756 382 4836 μεγάλης
392 4753 528 4836 Ἀρμενίας
540 4756 593 4822 τοῖς
604 4755 796 4833 μεγιστᾶσικαί
809 4753 918 4832 ἄρχουσι

986 2336 1127 2388 luctationis
1146 2340 1276 2391 victoriam
1290 2342 1409 2392 extendit·
1425 2345 1581 2408 intempore
1604 2361 1651 2397 suo
1664 2361 1766 2413 magnas

986 2437 1091 2488 inimicis
1103 2440 1187 2491 intulit
1206 2441 1301 2504 clades,
1311 2446 1338 2493 et
1348 2443 1483 2494 vindictam
1500 2448 1685 2510 progenitorum
1702 2464 1761 2501 suo·

986 2541 1477 2609 rumespetivitzobtinuitspoliamnlta
1486 2549 1637 2613 expertibus
1646 2553 1764 2616 Assyriae,

986 2643 1012 2691 et
1017 2641 1116 2694 divitias
1127 2643 1230 2696 abstulit
1237 2647 1372 2699 martium:
1385 2648 1521 2700 exercitum
1533 2653 1662 2702 Persarum
1671 2666 1763 2716 magna

986 2745 1068 2806 strage
1087 2745 1223 2808 percussit,
1249 2748 1377 2812 multaque
1394 2749 1515 2801 abstraxit
1540 2752 1625 2815 spolia.
1648 2752 1764 2804 Ducibus

986 2825 1151 2901 Romanorum
1166 2853 1247 2902 sactus
1260 2857 1299 2904 est
1313 2854 1410 2918 ductor,
1425 2860 1451 2907 et
1465 2857 1565 2908 ordines
1577 2862 1715 2928 castrorum
1728 2860 1764 2910 eis
1872 2873 1877 2878 ·

985 2949 1102 3010 praebuit.
1113 2950 1190 3014 Ejecit
1202 2945 1338 3002 exercitum
1348 2955 1495 3005 Humerum
1504 2993 1511 3017 ,
1521 2959 1547 3007 et
1556 2956 1583 3006 ln
1593 2959 1765 3022 captivitatem

985 3049 1057 3101 duait
1070 3052 1164 3100 tractus
1181 3051 1296 3103 Persidis.

1015 3155 1085 3218 §dd
1098 3154 1175 3204 Annis
1196 3169 1255 3206 sero
1271 3155 1319 3207 iltis
1333 3157 1536 3220 quatuordecim,
1551 3159 1644 3222 quibus
1663 3164 1763 3210 sanctus

985 3267 1118 3329 Gregorius
1127 3267 1242 3318 manebat
1254 3268 1279 3317 iu
1293 3271 1374 3318 castro
1391 3269 1514 3332 carceris,
1527 3270 1553 3320 in
1566 3270 1758 3335 profundissimo

983 3373 1068 3438 hiato,
1083 3376 1173 3427 mulier
1190 3376 1305 3442 quaedam
1323 3376 1414 3438 vidua,
1434 3375 1549 3427 habitam
1564 3377 1589 3425 tn
1603 3380 1683 3427 castro
1701 3377 1759 3439 ilio,

983 3490 1102 3540 divinitus
1114 3503 1160 3553 per
1174 3489 1294 3540 visionem
1311 3489 1421 3551 monita,
1440 3489 1552 3552 quotidie
1564 3503 1653 3554 panem
1667 3504 1760 3554 praepa-

983 3603 1065 3651 ratum
1077 3599 1192 3651 mittebat
1206 3600 1323 3650 deorsum
1337 3599 1364 3649 in
1383 3599 1496 3661 hiatum,
1513 3603 1540 3650 ct
1557 3601 1594 3651 sic
1606 3600 1760 3652 nutriebatur

982 3710 1099 3761 mandato
1108 3711 1153 3760 Dei
1165 3708 1306 3773 summittis,
1321 3708 1411 3772 quibus
1421 3708 1514 3759 ibidem
1525 3709 1623 3760 mansit.
1637 3712 1699 3760 Nam
1707 3711 1759 3774 ipse

981 3823 1008 3873 in
1018 3823 1154 3888 precipitio
1166 3823 1209 3872 illo
1222 3823 1412 3873 conservabatur
1421 3823 1522 3873 caritate
1533 3823 1635 3873 Domini
1648 3823 1696 3873 sui.
1708 3823 1757 3873 Atii

981 3932 1047 3983 enim
1061 3931 1187 3992 homiues,
1208 3933 1249 3996 qui
1267 3933 1327 3983 illuc
1340 3937 1411 3984 eunt
1428 3935 1526 3997 injecti.
1543 3935 1713 3986 moriebantur
1726 3934 1761 3985 ob

981 4042 1133 4104 molestiam,
1147 4020 1303 4093 acerbitatem
1317 4047 1342 4094 et
1351 4043 1516 4094 ratmuitatem
1526 4044 1586 4104 loci,
1598 4044 1630 4094 ob
1638 4044 1723 4093 lutum
1731 4047 1759 4094 et

981 4156 1118 4253 serpentes,
1133 4153 1177 4218 qui
1190 4156 1259 4204 eraut
1270 4154 1295 4202 iu
1310 4154 1431 4218 protunda
1441 4155 1483 4204 illa
1498 4168 1612 4204 caverna.
1630 4156 1693 4204 itam
1706 4166 1754 4216 pm

978 4264 1119 4316 bominibus
1135 4264 1264 4328 llagttiosis
1282 4266 1424 4315 aedificatus
1448 4268 1501 4316 erat
1516 4265 1564 4315 iste
1580 4265 1661 4326 locus,
1683 4266 1710 4314 et
1724 4265 1758 4314 ad

978 4376 1126 4441 supplicium
1135 4377 1246 4426 nmmum
1261 4377 1478 4427 condemnatorum
1491 4377 1597 4441 regionis
1609 4375 1739 4426 Annenie.

1008 4488 1075 4552 §52
1093 4489 1152 4537 Post
1174 4487 1229 4537 hac
1242 4487 1377 4538 Teredates
1396 4501 1552 4552 quocmnqm
1567 4501 1612 4552 per
1634 4487 1755 4537 ditionem

976 4620 1048 4658 suam
1058 4607 1154 4658 litteras
1166 4605 1300 4658 transmitti
1305 4606 1394 4670 jussit,
1406 4619 1463 4670 qum
1473 4605 1547 4670 hujus
1555 4607 1627 4655 erant
1636 4604 1745 4655 tenoris:

976 4723 1109 4775 Teredates
1121 4736 1164 4774 rex
1183 4735 1278 4787 magne
1298 4721 1420 4773 armenia
1440 4721 1610 4784 magnatibus,
1632 4718 1750 4777 ducibus,

146 4844 191 4905 καί
199 4845 348 4925 σατράπαις
358 4844 404 4904 καὶ
414 4843 455 4902 ἐπ’
465 4842 604 4916 ἐξουσίαις,
615 4843 661 4902 καὶ
672 4847 725 4911 τοῖς
737 4843 837 4910 λοιποῖς
851 4846 919 4913 ὑπη-
974 4845 1096 4909 satrapis,
1115 4843 1240 4909 prefectis
1251 4846 1278 4893 et
1291 4841 1392 4905 reliquis
1405 4841 1431 4891 in
1442 4840 1536 4891 ditione
1556 4854 1612 4890 mea
1631 4836 1754 4896 subdus,

145 4932 215 5002 κόοις
229 4933 338 5006 ὖπθτήν
355 4931 421 5009 ἐμὴν
446 4930 579 5004 ἐξουσίαν,
607 4929 776 5007 κωμοπόλεσι
795 4929 840 4988 καί
862 4927 917 4987 κώ-
973 4964 1083 5029 oppidis,
1101 4963 1163 5014 vids
1176 4961 1292 5023 mods,
1306 4960 1389 5011 liberis
1400 4960 1476 5010 simul
1494 4963 1519 5010 et
1532 4958 1649 5009 libertate
1661 4969 1749 5006 mm,

146 5045 209 5098 μαις
221 5022 265 5082 καὶ
282 5021 401 5102 χωρίοις,
425 5019 567 5100 ἐλευθέροις
578 5042 607 5079 τε
625 5021 692 5096 ὁμοῦ
713 5017 759 5078 καί
774 5013 917 5076 ἀπελευθέ-

146 5133 200 5190 ροις
221 5120 301 5170 πᾶσιν
322 5108 425 5191 εἰρήνη.
459 5107 575 5188 Πρόνοια
591 5107 698 5187 γένηται
726 5104 778 5167 ἀπὸ
796 5111 843 5182 τῆς
863 5107 915 5164 τῶν

145 5199 211 5257 θεῶν
222 5197 351 5278 βοηθείας,
358 5198 404 5258 καί
414 5199 513 5270 πλῆθος
522 5195 674 5274 ἐτοιμασίας
685 5195 738 5254 άπὸ
748 5199 794 5253 τοῦ
804 5195 917 5274 άνδρειυ-
975 5213 1046 5258 rnm‚
1061 5199 1087 5248 et
1101 5196 1234 5260 plurimum
1252 5193 1384 5245 alacritatis
1404 5207 1419 5243 a
1436 5191 1571 5243 fortissimo
1588 5192 1669 5252 Jove,
1689 5199 1750 5240 cura

972 5080 1054 5141 tibus,
1074 5077 1188 5143 omnibus
1200 5090 1293 5141 pacem.
1308 5075 1465 5126 Providentia
1476 5073 1510 5125 sit
1527 5073 1559 5124 ab
1575 5071 1668 5128 auxilio
1687 5069 1750 5121 ‹leo-
