3809 5859
168 331 227 392 ll8

167 458 305 520 Chosrods
325 459 479 516 rassembla
500 474 557 513 une
575 456 670 523 arme'e'
689 453 901 521 considerable,
913 454 941 510 la

166 563 300 626 partagea
310 568 346 604 en
355 549 495 614 cohortes,
505 556 541 611 et,
551 554 633 599 outre
642 541 805 614 sessoldats,
812 543 832 596 il
840 542 943 596 enlevu

167 639 317 709 beaucoup
331 635 454 691 d'autres
468 641 497 688 et
508 632 547 686 les
560 647 669 702 envoys
683 629 753 684 dans
764 629 804 683 les
816 629 943 682 contrees

855 317 1102 378 AGATHANGE.
1117 358 1122 368 .

1001 453 1038 519 il,
1045 451 1075 523 je
1086 469 1158 506 vous
1168 461 1294 524 promets
1304 469 1361 507 une
1372 450 1480 526 grande
1490 453 1689 526 ricompense3
1701 455 1725 510 si
1737 474 1777 510 on

998 540 1151 608 dieouvre,
1158 539 1272 594 disait-il
1279 557 1392 606 encore,
1400 540 1557 612 quelqu'un
1565 543 1615 613 qui
1623 543 1719 614 puisse
1727 563 1775 599 me

998 645 1103 701 venger
1116 637 1145 682 et
1168 628 1273 710 cglmer
1287 645 1333 682 ma
1351 628 1461 697 colere,
1481 626 1511 699 je
1534 630 1573 683 lui
1596 631 1735 689 donnerai
1749 633 1777 688 le

168 723 204 782 de
215 723 348 796 l’Assyrie
359 732 386 776 et
404 720 495 775 meme
509 717 576 773 cher
590 719 629 772 les
640 715 882 791 Arabes(Dadjilr)
899 711 940 789 ίι)
996 714 1103 770 εεοοιιᾱ
1115 713 1271 788 rang'dans
1289 733 1358 769 mon
1375 715 1484 789 empire
1510 727 1537 771 et
1561 717 1582 770 il
1604 717 1703 773 n’aura
1722 738 1776 774 au-

168 814 219 887 qui
232 811 359 867 s'e'taient
372 809 463 864 mines
477 824 553 880 pour
564 805 660 879 priter
668 805 731 860 leur
741 822 895 864 concours.
906 804 943 858 lls

168 897 346 957 devestirent
360 896 458 950 toutle
466 911 536 967 pays
547 903 575 948 et
585 894 731 948 revinrent
739 893 939 966 triomphants.

168 989 196 1043 si
208 987 277 1042 bien
294 1003 365 1058 que,
384 991 534 1056 ravageant
547 998 610 1035 sans
624 981 734 1036 relache
750 979 877 1053 pendant
894 980 944 1036 dix

168 1092 233 1144 ans,
244 1076 276 1129 ils
292 1071 438 1128 minarent
451 1079 515 1124 tout
527 1070 554 1124 le
568 1086 638 1144 pays
655 1069 738 1142 place
760 1087 826 1124 sous
846 1070 873 1124 la
892 1068 942 1124 de·

167 1163 315 1237 pendance
332 1160 371 1214 du
383 1159 428 1214 roi
441 1157 489 1213 des
503 1160 608 1213 Perses.
622 1157 752 1224 Celui-ci,
764 1166 870 1230 voyant
881 1168 943 1212 tous

169 1268 215 1306 ces
228 1250 379 1315 desastres,
394 1265 428 1302 en
447 1245 490 1300 lut
506 1245 636 1312 accablc',
651 1245 751 1300 abattu
765 1255 793 1311 et
808 1245 941 1314 trouble,

169 1348 198 1393 et
210 1338 230 1393 il
242 1356 278 1392 ne
290 1337 378 1391 savait
392 1334 459 1407 quel
471 1333 547 1406 parti
559 1332 692 1406 prendre.
705 1333 729 1386 ll
742 1331 774 1387 lit
788 1333 869 1388 venir
879 1332 943 1406 pres

163 1424 260 1480 delui
283 1435 346 1479 tous
366 1423 406 1477 les
427 1422 486 1476 rois
509 1431 538 1476 et
555 1421 595 1474 les
613 1438 821 1494 gouverneurs,
839 1421 878 1476 les
896 1439 944 1476 sa-

171 1523 263 1586 trapes
274 1524 303 1569 et
319 1513 360 1566 les
370 1511 530 1585 gendraux,
545 1509 584 1562 les
596 1507 671 1564 chefs
684 1520 713 1563 et
726 1510 772 1564 les'
781 1511 894 1581 princes
909 1509 944 1568 de

170 1619 222 1656 son
248 1617 397 1674 royaume,
421 1615 497 1670 pour
522 1597 595 1650 tenir
622 1597 728 1651 conseil
754 1613 822 1650 avec
846 1615 909 1654 eux.
921 1598 946 1651 ll

169 1687 209 1743 les
224 1687 341 1758 conjura
356 1697 421 1742 tous
436 1684 473 1740 de
490 1683 635 1740 s'essorcer
652 1683 669 1738 a
682 1693 801 1738 trouver
821 1681 945 1756 quelque

169 1794 274 1850 moyen
286 1774 321 1830 de
329 1773 451 1828 defense.
459 1795 471 1822 ι
480 1772 509 1827 Si
520 1789 558 1826 on
570 1781 670 1826 nouae
678 1789 717 1824 un
726 1787 844 1842 moyen,
851 1769 945 1825 disais-
970 1823 975 1832 ,

201 1950 237 2015 (1)
249 1954 296 2000 Les
314 1947 457 1998 armeniens
467 1946 576 1996 doment
586 1947 609 1996 le
621 1959 680 1995 nom
692 1945 723 1996 de
741 1943 841 2006 uadjss
857 1945 872 1994 t
888 1947 946 1994 tous

170 2023 206 2073 les
222 2035 269 2084 peu
287 2021 323 2069 les
335 2018 379 2081 qui
390 2018 528 2082 proiessent
543 2015 568 2066 la
585 2015 685 2079 religion
700 2014 871 2076 musilmaue,
890 2027 946 2064 sans

170 2092 310 2142 distinction
321 2087 353 2138 de
364 2087 515 2138 nationalitc.
527 2085 574 2146 lei,
587 2085 605 2135 il
614 2087 652 2136 cst
666 2085 780 2148 question
789 2085 845 2146 plus
855 2084 947 2148 specia-

170 2161 262 2210 lement
271 2157 316 2207 des
326 2157 418 2207 Arabes
429 2158 471 2221 qui
485 2157 578 2208 etaient
586 2158 678 2207 voisius
688 2155 718 2206 dc
727 2155 852 2218 l'hssyrie.

200 2229 236 2294 (1)
247 2227 340 2278 Pablar
358 2231 397 2278 est
412 2229 437 2278 la
450 2229 566 2292 province
580 2227 611 2276 de
623 2225 712 2285 Patala,
728 2226 787 2276 dont
799 2227 822 2276 le
833 2225 948 2276 chef-lieu

171 2299 262 2366 portait
276 2299 300 2348 le
318 2300 399 2349 meme
415 2312 482 2348 nom.
493 2299 574 2348 Zdnob
588 2297 619 2348 de
632 2297 692 2362 Glag
703 2297 798 2361 appelle
811 2301 877 2347 cette
892 2297 948 2346 ville

170 2523 217 2592 τῆς
238 2477 384 2598 προτέρας,
407 2518 553 2598 ἐπέδραμεν
576 2519 612 2585 εἰς
633 2516 667 2575 τθι
688 2516 756 2596 μέρη
772 2520 818 2586 τ111
836 2514 947 2598 Συρίας.

173 2606 373 2667 Συνεὺόλλοντο
388 2605 415 2664 δέ
430 2608 502 2687 αὐτῷ
514 2607 560 2666 καί
577 2608 605 2664 ul
619 2607 670 2663 τῶν
687 2608 851 2686 Σαρακηνῶν
865 2627 947 2684 στρα-

172 2702 239 2752 τεῖαι
263 2693 327 2772 πρὸς
347 2693 514 2772 συμμαχίαν.
557 2693 710 2759 Σκυλεύσας
734 2693 761 2750 δὲ
783 2692 828 2751 καὶ
844 2693 874 2752 τὸ
889 2690 947 2751 δεύ-

172 2804 258 2861 τερον,
279 2783 305 2839 ἐν
325 2780 424 2860 ἐπαίνῳ
446 2780 608 2861 ὑπέστρεψεν
626 2783 661 2846 είς
682 2779 742 2846 τοῦς
766 2781 845 2838 αὑτοῦ
868 2779 947 2848 ἰδίους

173 2869 283 2936 τόπους·
299 2869 345 2926 καλ
367 2874 457 2928 τοῦτον
480 2869 523 2927 τὀν
539 2868 634 2947 τρόπον
653 2867 744 2949 ἐφεξῆς
758 2868 802 2926 ἐπί
817 2866 881 2926 δέκα
899 2867 947 2939 ἐτη

173 2957 221 3029 τὴν
236 2955 451 3035 ὑποτεταγμέιην
464 2960 502 3037 τῷ
514 2959 565 3015 τῶν
580 2959 691 3037 Περσῶν
708 2957 810 3034 βασιλεῖ
829 2954 947 3024 ἐξουσίαν

172 3043 358 3124 κατέστρεψεν.
412 3045 509 3103 Ταῦτα
533 3035 576 3102 οὑν
607 3043 764 3120 θεασόμενος
787 3043 891 3104 ἅπαντα
915 3043 948 3102 sd

173 3133 243 3192 κακθ
266 3137 280 3191 ὑ
304 3135 356 3190 τῶν
378 3135 488 3211 Περσῶν
519 3131 640 3210 βασιλεὺς
659 3130 835 3210 κατειληφότα
858 3119 946 3210 ubilos,

174 3220 301 3298 συνεχύθη
317 3220 416 3301 σρόδρα
429 3219 475 3278 καὶ
488 3221 637 3298 διηπορεῖτο
649 3224 676 3279 ἐν
689 3224 784 3300 ἑαυτῷ.
822 3223 946 3300 Προσκα-

172 3307 315 3384 λεσιίμενος
328 3308 354 3366 δέ
375 3309 475 3376 πάντας
490 3307 549 3374 τοὺς
564 3309 679 3384 βασιλεῖς
694 3308 738 3366 καὶ
753 3311 888 3387 τοπάρχας
902 3308 946 3366 καί

173 3393 336 3476 στρατηγοὺς
348 3401 394 3467 τῆς
408 3394 475 3463 ἰδίας
487 3394 640 3462 δεσποτείας
661 3396 818 3470 συμόούλιον
834 3395 945 3472 λαμῦοί-

172 3505 235 3559 νειν,
262 3485 425 3561 παρακαλῶν
446 3483 548 3550 πάντας
571 3482 644 3541 λύσιν
665 3488 716 3542 τῶν
739 3487 827 3542 κακῶν
853 3485 945 3565 εὑρεῖν·

172 3573 323 3649 ὑπισχνεῖτο
350 3570 377 3628 δέ
400 3570 444 3630 καί
472 3571 593 3648 μείζονας
622 3571 719 3651 δωρεδς
745 3575 782 3652 τῷ
810 3571 945 3652 δυναμένῳ

172 3657 305 3728 ἐκδίκησιν
321 3657 478 3739 εἰσπρᾶξαι,
492 3659 715 3738 ἐπαγγελλόμενος
736 3657 762 3716 ἐν
779 3663 816 3739 τῷ
831 3661 944 3742 δευτέρῳ

173 3743 305 3822 ἀξιώματι
323 3751 370 3817 τῆς
393 3747 459 3815 ἰδίας
478 3747 631 3814 δεσποτείας
655 3747 826 3806 κατατάττειν
854 3747 943 3826 αὑτὸν,

171 3832 253 3910 λέγων
267 3833 307 3892 ὅτι
322 3837 354 3891 Ei
373 3835 418 3893 καί
431 3836 501 3894 πάνυ
519 3859 557 3902 τις
570 3839 623 3893 τῶν
644 3836 834 3917 ὑποδεεστέρων
854 3835 944 3917 τύχοι,

171 3918 242 3990 πλὴν
257 3925 302 3978 τοῦ
321 3923 385 3996 ἐμοῦ
400 3921 489 4001 θρόνου
509 3923 613 4002 πρώτου
628 3923 767 4006 φανέντος,
782 3927 846 4004 παρ’
860 3927 944 3983 αὐτῶν

171 4003 219 4078 τὴν
235 4005 294 4077 ίσην
313 4007 369 4083 μετ’
390 4008 436 4082 ἐμὲ
456 4008 539 4088 ἐχέτω
553 4011 646 4086 τιμήν.

184 4166 189 4180 Ι
212 4094 229 4170 S
246 4095 292 4152 13.
311 4092 381 4153 Τότε
401 4117 440 4162 τις
458 4099 487 4154 ἐκ
504 4094 586 4170 μέσου
605 4102 650 4154 τοῦ
670 4095 802 4174 συνεδρίου
821 4095 944 4176 ἐπιφανέ-

171 4179 402 4260 στατοςέθνοίρχης
412 4186 459 4253 τῆς
471 4186 522 4240 τῶν
533 4185 644 4262 Περσῶν
654 4180 820 4255 δεσποτείας,
831 4175 944 4263 ᾧύνομα

171 4261 267 4342 Ἄνακ,
287 4268 316 4324 ἐκ
343 4273 391 4338 τῆς
407 4269 558 4348 συγγενείας
576 4269 704 4348 Κουσοίρω
728 4274 774 4326 τοῦ
797 4268 942 4346 βασιλέως,

172 4354 288 4422 θναστδς
301 4357 336 4421 εἰς
353 4355 431 4432 μέσον
456 4355 569 4436 παρῄει,
586 4356 632 4415 καί
652 4361 681 4416 ἐκ
705 4362 749 4414 τοῦ
765 4355 831 4414 ἰδίου
851 4379 942 4434 συγγε·

171 4447 244 4514 νοῦς,
259 4445 294 4510 ὡς
315 4443 388 4523 παρὰ
409 4448 519 4523 ἐχθροῦ,
533 4445 662 4523 ὑπίσχετο
686 4442 818 4515 ἐκδίκησιν
840 4443 941 4506 λαθεῖν.

171 4528 326 4610 ’λρξόμενος
342 4530 397 4588 δέὑ
415 4535 466 4590 τῶν
485 4534 594 4611 Περσῶν
618 4530 741 4610 βασιλεὺς
761 4533 941 4611 διαλέγεσθαι,

171 4620 242 4698 αὑτῷ
255 4617 342 4698 φησίν·
358 4618 421 4680 Ἐοίν
439 4642 483 4694 μοι
494 4621 592 4690 ταύτην
603 4619 651 4690 τὴν
663 4617 795 4690 ἐκδίκησιν
809 4620 945 4698 ὑλοψύχυις

172 4705 387 4786 ἐκζητήσῃς,τῆν
409 4710 532 4789 ὑπαρχῆς
550 4707 708 4787 προγονικὴν
732 4711 806 4784 ὑμῶν
827 4707 942 4777 ἐξουσίαν

171 4797 233 4871 ὑμῖν
247 4794 391 4869 ἀναδώσω,
404 4795 449 4854 καὶ
466 4797 506 4854 σοί
524 4795 636 4873 περιθείς
646 4795 763 4871 διάδημα
776 4794 943 4875 ὑπερδοξοίσιο

171 4881 217 4940 καὶ
239 4882 445 4962 ἐπιφανέστατον
469 4884 515 4941 καὶ
538 4883 703 4952 ἐνδοξότατον
723 4887 774 4942 τῶν
794 4886 820 4941 ἐν
841 4887 875 4961 τῇ
891 4883 943 4964 ἐμῇ

172 4971 293 5049 βασιλείᾳ
308 4971 425 5046 ποιήσι),
438 4972 483 5031 καί
498 4971 615 5050 δεύτερός
627 4994 676 5049 μου
689 4971 822 5051 κληθήσῃ.
865 4972 944 5033 Ἀπο-

170 5059 266 5138 κριθεὶς
282 5059 309 5118 δέ
324 5065 338 5119 ὑ
349 5059 455 5142 Πόρθος
465 5050 700 5138 Ἄνακ,ι1πευ·Τδ
713 5061 883 5138 κατοίλιιμμα
896 5062 943 5132 τῆς

172 5149 239 5222 ἐμῆς
251 5148 399 5229 συγγενείας
416 5147 556 5221 εθποιτίσας
579 5149 701 5230 τιμήσῃς.
745 5147 816 5230 Ἐγὼ
830 5147 880 5227 γθρ
896 5148 941 5207 καί

998 801 1092 858 dessus
1100 801 1136 857 de
1143 801 1184 857 lui
1191 821 1246 874 que
1253 804 1279 857 le
1291 804 1385 858 trdne.
1393 803 1442 858 S’il
1449 814 1490 858 est
1495 821 1535 858 ou
1542 803 1610 858 d’un
1617 823 1688 880 rang
1699 806 1778 863 silere

998 909 1037 945 ou
1049 891 1134 946 d’une
1144 890 1293 946 condition
1304 890 1466 958 inficiente,
1472 891 1501 963 je
1512 892 1538 946 le
1549 895 1777 968 recompenserai

997 997 1050 1052 par
1060 980 1099 1034 les
1109 980 1174 1051 plus
1185 979 1290 1054 grands
1299 980 1453 1037 honneurs.
1470 1004 1482 1028 a

1040 1061 1068 1144 [§
1082 1064 1236 1143 13.]A10rs
1247 1086 1287 1121 un
1299 1067 1336 1122 de
1346 1086 1418 1122 ceux
1430 1068 1479 1139 qui
1493 1070 1648 1124 assistaient
1658 1088 1695 1124 au
1709 1089 1776 1126 eon·

997 1157 1063 1222 scil,
1075 1165 1104 1210 et
1122 1157 1172 1227 qui
1191 1155 1259 1210 etait
1271 1174 1311 1210 un
1331 1155 1380 1210 des
1394 1157 1566 1229 principaux
1579 1175 1777 1231 gouverneurs

998 1242 1035 1296 de
1045 1242 1172 1316 l’empire
1181 1242 1231 1297 des
1239 1243 1369 1314 Parthes,
1383 1246 1498 1299 nomme
1508 1249 1604 1319 Anag,
1615 1263 1645 1301 se
1659 1246 1730 1317 leva,
1738 1241 1778 1318 σι’,

998 1348 1028 1385 se
1053 1341 1151 1410 tenant
1173 1349 1210 1386 au
1226 1332 1325 1385 milieu
1346 1331 1383 1387 de
1402 1332 1588 1401 l'assemblee,
1602 1334 1623 1388 il
1637 1336 1777 1408 promiti

998 1436 1051 1472 son
1074 1421 1175 1474 maitre
1189 1419 1225 1473 de
1241 1420 1268 1474 le
1282 1437 1388 1493 renger
1402 1419 1438 1476 dc
1451 1439 1483 1476 sa
1493 1420 1600 1476 familie
1613 1441 1724 1478 comme
1739 1423 1777 1478 de

999 1525 1042 1561 ses
1055 1525 1177 1580 propres
1189 1508 1324 1564 ennemis.
1336 1508 1374 1563 Le
1384 1510 1429 1564 roi
1445 1528 1475 1566 se
1487 1520 1591 1565 tourna
1609 1529 1672 1566 vers
1692 1512 1733 1566 lui
1746 1521 1776 1566 et

999 1594 1039 1648 lui
1056 1595 1098 1650 dit
1111 1611 1118 1652 ι
1136 1619 1148 1644 τ
1167 1597 1196 1651 Si
1209 1606 1241 1650 tu
1256 1607 1283 1651 te
1298 1595 1416 1671 charges
1431 1597 1466 1652 de
1488 1615 1533 1654 ma
1555 1615 1717 1673 rengeance
1738 1597 1775 1671 de

1000 1692 1079 1738 toute
1090 1693 1141 1738 ton
1151 1684 1265 1758 ardeur,
1274 1682 1305 1759 je
1317 1685 1460 1740 t‘accorde
1472 1685 1508 1741 de
1521 1704 1652 1743 nouveau
1666 1688 1693 1742 le
1703 1705 1779 1760 pays

1001 1770 1147 1827 dePahlav
1156 1772 1196 1846 (b)
1208 1791 1320 1828 comme
1330 1774 1502 1847 patrimoine
1514 1773 1551 1829 de
1562 1786 1590 1830 ta
1601 1773 1706 1829 famille
1719 1772 1776 1849 (3);

999 1945 1106 1995 Palabav
1127 1945 1158 1995 de
1177 1946 1288 2007 Bardav,
1304 1946 1451 1998 c'est-idire
1469 1948 1561 1998 Pabtav
1571 1948 1603 1998 de
1614 1948 1714 1998 Parthie
1725 1948 1775 2012 (ci.

1001 2015 1132 2064 Patcanian
1141 2054 1148 2075 ‚
1158 2019 1234 2066 Esset
1248 2017 1325 2067 d'uuc
1343 2021 1409 2068 Hist.
1422 2017 1467 2068 des
1477 2019 1679 2081 sossanictesffl.
1693 2024 1776 2080 18,19;

999 2088 1032 2205 1qu
1033 2084 1109 2216 γέτρρ.
1129 2086 1215 2148 franc,
1227 2101 1253 2150 p.
1267 2092 1306 2136 35.
1317 2118 1347 2129 -
1356 2088 1438 2137 Ζέυοὺ
1452 2088 1484 2138 de
1497 2089 1558 2152 Glag
1566 2127 1573 2150 ,
1582 2089 1647 2138 trad.
1658 2089 1689 2137 ir.
1701 2103 1726 2152 p.
1737 2097 1778 2148 iu,

1033 2225 1067 2289 (3)
1084 2225 1123 2275 ct.
1136 2228 1213 2276 Μοῖσα
1221 2226 1253 2276 de
1264 2228 1393 2287 Khorene,
1405 2227 1448 2277 liv.
1459 2231 1497 2290 11,
1507 2229 1546 2278 cb.
1558 2232 1597 2289 28,
1608 2233 1648 2278 67.

1004 2513 1087 2576 Syria.
1121 2513 1419 2577 Adiunctaautemeidem
1428 2531 1526 2580 quoquc
1537 2520 1595 2568 sunt
1603 2521 1780 2569 Saracenorum

1003 2617 1099 2682 agruina
1116 2617 1141 2667 in
1160 2618 1307 2668 subsidium.
1340 2620 1473 2684 nuptisque
1494 2622 1585 2671 itenun
1608 2622 1705 2685 spoliis,
1721 2637 1780 2672 cum

1002 2723 1075 2774 laude
1087 2736 1202 2775 reversus
1215 2728 1254 2776 est
1266 2723 1298 2774 ad
1310 2725 1365 2776 loca
1376 2727 1480 2790 propria.
1513 2730 1545 2776 nt
1560 2727 1608 2777 boc
1621 2727 1697 2777 modo
1706 2727 1778 2778 dein-

1002 2842 1060 2893 ceps
1067 2828 1094 2878 in
1103 2843 1178 2880 annos
1187 2829 1273 2880 decem
1282 2829 1421 2892 subiectam
1430 2831 1482 2895 regi
1492 2835 1621 2882 Persarum
1631 2833 1779 2895 potestatem

1002 2934 1099 2983 evertit.
1133 2936 1195 2983 cum
1207 2947 1266 2996 ergo
1276 2934 1424 2998 perspiceret
1436 2936 1566 2985 Persarum
1577 2948 1622 2985 rex
1633 2935 1780 2984 haecomnia

1001 3037 1082 3095 mala,
1104 3037 1195 3100 quibus
1217 3038 1381 3102 affligebatur,
1403 3039 1522 3090 contusus
1543 3042 1583 3090 est
1610 3037 1775 3100 vehementer,

1001 3138 1123 3204 haesitque
1135 3141 1270 3205 ambiguus.
1289 3142 1435 3196 convocatis
1448 3146 1532 3192 autem
1543 3144 1659 3194 omnibns
1671 3145 1775 3208 regibus,

1001 3243 1111 3294 locorum
1124 3245 1284 3308 presidibus,
1297 3247 1323 3296 et
1336 3245 1393 3296 belli
1413 3245 1534 3308 ducibus,
1550 3259 1614 3309 qnos
1627 3245 1736 3296 babebat
1752 3247 1778 3295 in

1001 3350 1093 3400 ditione
1106 3364 1168 3410 sua,
1180 3350 1213 3400 ad
1225 3350 1427 3411 consultandum,
1440 3351 1551 3400 hortatus
1570 3353 1611 3401 est
1630 3365 1732 3412 omncs,
1748 3356 1777 3401 ut

1001 3455 1138 3505 invenirent
1158 3455 1278 3506 malorum
1303 3457 1405 3508 exitum.
1446 3455 1611 3505 Promittebat
1631 3468 1692 3505 vero
1714 3455 1780 3505 dona

1001 3563 1093 3625 maiora
1104 3561 1153 3622 illi,
1165 3561 1209 3625 qui
1221 3561 1353 3612 vindictam
1365 3564 1445 3612 iacere
1457 3563 1566 3624 valeret,
1577 3563 1740 3622 annurtians,
1751 3577 1779 3614 se

1001 3667 1080 3718 cidem
1094 3667 1227 3717 secundam
1240 3666 1383 3731 dignitatem
1392 3667 1418 3717 in
1430 3667 1540 3720 dominio
1551 3680 1599 3717 suo
1612 3668 1777 3729 traditurum,

1001 3776 1084 3826 dicens
1094 3774 1162 3838 quod
1172 3792 1177 3822 :
1188 3774 1269 3824 Etiam
1280 3774 1303 3825 si
1312 3774 1413 3847 quissit
1426 3775 1530 3846 tortavnas
1541 3773 1675 3824 admodum
1684 3775 1776 3833 tennis,

1001 3882 1063 3932 solio
1074 3884 1171 3933 tantum
1191 3895 1248 3941 meo
1269 3880 1348 3944 primo
1366 3883 1514 3944 apparente,
1527 3880 1649 3943 equalem
1667 3881 1700 3931 ab
1719 3881 1782 3944 ipsis

1000 3991 1057 4052 post
1069 4001 1110 4038 me
1123 3986 1232 4036 obtineat
1243 3986 1368 4035 bonorem.

1032 4094 1047 4157 §
1063 4097 1099 4143 13.
1114 4095 1185 4142 Tunc
1203 4092 1291 4155 aliquis
1303 4091 1485 4141 illustrissimus
1501 4091 1527 4140 in
1539 4091 1633 4140 ditione
1645 4092 1780 4141 Persarum

1002 4193 1081 4254 gentis
1092 4191 1239 4254 prefectus,
1249 4189 1291 4240 cni
1301 4203 1391 4239 nomen
1402 4193 1484 4249 Anac,
1494 4188 1689 4252 consanguineus
1697 4189 1776 4237 Cusa-

1001 4289 1068 4338 ronis
1084 4287 1165 4351 regis,
1177 4301 1209 4337 ex
1220 4287 1275 4350 ipso
1288 4299 1391 4350 surgens
1404 4299 1535 4347 mnsessu,
1549 4285 1670 4349 processit
1683 4285 1709 4334 in
1722 4298 1778 4334 rne-

999 4384 1084 4445 dium,
1103 4386 1130 4434 et
1152 4383 1266 4449 promisit
1285 4360 1427 4432 vindictam
1438 4395 1465 4433 se
1479 4385 1609 4445 capturum
1627 4379 1659 4431 de
1679 4381 1781 4444 proprio

999 4479 1192 4544 consanguineo,
1205 4480 1322 4539 tanquam
1330 4477 1362 4526 de
1370 4475 1478 4525 inimico.
1494 4474 1617 4538 Incipiens
1625 4487 1686 4525 vero
1697 4473 1778 4524 uisse

1000 4591 1053 4628 rere
1062 4581 1193 4627 Persarum
1202 4588 1259 4634 rex,
1274 4573 1354 4624 eidem
1368 4573 1429 4623 dicit
1442 4592 1449 4621 z
1462 4572 1486 4622 Si
1498 4571 1561 4621 bane
1569 4554 1631 4620 mibi
1640 4569 1777 4620 vindictam

998 4676 1052 4724 toto
1063 4673 1144 4722 aubuo
1157 4670 1330 4734 acquisiveris,
1340 4669 1431 4719 avitam
1440 4670 1590 4731 potestatem
1604 4667 1689 4716 statim
1702 4665 1775 4715 vobis

998 4770 1101 4821 reddam
1119 4790 1126 4819 ι
1141 4769 1235 4833 tibique
1247 4769 1375 4831 imponens
1388 4767 1515 4829 diadem,
1532 4766 1610 4832 gloria
1623 4765 1776 4826 sublevabo,

998 4869 1209 4931 clarissimumque
1222 4869 1248 4917 et
1261 4867 1372 4917 omnium
1385 4866 1579 4917 illustrissimum
1589 4863 1616 4912 in
1626 4877 1702 4927 regno
1717 4876 1775 4914 meo

998 4966 1117 5024 effluam.
1127 4967 1153 5015 et
1166 4963 1290 5014 secundus
1299 4977 1313 5014 a
1321 4977 1363 5014 me
1375 4962 1511 5013 vocaberis.
1542 4958 1702 5024 Respondeas
1713 4973 1775 5010 veru

998 5061 1104 5114 Parthus
1117 5065 1184 5111 Anac
1191 5098 1200 5121 ,
1208 5060 1272 5112 dixit
1286 5060 1413 5133 :Relictos
1424 5074 1456 5111 ex
1467 5059 1612 5127 cognatiom
1627 5071 1685 5109 mea
1695 5055 1773 5109 benc·

999 5163 1110 5214 iudendo
1118 5162 1283 5213 honoraveris.
1316 5160 1438 5226 Egoeuim
1446 5159 1633 5211 etbswmeus
1640 5168 1779 5220 germanus
