3809 5859
617 321 795 402 ursionis
816 344 868 405 ou
890 327 1017 406 olous
1039 345 1089 413 os
1109 323 1299 405 numeru.

155 474 187 528 ni
200 474 300 548 punis·¹
310 491 383 529 ceux
402 475 452 546 qui
472 473 512 529 les
525 485 685 548 outregent.
707 473 730 529 ll
752 475 799 548 n'y
813 493 829 531 a
844 475 931 550 qu'un

154 563 243 636 esprit
263 562 381 635 aveugle
399 563 450 634 qui
468 563 560 635 puisse
585 562 750 634 adorerles
771 563 855 619 dieux
875 582 931 638 que

153 667 225 707 vous
241 651 367 706 honores
370 691 439 707 ......
458 674 470 698 ν

514 819 564 874 vl.

199 987 229 1064 [§
250 987 310 1062 as]
330 989 371 1042 Le
387 988 431 1040 roi
442 987 499 1061 prii
516 987 544 1042 la
554 987 652 1059 parole
671 996 699 1041 et
720 985 787 1042 dit:
811 1011 823 1039 ι
844 990 927 1045 Com-

153 1076 224 1131 bien
238 1075 273 1129 de
287 1074 341 1128 fois
358 1073 447 1144 t'ai-je
462 1075 551 1128 averti
567 1083 595 1127 et
613 1073 743 1128 ordonn&
763 1073 798 1129 dc
817 1093 853 1130 ne
865 1077 928 1148 plus

152 1153 267 1237 repeter
291 1180 327 1216 en
351 1179 396 1215 mn
419 1162 551 1233 presence
583 1179 628 1215 ces
651 1161 736 1215 lables
757 1179 812 1234 que
840 1173 870 1216 tu
897 1182 927 1220 as

134 1252 285 1306 trouvees
301 1261 329 1304 et
344 1249 482 1322 appriscs‚
493 1259 522 1303 et
541 1248 610 1321 qu'il
627 1267 663 1303 ne
681 1251 863 1322 t’appartient
877 1271 926 1325 pas

154 1337 193 1394 de
212 1355 258 1392 me
279 1335 427 1391 reconter?
448 1333 483 1390 Je
502 1337 550 1390 t'ei
562 1337 679 1410 minagii
699 1336 812 1392 icause
830 1338 866 1393 de
886 1352 925 1396 tes

151 1425 273 1479 services
286 1434 314 1478 et
331 1441 415 1496 parce
425 1441 481 1497 que
487 1419 632 1499 j'espe'rais
643 1441 698 1495 que
710 1435 741 1477 tu
753 1425 925 1484 reviendrais

153 1530 194 1574 au
212 1513 272 1566 vrai
288 1509 381 1584 culte,
401 1531 438 1568 en
456 1511 576 1567 adorent
594 1513 634 1566 les
656 1511 786 1568 divinitis
805 1515 876 1572 dont
895 1529 926 1573 tu

153 1599 275 1655 offenses
288 1598 324 1654 de
347 1617 479 1654 nouveau
494 1600 652 1654 l’honneur.
669 1599 712 1655 Tu
727 1603 865 1676 invoques
887 1625 925 1660 un

153 1698 236 1742 autre
254 1685 390 1744 Createur
409 1688 522 1756 inutile,
543 1698 572 1743 et
587 1699 618 1742 tu
636 1699 767 1763 outrages
785 1708 855 1747 ceux
875 1699 925 1769 qui

74 1785 77 1790 '
151 1785 219 1831 sont
232 1776 370 1830 vruiment
384 1778 540 1844 cesaream,
550 1777 641 1830 meme
655 1777 681 1832 la
693 1779 798 1850 grande
814 1783 926 1838 Anahid

151 1864 204 1935 qui
219 1860 315 1917 vivifie
334 1875 362 1918 et
382 1866 499 1938 protege
518 1863 680 1919 l’Armdnie.
693 1867 736 1919 Tu
757 1885 792 1920 en
814 1868 864 1923 seis
892 1871 927 1927 de

151 1951 246 2005 meme
264 1969 339 2023 pour
356 1951 382 2004 le
402 1949 491 2024 grand
512 1961 540 2004 et
557 1950 615 2004 sort
629 1953 785 2018 Aramum,
800 1957 927 2012 createur

154 2037 197 2092 du
217 2039 269 2092 ciel
288 2048 317 2092 et
334 2037 370 2093 de
384 2038 411 2092 la
435 2049 519 2093 terre.
534 2040 591 2092 Nos
614 2049 706 2093 autres
725 2038 874 2116 divinitis,
897 2055 927 2099 tu

1700 363 1759 422 teo

966 477 1026 531 ‘les
1044 477 1167 552 appelles
1184 488 1302 533 mucltes
1322 488 1350 533 et
1369 480 1517 539 insensees.
1535 487 1613 542 Dans
1638 499 1689 544 ton
1708 509 1756 546 ar·-

985 583 1122 638 rogrmce,
1140 575 1171 619 tu
1188 584 1261 620 nous
1277 585 1306 621 as
1320 571 1471 644 outrage&
1484 591 1520 628 en
1535 593 1609 631 nous
1625 581 1759 654 appelant

985 651 1111 706 chevaux
1134 662 1162 708 et
1181 656 1292 713 mulets.
1312 657 1363 726 Or,
1373 659 1495 732 puisque
1514 673 1545 717 tu
1567 683 1596 719 as
1612 670 1758 724 accumulo

985 749 1046 793 tant
1064 739 1232 811 d‘ofsenses‚
1244 763 1279 798 en
1298 764 1371 800 nous
1384 763 1553 820 comparant
1568 756 1659 811 meme
1675 756 1692 811 ὲ
1708 757 1758 813 des

984 830 1133 904 animaux,
1147 831 1177 903 je
1189 844 1216 888 te
1230 835 1343 890 livrerai
1356 853 1411 891 aux
1426 848 1597 911 tourmeuts,
1605 844 1634 914 je
1646 848 1757 901 mettrai

982 934 1022 969 un
1041 915 1114 971 srein
1132 919 1188 974 ita
1200 921 1316 994 langue,
1332 922 1390 977 afin
1410 942 1466 996 que
1488 937 1519 980 tu
1534 929 1631 984 saches
1648 950 1704 1004 que
1725 951 1757 987 ce

983 1014 1047 1058 sont
1059 1005 1099 1059 les
1113 1009 1225 1080 puroles
1237 1028 1292 1082 que
1305 1022 1335 1065 tu
1349 1030 1378 1066 as
1393 1015 1443 1066 ose
1456 1015 1569 1087 rc'pdter
1584 1016 1688 1073 devant
1699 1021 1757 1074 moi

985 1092 1034 1163 qui
1049 1110 1086 1146 en
1099 1107 1163 1148 sont
1180 1113 1272 1152 cause.
1288 1099 1321 1153 Je
1334 1095 1381 1153 t'ei
1400 1099 1450 1154 fait
1465 1120 1503 1155 un
1518 1105 1609 1175 grand
1625 1105 1758 1160 honneur

984 1196 1020 1232 en
1033 1178 1167 1254 daignant
1182 1186 1279 1255 parler
1292 1204 1359 1241 avec
1380 1189 1437 1260 toi,
1450 1200 1480 1243 et
1495 1199 1527 1243 tu
1539 1188 1606 1246 m'as
1625 1193 1757 1266 repondu

981 1285 1091 1323 comme
1111 1271 1183 1325 iun
1200 1274 1272 1345 egel.
1293 1297 1305 1322 ι
1746 1279 1751 1288 ’

1020 1350 1051 1428 [S
1063 1356 1126 1429 ομ]
1138 1359 1338 1415 Etilordonna
1350 1363 1658 1435 qu'onluiattechitles
1668 1370 1756 1423 moins

980 1438 1107 1498 derricre
1126 1446 1153 1500 le
1169 1447 1237 1517 dos,
1258 1449 1346 1521 qu’on
1367 1451 1408 1504 lui
1427 1456 1479 1506 mit
1492 1473 1532 1508 un
1549 1473 1628 1510 mors
1645 1455 1715 1510 dans
1729 1458 1756 1512 la

980 1527 1109 1596 bouche,
1124 1550 1179 1587 une
1195 1535 1301 1607 grande
1324 1539 1450 1609 quantit&
1471 1540 1508 1595 de
1526 1542 1566 1596 sel
1580 1561 1629 1596 sur
1642 1544 1669 1599 le
1685 1543 1753 1616 dos,

980 1614 1069 1688 qu'on
1078 1616 1117 1671 lui
1128 1621 1210 1676 liitla
1219 1625 1357 1694 poltrine3
1367 1637 1406 1697 et,
1416 1645 1452 1681 au
1460 1647 1565 1701 moyen
1575 1629 1660 1687 d’une
1668 1631 1755 1686 corde

980 1703 1107 1759 attachde
1126 1725 1182 1762 aux
1201 1711 1291 1766 mains
1305 1723 1334 1766 et
1349 1732 1404 1769 aux
1414 1715 1505 1786 pieds,
1524 1717 1612 1789 qu'on
1624 1719 1651 1774 le
1670 1721 1755 1774 hisslt

981 1807 1049 1845 avec
1057 1811 1113 1848 une
1122 1797 1260 1866 machine,
1269 1798 1285 1852 θ
1293 1799 1425 1856 l'endroit
1433 1803 1458 1856 le
1467 1804 1530 1876 plus
1540 1807 1617 1860 eleve
1624 1805 1671 1861 des
1679 1826 1755 1862 murs

981 1877 1020 1931 du
1032 1880 1131 1951 paleis.
1148 1883 1171 1935 ll
1186 1895 1258 1939 resta
1277 1888 1348 1941 ainsi
1368 1888 1404 1942 lid
1418 1890 1670 1948 tres-etroitement
1685 1914 1754 1968 pcn-

981 1962 1125 2040 dantsept
1136 1966 1230 2037 jours.
1248 1973 1338 2044 Apris
1348 1993 1380 2029 ce
1391 1985 1495 2049 temps,
1509 1982 1535 2033 le
1556 1981 1602 2034 roi
1622 1981 1753 2036 ordonna

985 2050 1073 2121 qu'on
1085 2055 1112 2108 le
1126 2055 1246 2114 ddlivrdt
1262 2060 1298 2115 de
1312 2080 1354 2116 ses
1369 2065 1439 2119 liens
1455 2066 1547 2120 cruels
1559 2078 1587 2122 et
1599 2069 1686 2141 qu'on
1702 2070 1755 2124 l‘e-

634 2151 1755 2193 M—

783 2259 906 2324 olror
928 2254 1127 2338 otiorum.

400 2407 573 2486 Supplicia,
590 2408 694 2486 quidus
710 2409 848 2488 &repom
860 2422 1057 2480 constantiam
1064 2421 1209 2502 sranqcre
1222 2433 1332 2489 nititur
1344 2433 1509 2494 Teredatcs.

190 2598 268 2674 §²⁸-
280 2594 439 2657 ‘insistitis
458 2593 485 2653 δὲ
506 2598 520 2654 δ
535 2595 671 2675 βασιλεὺς,
684 2588 753 2657 εἶπεν
767 2601 854 2679 αὐτῷ·
867 2603 922 2660 llo-

152 2685 225 2750 οάκις
241 2707 271 2742 σε
286 2683 445 2756 ἐνουτέθηοα
460 2682 505 2740 καὶ
521 2684 704 2760 ἐνετειλάμην,
715 2683 759 2744 ἵνα
778 2687 815 2762 μὴ
836 2689 923 2746 δευτε-

155 2771 281 2852 ριῖναηςτὰ
292 2771 441 2848 πλάσματα
453 2775 506 2829 τῶν
520 2771 699 2848 μυθευομένων
712 2797 758 2833 σου
782 2775 923 2855 ῥημάτων,

154 2859 172 2917 ἃ
188 2860 315 2940 συρράψαι
333 2859 503 2935 μεμάθηκας;
524 2860 583 2919 οὐδὲ
607 2859 658 2940 γάρ
678 2861 772 2940 πρέπει
788 2886 817 2920 σε
833 2866 922 2922 λαλεῖν

154 2952 249 3006 ταῦτα.
293 2947 374 3024 Κάγὼ
389 2947 534 3026 ἐφεισάμην
549 2969 610 3019 σου,
621 2951 656 3013 ὡς
667 2950 843 3027 κεκμηκότος,
855 2949 924 3018 ὅπως

155 3034 233 3113 ἔλθῃς
247 3037 282 3100 εἷς
298 3035 421 3106 εὐθύτητα
436 3034 522 3092 οέὸειν
538 3033 596 3100 τοὺς
610 3037 691 3102 θεούς.
736 3036 774 3097 Σὺ
787 3037 814 3096 δέ
829 3039 923 3098 teda-

154 3118 209 3178 λὼν
238 3121 310 3201 άλλῳ
335 3121 382 3191 τὴν
406 3122 483 3198 τιμὴν
504 3124 599 3197 αὐτῶν,
615 3121 643 3179 ὃν
666 3123 696 3182 ἂν
721 3124 816 3205 βοόλῃ,
836 3128 925 3192 καλεῖς

152 3208 279 3284 ποιητὴν,
290 3208 335 3266 καὶ
344 3207 402 3276 τοὺς
411 3209 483 3276 ὄντας
497 3213 601 3280 άληθῶς
611 3211 721 3282 ποιητάς
738 3213 865 3292 θὸρίζεις,
878 3216 923 3273 καὶ

152 3297 203 3370 τήν
216 3297 338 3374 μεγάλην
347 3295 484 3376 Ἄρτεμιν,
496 3301 521 3355 ἐν
533 3289 550 3375 ᾗ
563 3300 594 3376 ζῇ
609 3299 654 3357 καὶ
666 3299 734 3370 ζωὴν
749 3301 832 3378 ἔχειὴ
846 3301 923 3382 χώρα

150 3389 198 3453 τῆς
215 3383 368 3465 Ἀρμενίας,
384 3385 431 3443 σὺν
448 3384 528 3461 ταύτῃ
543 3387 586 3444 καὶ
602 3387 645 3446 τὸν
660 3389 841 3468 ἀνδρειότατον
855 3391 921 3463 Δία,

150 3473 195 3531 τὸν
209 3471 320 3543 ποιητὴν
340 3473 450 3551 οὐρανοῦ
460 3471 506 3530 καὶ
515 3476 580 3548 γῆς,
593 3473 660 3550 μετὰ
671 3474 697 3531 δὲ
708 3479 797 3532 τοῦτον
809 3475 923 3542 καὶτοὺς

150 3563 244 3626 ἄλλους
254 3559 338 3632 θεοὺς,
350 3559 463 3625 καλέσας
475 3560 591 3640 ἀψύχους
602 3560 648 3618 καὶ
662 3562 788 3628 οἰλάλους.Ι
804 3562 849 3621 καὶ
859 3569 922 3640 ἡμῖν

150 3648 177 3706 δέ
202 3647 329 3716 ἐξέτεινας
351 3645 450 3727 tepere.
490 3646 658 3722 Ἐτόλμησας
674 3647 726 3727 γάρ
750 3653 830 3708 εἰπεῖν
853 3655 923 3726 ἡμᾶς

149 3735 243 3804 ἵππους
259 3735 305 3794 καλ
318 3735 459 3813 ἡμιόνους,
472 3736 517 3794 καὶ
528 3735 616 3802 πάσας
631 3737 759 3816 λοιδορίας
773 3746 921 3815 προστεθει·

149 3824 362 3905 κάνηέθάρρησάς
373 3846 400 3882 τε
410 3823 518 3901 ἀλόγους
528 3824 562 3902 (l.
576 3823 668 3902 άλογα)
680 3829 751 3901 ἡμᾶς
761 3829 853 3884 εἰπεῖν.
869 3827 923 3900 Νῦν

152 3913 288 3992 περιόαλῶ
302 3935 331 3970 σε
347 3914 373 3969 ἐν
391 3911 528 3990 βασάνοις,
545 3911 591 3970 καὶ
606 3915 689 3987 κημὸν
702 3913 812 3990 ἔμόαλῶ
827 3916 853 3970 έν
865 3921 923 3980 ταῖς

150 4001 270 4080 σταγόσιν
280 3999 388 4071 aornim
398 4005 465 4078 γνῷς
472 4000 519 4070 τὴν
530 3998 695 4075 ματαιότητα
703 4003 755 4058 τῶν
764 4004 816 4059 σῶν
826 4001 921 4078 λόγων,

150 4089 193 4157 οθς
203 4089 358 4168 προελάλεις
369 4087 479 4146 ένόιπιόν
491 4111 554 4163 μου,
564 4087 603 4146 ὅτι
614 4087 657 4146 διὰ
668 4089 751 4148 ταῦτά
756 4111 798 4146 σοι
810 4089 919 4164 ἐγένετο.

151 4177 206 4238 Καὶ
220 4184 315 4252 τοῦτο,
330 4174 395 4256 φησὶ
405 4221 412 4249 ,
424 4176 493 4252 μέγα
508 4175 549 4234 σοί
566 4178 654 4246 ε’στιν,
668 4174 707 4234 ὅτι
718 4177 849 4246 ἐλάλησας
859 4175 922 4234 ἐνόν-

142 4266 210 4326 ,πιόν
222 4289 285 4341 μου,
298 4265 343 4323 καὶ
357 4263 472 4340 ἐτίμησά
487 4286 532 4336 σε,
546 4262 591 4322 καλ
604 4263 701 4331 ἔδωκάς
714 4287 758 4339 μοι
770 4262 923 4344 ἀπόκρισιν,

152 4357 187 4420 ὣς
199 4359 236 4434 τῷ
250 4357 288 4433 σῷ
299 4351 406 4432 ἑταίρῳ.

194 4443 273 4519 5²9·
292 4441 345 4502 Καὶ
367 4441 500 4500 ἐκέλευσεν
517 4439 649 4518 ἐξάγκωνα
671 4443 749 4513 δῆσαι
770 4439 858 4513 αὐτὸν,
876 4441 920 4499 καὶ

151 4527 237 4605 κημθν
252 4531 278 4588 ἓν
293 4533 330 4609 τῷ
345 4527 457 4604 στόματι
467 4530 546 4588 αὐτοῦ
558 4533 659 4602 δοῦναι,
672 4529 717 4588 καὶ
736 4535 782 4587 τοῦ
798 4531 861 4608 παρ’
875 4529 919 4586 αὖ·

148 4621 202 4684 τοῖς
214 4616 337 4685 λαξευτοῦ
350 4615 444 4682 ἄλατος
458 4617 556 4695 βώλους
567 4619 691 4676 ἐπιθεῖναι
702 4616 771 4675 κατὰ
781 4621 826 4674 τοῦ
839 4615 921 4674 νώτου

149 4707 247 4784 αὐτοῦ,
267 4704 313 4765 καλ
335 4704 587 4784 στραγγαλώσαντες
610 4704 686 4762 αὐτὸν
710 4709 743 4784 τῇ
766 4703 919 4784 στραγγάλῃ

148 4791 218 4852 κατὰ
239 4801 286 4852 τοῦ
307 4792 417 4861 στήθους
437 4793 614 4873 κατασφίγξαι
629 4791 674 4850 καὶ
689 4795 920 4870 ἀνακρεμασθῆναι

149 4884 176 4940 ἑν
188 4881 348 4962 ὑψηλοτάτῳ
363 4879 435 4960 τόπῳ
450 4885 494 4938 τοῦ
509 4879 628 4962 δώματος
638 4884 685 4938 τοῦ
699 4878 827 4937 παλατῖου
841 4880 919 4936 αὐτοῦ

149 4970 192 5028 διὰ
206 4973 360 5048 μηχανικῶν
373 4968 499 5047 ὀργάνων,
544 4969 595 5028 Καὶ
608 4969 707 5044 ἔμεινεν
724 4967 806 5033 οὕτως
817 4967 919 5046 κρεμά-

149 5081 226 5136 μενος
240 5057 307 5116 έπτθ
319 5055 438 5136 ἡμέρας,
454 5057 499 5115 καὶ
515 5055 647 5115 ἐκέλευσεν
666 5055 709 5114 καὶ
727 5055 822 5114 ἔλυσαν
841 5053 918 5112 αὐτὸν

149 5145 204 5205 clad
213 5149 265 5204 τῶν
276 5143 443 5226 πικροτάτων
454 5144 499 5204 καὶ
514 5143 666 5204 δεινοτάτων
679 5142 799 5222 βασάνων
810 5141 916 5202 τούτων.

242 5261 294 5299 uolt
309 5261 369 5298 ms
384 5261 482 5298 cirtul-

1009 2607 1074 2670 ξοδ.
1089 2615 1120 2660 ,at
1141 2625 1182 2662 rer
1205 2617 1355 2681 respondens
1374 2619 1406 2668 ed
1429 2633 1487 2669 eum
1506 2619 1567 2670 dixit
1586 2620 1709 2679 :Quoties
1728 2623 1753 2672 te

978 2710 1064 2758 monui
1076 2714 1102 2759 et
1114 2712 1157 2762 tibi
1169 2715 1288 2779 praecepi,
1299 2719 1328 2767 ut
1339 2731 1387 2766 non
1400 2723 1522 2782 repeteres
1534 2719 1751 2782 figmenlavcrbo·

978 2819 1034 2857 rum
1046 2809 1225 2873 fabulosomm,
1245 2827 1301 2875 quse
1329 2817 1497 2864 consarcinare
1518 2815 1625 2865 didicisti
1646 2836 1652 2864 ι
1674 2829 1753 2879 neque
1855 2827 1858 2832 '

978 2909 1043 2958 euim
1057 2914 1082 2961 te
1089 2911 1160 2962 decet
1173 2914 1319 2977 elisioqui.
1330 2919 1429 2980 Peperci
1441 2917 1495 2977 tihi,
1506 2921 1534 2967 ut
1545 2917 1588 2980 qui
1596 2918 1751 2978 laboraveris,

978 3012 1007 3060 ut
1021 3010 1053 3059 ad
1066 3016 1157 3064 rectem
1170 3015 1291 3065 rationem
1304 3017 1406 3066 amedus
1413 3018 1438 3068 io
1446 3018 1515 3066 cultu
1533 3018 1644 3067 deorum.
1660 3019 1710 3067 Ἀθ
1724 3019 1753 3067 tu

978 3102 1075 3153 illomm
1085 3104 1204 3163 honorem
1217 3110 1366 3160 transferens
1378 3109 1410 3158 ad
1421 3109 1511 3171 ulium,
1525 3124 1600 3173 quem
1612 3110 1656 3159 tibi
1669 3109 1751 3169 lubet,

978 3203 1044 3255 hunc
1056 3207 1172 3258 lectorem
1187 3223 1277 3273 voces,
1295 3225 1399 3274 eosque,
1413 3212 1456 3275 qui
1470 3226 1527 3262 vere
1541 3213 1671 3262 effectores
1681 3214 1750 3272 sunt,

977 3309 1132 3359 contumeliis
1143 3309 1255 3372 impetis,
1269 3313 1294 3360 et
1315 3324 1428 3373 magliam
1442 3311 1606 3372 Artemitam,
1618 3323 1662 3372 per
1676 3323 1751 3372 quam
1804 3347 1809 3356 .

977 3404 1038 3484 vivit
1045 3407 1072 3453 et
1080 3393 1189 3467 iigorem
1202 3404 1276 3455 habet
1287 3405 1410 3468 provincia
1418 3405 1554 3465 inuenire,
1568 3419 1672 3466 cumque
1686 3418 1715 3454 ee
1726 3407 1752 3452 et

977 3501 1137 3552 fortissimum
1149 3506 1245 3563 Jorcm,
1256 3504 1313 3553 ooeli
1323 3507 1348 3554 et
1359 3507 1431 3554 terrae
1442 3503 1568 3580 opificem,
1578 3504 1633 3565 post
1644 3503 1710 3551 hunc
1726 3505 1752 3551 et

976 3599 1037 3649 alos
1046 3600 1114 3662 deos,
1125 3614 1187 3664 quos
1197 3601 1289 3650 vocasti
1298 3600 1418 3652 inanimus
1427 3603 1453 3650 et
1462 3603 1557 3657 mutos;
1566 3599 1627 3648 etad
1638 3611 1683 3648 nos
1691 3612 1750 3662 quo·

976 3694 1131 3757 queinjuvies
1140 3694 1278 3763 extendisti.
1305 3693 1448 3743 sustinuisti
1462 3692 1750 3754 enimnosdicereequos

977 3794 1003 3840 et
1015 3791 1110 3851 mulos,
1121 3803 1267 3852 omnemque
1283 3788 1400 3852 adjiciens
1418 3789 1604 3848 contumeliam,
1618 3789 1693 3838 ctiam
1709 3800 1748 3836 ra·

977 3887 1050 3936 tionis
1059 3888 1171 3948 expertes
1184 3898 1230 3934 nos
1240 3884 1321 3934 dicere
1332 3896 1408 3933 ausus
1420 3897 1456 3934 es.
1468 3887 1539 3934 Nunc
1550 3883 1648 3934 tradam
1660 3886 1684 3932 te
1692 3895 1749 3932 cru·

976 3980 1088 4041 delibus,
1100 3982 1127 4030 et
1135 3977 1348 4043 comuminjiciam
1356 3979 1461 4029 maxillis
1469 3978 1528 4038 tuis,
1541 3983 1570 4027 ut
1577 3977 1696 4041 percipies
1703 3990 1751 4026 vs·.

977 4077 1078 4128 nitatem
1091 4076 1222 4126 verborum
1235 4078 1351 4137 mamm,
1368 4089 1424 4138 quoe
1443 4076 1540 4125 locutus
1557 4087 1584 4122 es
1597 4086 1680 4122 coram
1693 4085 1747 4130 me;

977 4187 1034 4222 cum
1051 4173 1076 4220 id
1095 4170 1140 4220 tihi
1155 4185 1240 4221 eorum
1257 4185 1332 4221 censa
1356 4171 1488 4234 contingat.
1521 4173 1552 4219 Et
1569 4168 1631 4229 hoc,
1651 4169 1744 4230 lnquit,

975 4268 1021 4318 tibi
1032 4282 1147 4332 magnum
1161 4272 1212 4329 est,
1225 4266 1290 4330 quod
1302 4266 1401 4316 locutus
1412 4264 1447 4314 sis
1461 4277 1544 4314 eoram
1556 4276 1612 4323 me,
1627 4263 1687 4312 etto
1700 4260 1746 4310 ho

975 4368 1118 4416 noreverim.
1151 4369 1183 4415 st
1193 4368 1221 4415 tu
1230 4364 1291 4414 mihi
1305 4362 1462 4426 respondisti,
1476 4364 1504 4411 ut
1516 4361 1605 4424 aequali
1617 4362 1669 4409 tuo.

1005 4462 1020 4525 §
1035 4466 1072 4511 29.
1085 4462 1154 4509 Tunc
1175 4457 1287 4507 manibus
1299 4456 1325 4505 in
1341 4461 1436 4518 tergum
1457 4452 1575 4504 revinctis
1588 4451 1682 4515 alligari
1692 4451 1747 4514 jus·

974 4562 1021 4622 sit,
1036 4563 1061 4611 et
1074 4573 1171 4609 semum
1186 4558 1223 4608 ori
1242 4558 1295 4620 ejus
1316 4555 1404 4615 inseri.
1422 4566 1566 4616 messesque
1586 4552 1662 4602 excisi
1680 4554 1746 4616 apud

973 4661 1041 4725 ipsos
1055 4660 1113 4710 solis
1128 4659 1201 4709 dorso
1214 4658 1268 4719 ejus
1280 4657 1383 4721 imponi3
1398 4657 1604 4716 constrictumque
1615 4652 1669 4702 loro
1681 4653 1746 4704 arce

973 4764 1059 4824 pectus
1094 4759 1189 4808 sortiter
1220 4758 1368 4820 stringente,
1396 4753 1512 4819 suspendi
1545 4754 1572 4802 in
1608 4751 1745 4804 celsissimo

973 4861 1027 4910 loco
1052 4829 1136 4922 politii
1151 4858 1189 4908 sui
1208 4871 1252 4920 per
1274 4857 1436 4907 instrumente
1458 4853 1607 4904 meehunios.
1654 4848 1745 4901 lleusit

973 4963 1055 5010 aulem
1065 4960 1160 5021 septem
1167 4955 1256 5006 diebus
1268 4955 1305 5006 sio
1315 4967 1449 5018 suspensus
1460 4971 1466 5002 ι
1477 4956 1552 5012 tunc,
1563 4950 1662 5011 jubente
1672 4957 1742 5010 repe,

974 5059 1098 5108 solvemnt
1119 5056 1201 5119 ipsum
1221 5051 1380 5104 οιαιιιίωἰιυία
1400 5046 1666 5108 vehementissimeque
1684 5056 1741 5092 cra·

975 5156 1079 5207 cunnus
1088 5155 1143 5205 istis
1154 5175 1161 5204 ι
1172 5155 1327 5216 lereutesque
1335 5165 1392 5202 eum
1402 5151 1517 5201 stitemnt
1525 5146 1585 5209 regi.
1597 5145 1742 5195 iterantem

1652 5237 1666 5274 ο
