3809 5859
432 344 684 407 uacuuuuus
704 344 834 407 ANNUS
853 344 904 405 lli.
925 346 1002 407 6961
1028 344 1264 425 (ilsesslsal'
1287 344 1345 425 C..)

86 507 148 562 πρω
149 504 192 541 τον
202 480 249 557 μὲν
258 478 426 556 λαμθιίνει
402 502 447 537 τον
463 478 557 583 ξυνήθη
569 475 748 586 δασμσναθτῷ
758 479 810 536 τῶν
819 476 868 535 λα-

86 564 318 651 ρίρων,ίπιιταδ
304 566 330 625 δδ
345 564 418 625 καθ’
403 568 543 678 αρισττῑα
534 563 586 623 ιἰπθ
595 564 701 622 πσίντων
719 561 864 641 ἐκλέγεται,

86 655 264 733 παρθένουςτε
277 652 376 733 ώραίας
389 653 482 711 xci*
447 676 499 712 των
513 644 543 710 ευ
552 650 697 762 γεγονότων
708 651 755 709 καί
768 653 865 718 παῖδας

85 743 258 814 καλλίστους,
279 740 350 801 ἔστιν
370 741 429 800 θδδ
441 740 541 800 τσιίτων
562 741 609 798 καὶ
624 740 782 815 ώνοιίμινσς
790 740 864 820 παρὰ

87 835 141 890 τῶν
157 832 352 913 στρατιωτῶν.
382 828 414 908 (a)
429 826 615 905 ’δΕκλίγεται
601 825 736 886 disci*
702 850 753 885 των
768 828 863 908 impc-

88 923 141 979 νῶν
156 918 258 996 ἀνδρῶν
272 916 316 984 σθς
336 915 465 994 ἐμάνθανε
484 913 560 994 γίνιι.
569 936 598 973 τε
617 913 663 972 καλ
686 914 807 995 φρονήσει
818 914 864 973 καί

88 1010 174 1086 ἀρετῇ
185 1003 315 1086 διαρίριιν
320 1008 373 1063 τῶν
379 1004 477 1074 ἄλλων,
489 1002 534 1061 καὶ
542 1001 574 1075 δὴ
582 1000 628 1061 καλ
640 1003 763 1082 Νσταρδν
773 1001 862 1073 αὐτὸν,

86 1095 171 1174 ἄνδρα
186 1096 238 1151 τῶν
253 1095 368 1152 δυνατῶν
381 1114 410 1151 τε
425 1091 470 1150 καλ
484 1093 616 1170 ίπιρανῶν
634 1088 698 1149 ὄντα
716 1091 743 1148 ἔν
760 1112 789 1148 τε
803 1088 863 1164 ξυν-

86 1183 142 1241 έσει
161 1181 206 1240 καί
223 1180 329 1261 πλούτῳ
352 1178 400 1239 καλ
417 1183 488 1260 ἀρχῇ
507 1176 552 1237 καλ
571 1180 651 1257 ἀρετῇ
669 1177 721 1236 καί
741 1179 863 1258 πολιτικῇ

86 1270 213 1346 δυνάμει,
230 1269 277 1327 καλ
292 1276 359 1348 τιμᾷ
379 1270 516 1345 emtores
538 1265 620 1345 ίσίδιρ
637 1269 671 1346 τῇ
687 1265 751 1345 παρ’
773 1264 863 1339 αὐτὸν,

88 1357 140 1416 καί
153 1356 237 1435 λόγων
254 1356 414 1433 μεταδίδωσι
436 1353 573 1432 μειλιχίων
591 1351 636 1411 καλ
654 1355 782 1432 χρηστοῖς
801 1354 864 1410 σίνα-

89 1454 188 1504 κτθῖται
202 1453 259 1512 ταῖς
279 1443 395 1516 ἐλπίσιν,
406 1445 435 1501 σθ
450 1440 528 1517 μόνον
549 1440 641 1515 αθτδν,
654 1438 723 1498 diii
740 1440 786 1499 καὶ
806 1439 864 1508 τοὺς

90 1532 185 1600 σίλλους
207 1530 266 1599 τοὺς
283 1533 340 1610 μετ’
355 1533 447 1591 αὐτοῦ·
468 1528 540 1608 ἐσῄει
554 1527 604 1609 γὰρ
623 1528 699 1588 etsie
720 1527 790 1596 ἔλεος
811 1533 863 1587 τῶν

89 1622 189 1699 ἀνδρῶν
204 1618 249 1679 καὶ
262 1623 308 1689 τῆς
321 1618 462 1698 δυστυχίας
473 1620 576 1688 αὐτῶν,
590 1614 755 1701 ίξμίαςᾶρα
773 1617 861 1675 εθδαι-

87 1707 180 1782 μανίας
188 1711 213 1775 ἐς
221 1704 279 1766 οἵαν
289 1704 494 1783 κακοδαιμονίαν
505 1704 749 1785 simpaco-‘xci
758 1704 863 1783 χρηστὰ

87 1794 149 1877 περί
161 1798 246 1855 αὐτῶν
266 1791 434 1863 ίθουλεθετο,
457 1797 480 1852 ei
500 1793 547 1852 καί
563 1797 578 1852 δ
598 1792 687 1871 φθόνος
702 1794 795 1873 μικρὸν
813 1796 861 1852 οθκ

87 1883 176 1941 εἴασεν
198 1882 314 1962 ὕστερον.
356 1883 389 1959 ta)
407 1880 564 1957 Διαθίμενος
578 1881 606 1939 δὲ
623 1880 708 1939 τοῦτοί
721 1903 750 1939 τε
769 1879 814 1938 καὶ
828 1878 862 1938 ad

88 1971 158 2029 κατδ
172 1969 231 2037 τοὺς
245 1968 405 2049 στρατιώτας
416 1967 521 2028 ἅπαντα
535 1970 625 2035 καλῶς
638 1968 731 2035 καθώς
743 1958 775 2038 ἦν
789 1970 861 2047 αὐτῷ

1634 355 1646 413 ·l
1654 352 1689 412 01

922 475 992 535 κατὰ
1005 481 1080 546 νοῦν,
1100 476 1147 535 καλ
1169 476 1284 555 τιμησας
1303 477 1361 546 τοδς
1382 476 1429 559 μίν
1450 480 1536 537 αιἰτων
1550 480 1693 561 cippaticos

921 562 967 621 καὶ
980 560 1130 641 ἀξιώμασι,
1143 564 1204 631 τοθς
1216 564 1308 643 δίχρ’
1277 588 1394 643 ρημασι,
1408 562 1467 632 τοὺς
1488 567 1516 625 δὲ
1538 567 1693 647 σιτηρεσίοις

920 673 966 708 και
984 652 1115 717 παντοίοις
1137 651 1226 720 ἄλλοις
1246 644 1407 733 impotes*
1377 676 1406 711 ευ
1427 654 1576 721 πεποιηκώς
1590 678 1619 714 τε
1636 656 1691 714 καὶ

919 739 1105 817 δεξιωσάμενος
1120 740 1164 807 ai<
1181 742 1239 821 ᾔδει
1260 743 1348 808 καλῶς
1367 741 1593 820 ἀγωνισαμένους,
1606 744 1646 804 ἔτι
1663 766 1692 803 τι

918 830 1106 909 δημηγορήσας
1128 829 1172 889 καί
1194 828 1281 889 πολλὰ
1303 828 1383 890 εἰπών
1407 833 1433 898 ἐς
1455 830 1613 891 ἔπαινον’
1581 855 1691 912 ρερσντα

918 916 1140 997 καὶιεθχαριστίαν
1156 920 1254 988 αὐτῶν,
1265 916 1373 978 ἀπολύει
1386 916 1432 990 τὴν
1443 918 1580 998 στρατισίν.
1594 920 1628 999 (a)
1641 923 1693 991 λθ·

917 1006 960 1071 τδς
975 1003 1002 1062 δὲ
1016 1004 1084 1081 μιτσί
1098 1027 1127 1082 γε
1140 1008 1192 1063 τῶν
1212 1006 1238 1063 ir
1260 1005 1328 1065 τίλιι
1348 1004 1393 1064 καί
1406 1008 1454 1077 τῆς
1468 1006 1534 1072 ἰδίας
1548 1008 1630 1079 αὐλῆς
1645 1006 1691 1067 is·

919 1114 984 1151 τισιν
1000 1093 1025 1157 ἐς
1037 1090 1085 1162 τὴν
1100 1091 1189 1166 πόλιν,
1206 1098 1253 1151 καί
1266 1097 1370 1173 πρῶτον
1394 1092 1557 1173 βσυλιιίεται,
1571 1092 1641 1162 ὅπως
1659 1093 1690 1154 ἂν

921 1178 1003 1249 αὐτὴν
1014 1176 1159 1246 ξυνοικίσας
1176 1180 1274 1252 ποίλιν,
1287 1182 1337 1259 σιἰχ
1350 1176 1410 1239 isar
1422 1172 1453 1253 ἦν
1466 1181 1607 1261 πρότερον,
1622 1184 1691 1242 ἀλλὰ

918 1266 964 1326 καί
975 1266 1084 1325 πᾶσαν*
1097 1265 1237 1339 είδισίαιτσ,
1254 1265 1323 1325 ὥστε
1337 1268 1468 1347 βασίλειον
1481 1259 1548 1327 εἶναι
1563 1272 1650 1349 αὐτῷ,
1665 1272 1692 1329 ἐν

919 1352 1047 1433 ἐπικαίρῳ
1072 1358 1120 1432 γῆς
1142 1353 1186 1413 καί
1207 1354 1341 1426 θαλάσσης
1364 1354 1501 1431 κειμίνην·
1524 1355 1615 1415 ἔπειτα
1637 1359 1690 1416 δω-

920 1448 1004 1519 ρεῖται
1017 1449 1083 1500 πᾶσι
1102 1444 1155 1509 τοῖς
1177 1464 1206 1499 τε
1225 1444 1252 1501 ἔν
1271 1440 1340 1501 τίλιι
1364 1442 1409 1501 καὶ
1432 1442 1535 1509 οἰκείοις
1558 1444 1641 1511 οἰκίας
1661 1468 1689 1504 τε

919 1526 1044 1608 λαμπρὰς
1057 1526 1104 1595 τδις
1112 1531 1164 1586 τῶν
1175 1530 1291 1587 δυνατῶν
1305 1529 1351 1588 καί
1361 1529 1534 1607 παραδείσους
1544 1532 1589 1591 καί
1598 1530 1692 1612 σἰγρσθς

918 1614 964 1674 καὶ
986 1616 1119 1693 ἀμπέλους
1141 1616 1194 1675 ἔσω
1212 1622 1259 1689 τῆς
1284 1618 1399 1691 πολεως,
1420 1627 1472 1685 τοῖς
1497 1618 1524 1677 δὲ
1547 1618 1592 1679 καὶ
1614 1620 1690 1689 νασδς

918 1706 1074 1782 πιρικαλεῖς,
1088 1701 1156 1763 ώστε
1166 1694 1234 1763 εἶναι
1248 1706 1335 1773 αὐτοῖς
1345 1708 1369 1772 l<
1381 1706 1543 1777 κατοίκησιν.
1555 1709 1587 1786 (3)
1598 1708 1692 1768 Ἐκλί·
1771 1698 1775 1709 ’

917 1814 992 1868 γεται
1011 1790 1109 1851 δὲκαὶ
1127 1792 1205 1859 αθτδς
1221 1792 1265 1851 τὸν
1282 1793 1361 1869 μέσον
1377 1794 1423 1853 καὶ
1447 1794 1587 1855 κᾶλλιστον
1608 1800 1693 1875 χῶρον

918 1884 966 1951 τῆς
981 1878 1082 1946 πόλεως
1098 1883 1123 1947 ἐς
1138 1881 1276 1959 οἰκοδομὴν
1292 1882 1441 1959 βασιλείων.
1457 1882 1534 1941 Μετὰ
1554 1881 1581 1941 δὲ
1599 1888 1690 1958 τοῦτο,

915 1970 967 2028 τῶν
995 1967 1172 2047 αἰχμαλώτων
1197 1968 1270 2035 ὅσους
1297 1967 1375 2028 ἔλαθε
1399 1969 1500 2045 δασμὸν
1522 1969 1566 2037 iim
1590 1970 1691 2047 γυναιξί

88 2137 160 2200 longe
173 2102 364 2197 aliter'judieant
379 2135 499 2185 Pusculus
512 2139 539 2184 et
559 2133 707 2185 manardus.
723 2133 843 2183 Videlicet
856 2133 990 2183 acerrimus
1007 2133 1054 2184 luit
1068 2139 1116 2184 τῶν
1126 2137 1245 2184 tenacem
1265 2134 1437 2195 adversarius,
1453 2135 1514 2185 adeo
1528 2140 1558 2187 ut
1571 2136 1662 2189 dixerit
1677 2152 1684 2182 =

89 2205 245 2271 κρειττθτερθν
256 2208 318 2255 ἐστιν
330 2208 412 2255 εἰδέναι
425 2208 450 2255 ἐν
465 2207 525 2269 μίση
539 2212 567 2268 τῇ
584 2206 651 2254 πόλει
670 2204 789 2268 ρακιθλισν
803 2206 926 2267 βασιλεῦον
942 2204 1053 2267 Τοθρκων
1076 2205 1235 2269 λκαλύπτρκν
1253 2206 1381 2265 Λατινικήν
1398 2206 1493 2271 (Duces
1513 2220 1538 2269 p.
1560 2210 1612 2267 ml,
1631 2211 1658 2257 la
1668 2207 1686 2271 )‚

88 2279 127 2327 De
138 2291 169 2328 ee
184 2276 219 2326 ita
233 2276 354 2327 Puscnlus
367 2281 388 2339 1,
404 2279 449 2326 334
467 2296 473 2326 :

712 2368 803 2423 ρειιιτίσ
812 2380 860 2412 aare
866 2368 1056 2421 nominaturus,

553 2442 596 2474 ιιεσ
604 2428 662 2473 recti
670 2429 757 2482 studio,
769 2430 882 2485 peccaras
892 2442 995 2486 ιιαιιιρυο
1005 2431 1085 2474 oderat
1095 2436 1158 2475 ortes

556 2492 673 2536 tartarus
680 2490 933 2545 mc,ndopamsamc‚
945 2504 1004 2547 quas
1018 2491 1119 2547 turpiter
1128 2492 1178 2547 ipse

553 2557 576 2597 el
585 2556 654 2609 pater
661 2552 693 2596 ad
702 2565 822 2598 summam
830 2556 954 2600 centulum
962 2558 1107 2605 cerraseratc
1115 2555 1174 2601 olim

552 2614 676 2670 pisciculos
685 2616 799 2660 vendebat
809 2629 881 2670 ουυις
889 2618 1006 2673 menetai
1014 2620 1042 2663 ιἰι
1052 2617 1109 2661 arte

554 2676 624 2727 alter,
633 2675 733 2720 corrsilio
743 2679 835 2732 strepis
843 2678 946 2723 vetando
953 2680 1053 2723 uectat.

553 2736 779 2791 ltaliamiuprimis,
791 2738 992 2795 munditiamque
1006 2741 1122 2785 Latinum
1192 2769 1193 2773 =

555 2810 641 2842 ιισιιιειι
650 2798 700 2842 aeri
708 2799 931 2846 iuvidiccoacussus
945 2801 972 2845 ιἰι
980 2814 1050 2845 omen
1058 2804 1158 2848 Ιιοθιθαι

552 2859 870 2918 ίιιΙααάυιιςΜείουεσυάίσ
883 2864 1020 2919 perhibebat
1035 2865 1061 2909 ia
1070 2878 1142 2911 αυινισ

553 2922 617 2974 sessi
627 2922 763 2974 concilium,
774 2924 847 2967 victos
855 2936 898 2967 uec
908 2924 985 2968 cedere
998 2926 1081 2981 Graios

557 2984 663 3039 pontiflci
677 2997 768 3029 summa
782 2986 948 3045 Romauajurs
963 2987 1065 3035 uotrtet.

124 3073 242 3125 Similiter
252 3073 377 3123 leonardo
388 3072 572 3137 archiepiscopo
588 3069 614 3137 ρ.
630 3077 676 3123 333
689 3078 728 3123 est
743 3077 823 3124 raiscr
841 3075 888 3125 illc
905 3079 950 3139 qut
966 3089 1068 3141 semper
1086 3077 1198 3138 pieriam
1212 3075 1358 3125 mendaciis
1377 3076 1403 3126 el
1418 3075 1559 3125 schismate
1578 3076 1690 3139 captare

89 3146 253 3207 concupivit.
268 3143 407 3193 Swundum
420 3145 516 3192 Ducam
529 3157 553 3206 p.
567 3148 612 3193 335
625 3146 715 3206 eaptus
728 3147 832 3195 Notaras
842 3148 881 3196 est
894 3150 1024 3210 postquam
1034 3162 1049 3197 a
1061 3146 1164 3196 Basilica
1177 3149 1247 3211 porta
1261 3146 1362 3195 deinum
1373 3158 1400 3195 sc
1412 3146 1557 3195 contulerat.
1570 3144 1686 3208 [uanum

87 3214 154 3263 lianc
164 3214 236 3264 sitam
246 3213 323 3264 luuse
334 3226 410 3276 prope
417 3211 579 3263 Bucoleooem
586 3213 650 3261 inter
661 3216 745 3274 portas
756 3215 904 3279 Tctottedp
916 3216 989 3280 iupa
998 3220 1024 3266 ct
1034 3214 1242 3281 acher-Kepuut
1253 3218 1336 3265 censet
1344 3214 1530 3267 Mordtmannns
1541 3214 1558 3265 l.
1569 3215 1585 3265 l.
1598 3228 1621 3279 p.
1637 3220 1690 3273 itt.

88 3283 134 3345 qni
142 3282 293 3333 ibiinmuro
304 3281 373 3333 urhis
385 3283 477 3333 hancce
490 3282 599 3347 repperit
611 3282 815 3346 inscriptionem:
1656 3330 1658 3337 .

536 3382 661 3499 ssgffm
663 3379 681 3498 ἑ
683 3380 785 3444 Reliqua
798 3382 868 3432 trabe
881 3381 960 3445 lignea
968 3384 1067 3434 oblecta
1079 3384 1150 3445 sunt)

336 3505 351 3537 ⁰
537 3522 780 3571 ιιιιιιιιιιιιειτοι

89 3640 118 3674 ex
133 3639 182 3687 qna
196 3624 270 3675 simul
282 3629 366 3687 patere
377 3624 500 3675 existimat
510 3640 627 3689 magnum
640 3626 729 3677 ducam
741 3627 801 3676 olim
812 3627 952 3691 interpretis
964 3641 1064 3677 munere
1079 3626 1144 3691 apud
1153 3627 1326 3689 imperatorem
1335 3625 1448 3675 sunctum
1463 3637 1525 3673 esse.
1540 3624 1569 3674 ld
1583 3628 1691 3674 umcne

89 3699 202 3758 genetiuo
217 3697 379 3759 διερμηνευτσῡ
393 3695 474 3759 colligi
490 3697 584 3760 nequit.
599 3697 735 3747 lielerenda
744 3711 792 3746 vox
801 3696 832 3747 ad
849 3700 946 3761 patrem
958 3701 1046 3758 Lucas,
1057 3697 1183 3747 Nicolaum
1194 3698 1323 3753 Nolanam
1340 3694 1479 3743 huncenim
1492 3693 1613 3743 Mannelis
1624 3694 1684 3755 imp.

91 3768 254 3828 διερρηνευτὴν
263 3766 339 3815 inisse
350 3769 431 3815 Ducas
441 3780 467 3830 p.
481 3772 520 3825 33,
536 3773 566 3816 to
577 3770 668 3819 narrat.
684 3770 769 3831 ltequc
782 3783 810 3819 ex
820 3783 850 3819 ce
863 3769 930 3831 qnod
939 3772 1021 3819 Ducas
1032 3782 1057 3831 p.
1072 3772 1116 3817 135
1128 3772 1223 3818 3ιιιιειιι
1237 3768 1371 3825 memorat,
1386 3765 1411 3813 in
1427 3778 1476 3827 qua
1492 3764 1585 3813 inclusa
1598 3764 1689 3814 lamilia
1727 3812 1732 3821 ,

91 3838 164 3885 Luce
178 3836 271 3884 ¹lurcos
281 3834 536 3898 sggrelicotcsarccre
544 3835 669 3894 studebat,
682 3838 839 3900 consequitur
849 3838 950 3887 domum
960 3841 1033 3887 Lucae
1041 3838 1072 3887 ad
1085 3852 1182 3887 mamm
1191 3836 1215 3887 in
1225 3851 1275 3899 quo
1288 3835 1414 3899 inscriptio
1423 3838 1513 3891 exstat.
1524 3834 1596 3883 sitam
1606 3834 1688 3885 disse.

90 3905 244 3954 Probabilius
257 3918 289 3954 ex
306 3905 378 3954 titulo
394 3906 492 3969 colligas
511 3906 585 3955 istam
603 3906 670 3956 muri
687 3907 774 3957 urbani
791 3910 887 3970 partem
902 3922 918 3957 a
938 3909 1004 3957 Luca
1025 3907 1100 3957 luisse
1118 3906 1302 3969 restauratam]
1317 3908 1356 3967 lte¹
1367 3906 1506 3968 comperta.
1526 3902 1691 3955 ltleehcmetes

90 3976 159 4028 arisit
171 3976 213 4039 qui
229 3978 319 4025 Lucam
331 3977 432 4039 ejusque
458 3976 577 4026 familiam
590 3977 742 4027 custodirent
754 3992 784 4027 ac
795 3981 931 4029 tuerentur.
945 3978 1087 4027 Adductum
1101 3977 1188 4027 deinde
1198 3990 1278 4039 quum
1295 3990 1339 4027 rex
1358 3976 1521 4039 increpasset,
1539 3974 1606 4036 quod
1619 3974 1689 4025 dedi·

91 4046 158 4095 tione
175 4046 243 4095 urhis
262 4048 367 4108 stragem
382 4058 430 4094 non
444 4047 589 4104 avertisset,
605 4050 685 4097 Lucas
703 4048 801 4111 culpem
815 4047 868 4109 cius
881 4048 918 4098 rci
935 4048 961 4097 in
974 4047 1094 4098 chalilem
1107 4046 1191 4097 verbis
1201 4046 1356 4110 lectistrel,
1379 4043 1514 4097 meandum
1534 4044 1689 4095 Leonardnm

92 4129 117 4177 p.
137 4119 192 4173 333,
208 4114 351 4163 monstratis
367 4114 466 4164 canillis
478 4114 569 4175 literis)
584 4117 714 4168 retorsisse
731 4117 831 4167 dicitur.
854 4118 959 4181 Propius
971 4117 1003 4167 ad
1019 4115 1139 4167 critobuli
1152 4117 1316 4166 narrationem
1332 4116 1452 4166 accedunt
1461 4128 1517 4177 quae
1530 4112 1596 4165 idem
1605 4116 1688 4165 Duces

92 4199 117 4248 p.
135 4190 178 4234 301
192 4197 230 4246 sq.
243 4184 359 4247 prodidit.
373 4184 410 4233 131
428 4187 519 4233 Lucam
528 4184 602 4235 simul
614 4199 671 4235 cum
689 4187 801 4238 orchane
815 4193 915 4252 captum
925 4201 980 4238 esse
993 4191 1090 4247 namet,
1105 4188 1281 4237 Mechemelem
1295 4200 1355 4236 vero
1370 4186 1487 4235 Nolaram
1499 4185 1524 4233 in
1539 4184 1690 4235 Cosmidium

88 4253 228 4304 adductum
239 4253 340 4317 henim
350 4254 474 4316 excepisse
487 4258 514 4304 et
523 4254 621 4305 lamilin
632 4256 685 4319 ejus
702 4270 787 4307 caram
798 4258 925 4320 habuisse,
939 4271 969 4307 ac
978 4257 1037 4309 duci
1048 4256 1139 4307 dixisse
1159 4277 1165 4307 :
1182 4274 1195 4300 ι
1209 4258 1258 4314 Τὴν
1276 4257 1343 4306 πόλιν
1358 4256 1445 4313 ταύτην
1462 4272 1501 4305 σοι
1520 4255 1596 4316 μέλλω
1611 4271 1688 4316 παρα·

92 4324 232 4373 καταθέσθαι
245 4329 288 4372 τσῦ
301 4324 414 4386 ἔχειντὴν
425 4325 521 4375 ἅπασαν
532 4327 602 4385 αὐτῆς
616 4328 737 4391 φροντίδα,
746 4329 788 4376 καὶ
800 4330 896 4385 ποιήσω
905 4343 933 4376 σε
943 4328 976 4382 τίς
986 4328 1144 4391 κρειστστέραν
1156 4325 1223 4381 δόξαν
1234 4324 1289 4389 παρ’
1300 4327 1329 4384 ἢν
1344 4327 1404 4388 εἶχες
1420 4326 1445 4375 ἐν
1456 4330 1490 4385 τῷ
1501 4329 1576 4385 καιρῷ
1592 4329 1632 4372 τοῦ
1645 4326 1690 4385 βα-

88 4395 188 4450 σιλέως.
201 4394 286 4457 καὶμὴ
297 4394 411 4456 ἀθύμει
423 4393 499 4444 addit
513 4394 649 4461 deinceps·
673 4399 851 4461 Εδγαριστήσας
872 4397 912 4447 οὖν
933 4398 974 4447 καὶ
994 4398 1160 4457 ἀσπασάμενος
1178 4398 1221 4455 τὴν
1238 4398 1310 4447 αὐτοῦ
1323 4401 1391 4459 γεῖρα
1410 4394 1513 4453 ἀπῆλθεν
1523 4396 1555 4448 εἰς
1567 4394 1607 4442 τὸν
1620 4392 1686 4441 οἶκον

92 4464 175 4513 αὐτοῦ.
189 4465 277 4514 Μαθὼν
290 4465 316 4513 u
327 4471 384 4526 παρ’
396 4465 468 4513 αθτσυ
477 4465 507 4513 τὰ
517 4464 623 4527 δνόματα
636 4472 683 4519 τῶν
695 4470 795 4529 εὐγενῶν
809 4485 856 4516 των
865 4469 890 4517 tr
904 4472 939 4531 τῷ
952 4469 1061 4529 παλατίιρ
1070 4468 1247 4530 διαπριψαντων
1259 4466 1427 4529 θρρικιαλίων,
1436 4464 1530 4514 πάντων
1539 4463 1570 4511 τὰ
1581 4461 1686 4523 ὀνόματα

93 4535 395 4597 scripsissemus&
412 4534 596 4591 πλοίοιςκαλίν
613 4542 664 4593 ταῖς
679 4543 776 4596 σκηναῖς
797 4516 951 4600 συναθροίσας
969 4538 1106 4621 σύμπαντας
1124 4537 1277 4603 ἑξηγθρασιν,
1293 4537 1338 4585 ἀνὰ
1352 4536 1462 4599 γιλίων“
1451 4539 1561 4597 ασπρων
1558 4532 1620 4586 δοὺς
1641 4539 1689 4589 τοῖς

93 4602 1690 4671 'lcopxoceetcBenevolentiequaltotaremrexprosecutnssrtpaucrsetramtlhalcocondylasptol‚2umemrn1tLonge

90 4672 140 4721 alia
154 4674 230 4723 tradit
240 4675 408 4737 Phrantresp.
422 4679 477 4735 331,
489 4680 527 4734 13,
543 4675 610 4738 apud
621 4689 696 4739 quem
708 4679 806 4727 lietarcc
822 4676 982 4728 animusvills
995 4678 1159 4728 acerbissimis
1170 4677 1472 4729 conviciisallechemcte
1482 4674 1622 4735 castigatur.
1636 4672 1647 4734 ll
1661 4702 1689 4713 -

94 4746 134 4792 ὅν
136 4744 297 4808 cisrcmgo
316 4746 448 4807 oportent
472 4746 530 4807 11-
546 4746 714 4811 accepisses]
732 4748 850 4811 siemgo3
863 4750 992 4799 κατέπεσον
1006 4752 1068 4843 text.
1084 4753 1146 4799 Ante
1164 4748 1239 4801 verba
1255 4749 1279 4805 ἐξ
1292 4748 1344 4804 στας
1360 4748 1416 4796 lert.
1435 4744 1551 4795 excidit
1542 4762 1566 4793 ιι
1558 4746 1627 4792 ναῶν
1651 4744 1689 4794 rel

94 4785 223 4869 talequid.
241 4806 252 4869 ΙΙ
267 4832 298 4841 -
313 4806 425 4869 ὕστερον]
442 4807 498 4857 vid.
514 4808 565 4871 93

126 4875 175 4937 §le
189 4875 339 4941 nunciatum]
349 4877 553 4935 συνοικνσαςσοθ
567 4878 729 4941 ΙΙ-πᾶσαν*
736 4878 857 4942 εδιααιτσ]
867 4881 990 4943 corrupta
998 4880 1059 4930 luae
1072 4881 1178 4931 ἀλλακαι
1187 4881 1273 4943 μαλλον
1287 4882 1316 4938 (s.
1327 4878 1407 4939 arcer)
1419 4876 1568 4926 τυοιιιθοιτορ
1585 4874 1687 4937 Η-τὰς

90 4951 151 4996 vaute
158 4954 205 4997 τῶν
215 4950 318 4997 δυνατῶν
330 4946 391 4997 add.
409 4954 475 4997 1333.
490 4948 501 5011 ΙΙ
516 4975 548 4985 -
559 4949 600 5012 9
604 4987 609 4998 .
586 4950 662 4998 3τθν
675 4953 746 5011 μέσον
756 4949 845 5013 χῶρον]
857 4950 893 5000 (Ji⁴
905 4957 928 5010 3,
943 4956 981 5011 1,2
994 4970 1000 4999 :
1011 4951 1051 5000 τὸν
1064 4952 1174 5000 πλεῖστον
1187 4951 1228 4999 καὶ
1242 4950 1365 4998 κάλλιστον
1376 4946 1479 5010 χῶρον,“
1473 4959 1498 4993 ιιι
1507 4958 1558 5007 que
1565 4948 1688 4993 structum

95 5016 284 5081 palatiumqnod
292 5032 356 5068 nunc
364 5017 633 5069 Eski-Scretvocalur.
648 5020 763 5070 ceterum
772 5021 818 5070 hoc
824 5020 941 5084 palatium
952 5033 994 5069 rex
1003 5021 1124 5071 edificare
1134 5020 1207 5083 capit
1215 5022 1300 5069 aestale
1309 5018 1364 5067 anni
1372 5020 1439 5076 1433,
1451 5019 1580 5079 postquam
1590 5013 1689 5077 aprima

95 5090 179 5137 contra
187 5091 285 5138 Servios
295 5086 450 5149 expeditione
458 5088 483 5151 [a
495 5089 675 5140 critobulonon
684 5090 831 5153 memorata]
840 5090 917 5139 redux
928 5090 1160 5152 (lanstantinopodm
1168 5092 1276 5141 venerat.
1288 5090 1369 5137 Duces
1378 5101 1403 5151 p.
1413 5088 1469 5144 317,
1480 5089 1509 5135 13
1525 5106 1531 5134 :
1542 5086 1651 5134 εἰσελθὼν
1662 5085 1688 5147 dt

95 5155 121 5204 ἐν
134 5162 162 5221 τῇ
174 5159 239 5209 πόλει
248 5159 289 5209 καὶ
298 5159 452 5222 διαματρήσας
463 5160 487 5209 ἐν
497 5163 564 5225 μίτῳ
574 5162 644 5220 αὐτῆς
651 5166 695 5223 γῆν
703 5164 855 5225 περιέχουσαν
865 5161 949 5212 στάδια
960 5162 982 5220 η’
992 5164 1006 5220 ἢ
1018 5164 1058 5211 καὶ
1070 5163 1148 5224 πλέον,
1158 5163 1265 5212 esame
1273 5159 1404 5224 περισρίσαι
1414 5159 1486 5218 αὐλὴν
1495 5159 1536 5206 καὶ
1547 5158 1609 5207 ἔνδον
1617 5156 1689 5213 αὐτῆς
