3809 5859
232 344 293 410 tte

233 474 323 553 πατὴρ
336 474 415 531 αὐτοῦ
431 469 611 546 Παλαμήδης,
620 468 672 548 πρό
685 472 779 545 μικροῦ
794 458 937 540 τελευτῶν,
955 489 1006 524 κα·

236 562 341 621 τέλιπεν
358 562 385 619 ἐν
403 565 461 623 ταῖς
475 558 555 615 αὐτοῦ
569 556 705 626 διαθήκαις
719 555 796 613 αὐτόν
808 577 837 613 τε
850 555 952 633 Δωριέα
964 554 1009 612 καῖ

233 650 282 721 τὴν
295 643 529 725 τοῦπρεσόυτέρου
545 646 657 724 άδελροῦ
666 647 778 722 γυναῖκα
789 643 902 710 καὶτοὺς
915 644 1011 709 παῖδας

235 735 412 817 κληρονόμους
427 737 522 792 τετῶν
542 735 621 791 αὐτοῦ
641 733 749 791 πάντων
765 731 791 800 ἐξ
807 733 876 803 ἴσης,
899 731 944 789 καὶ
964 736 1011 802 τῆς

239 829 323 906 ἀρχῆς
339 822 491 902 διαδόχους,
516 822 616 897 μᾶλλον
636 820 664 879 δέ
686 821 733 879 καί
752 819 782 878 τὸ
804 820 882 878 πλέον
904 821 931 878 ἐν
952 819 1011 887 ταῖς

235 912 372 985 διαθήκαις
388 912 463 987 ἔνεμε
477 909 561 990 ταύτγΙ
576 932 605 967 τε
626 907 672 967 καὶ
686 916 739 975 τοῖς
752 906 847 979 ταύτης
858 906 962 979 παισίν,
976 912 1011 973 ὡς

234 992 381 1081 τῆς’.άρχῆς
397 1000 423 1066 ές
439 1000 483 1057 τὸν
497 995 673 1076 πρεσόύτερον
694 995 752 1053 υίιά
776 996 855 1054 αὐτοῦ
871 1016 1011 1074 περιιστα-

240 1091 320 1167 μένης
334 1084 453 1163 δικαίως,
465 1086 524 1146 ἐπεῖ
541 1084 587 1143 καὶ
598 1082 638 1141 έτι
654 1084 770 1163 περιόντι
782 1086 796 1140 δ
809 1082 900 1160 πατὴρ
920 1081 1011 1161 ἐκείνῳ

237 1186 325 1235 πᾶσαν
347 1174 430 1233 ἔδωκε
449 1174 498 1245 τὴν
514 1172 611 1252 ἀρχὴν,
630 1174 682 1229 τῶν
696 1173 723 1229 ἐν
742 1174 775 1250 τῇ
796 1169 932 1248 Μιτυλήνη
945 1193 1011 1241 κτη·

240 1265 331 1339 μάτων
345 1262 431 1340 μόνων
447 1262 535 1339 κύριον
550 1258 687 1327 ἀποδείξας
705 1258 748 1318 τδν
764 1257 876 1337 Δωριέα.
901 1258 934 1338 (ε)
976 1257 1011 1320 Ὁ

242 1352 270 1409 nt
288 1350 372 1435 βραχὺ
387 1348 526 1429 φροντίσας
539 1352 586 1408 τοῦ
598 1369 627 1405 τε
639 1346 741 1405 δικαίου
756 1347 866 1405 καὶτῶν
880 1347 1011 1419 διαθηκῶν

236 1444 281 1497 τοῦ
295 1437 407 1517 πατρὸς,
417 1436 485 1495 άλλλ
495 1437 527 1507 δή
542 1435 588 1495 καὶ
601 1439 649 1505 τῆς
662 1433 730 1501 ἰδίας
745 1432 906 1514 θσραλείας·
925 1436 1011 1514 άσρα-

238 1528 357 1606 λέστερος
377 1525 429 1604 γθρ
450 1523 560 1601 ἔμελλεν
582 1514 649 1581 εἶναι
667 1522 785 1600 τηρήσας
804 1520 838 1580 ei
863 1521 928 1603 πρθς
951 1520 1011 1590 τούς

237 1616 335 1681 παῖδας
352 1619 400 1672 τοῦ
415 1614 528 1692 άδελροῦ
547 1613 636 1671 δίκαια
650 1610 697 1669 καὶ
712 1610 759 1680 τὴν
773 1608 872 1669 τούτων
893 1609 1008 1689 μητέρα·

237 1708 252 1763 δ
268 1698 297 1762 δέ
310 1703 501 1781 παρωσάμενος
514 1699 562 1773 τήν
577 1723 605 1759 τε
623 1699 735 1779 γυναῖκα
759 1697 804 1758 καῖ
817 1697 878 1765 τούς
895 1700 1009 1771 παῖδας,

239 1789 353 1856 ἀδίκως
376 1787 505 1868 ἐγκρατής
526 1787 624 1868 γίνεται
647 1790 692 1845 τοῦ
715 1808 744 1845 τε
769 1786 829 1845 κατ’
859 1776 929 1845 οἶκον
953 1786 1010 1865 βίου

238 1878 336 1943 παντὸς
357 1877 404 1936 καί
428 1880 473 1945 τῆς
495 1875 557 1948 ὅλης
581 1877 680 1954 ἀρχῆς,
700 1875 810 1949 μηδενός
834 1872 931 1933 τούτων
956 1896 1012 1931 πα-

240 1964 400 2045 ραχωρήσας
424 1972 478 2029 τοῖς
498 1986 526 2021 τε
549 1964 626 2021 παισὶ
640 1960 686 2020 καὶ
705 1966 740 2041 τῇ
761 1961 875 2040 γυναικί
900 1960 934 2040 (ολ
976 1959 1011 2020 Ἦ

239 2050 267 2112 δέ
278 2053 308 2110 τὸ
321 2060 432 2133 πρᾶγμα
449 2054 475 2110 ἐν
498 2050 574 2128 δεινῷ
587 2050 710 2127 τιθεμένη
729 2049 777 2108 καὶ
791 2049 840 2122 τήν
861 2049 1011 2107 καταδυνα·

240 2139 328 2200 στείαν
352 2140 389 2217 μὴ
410 2137 586 2220 peponum&
600 2138 647 2215 μὲν
669 2141 763 2219 πρῶτα
781 2140 866 2216 λόγοις
887 2139 1010 2217 ἐπειρᾶτο

240 2234 330 2288 τοῦτον
345 2232 392 2298 τῆς
403 2225 552 2295 πλεονεξίας
563 2226 691 2305 ἀπάγειν,
703 2226 736 2283 τὰ
748 2225 796 2303 μέν
812 2228 845 2285 δι’
861 2227 962 2296 αὐτῆς,
975 2222 1009 2282 τθ

242 2315 330 2375 δὲκαὶ
347 2316 390 2374 διδ
408 2314 517 2384 ξυνετῶν
528 2314 575 2373 καὶ
589 2315 719 2393 φρονίμων
732 2315 832 2395 ἀνδρῶν
849 2316 902 2373 τῶν
915 2312 1011 2391 ταύτῃ,

235 2402 350 2482 προσέτι
366 2404 393 2462 δέ
411 2404 457 2462 καί
480 2400 581 2461 οέκείων
597 2404 696 2475 αὐτοῖς,
716 2402 762 2461 καί
782 2394 819 2469 οἷς
842 2406 891 2482 οὐχ
913 2401 1011 2472 ἥκιστα

239 2492 347 2567 ίμελλεν
361 2491 502 2558 ἀκινδύνως
526 2490 595 2569 ἔχειν
610 2492 644 2551 ελ
659 2496 705 2562 τῆς
721 2493 815 2571 ἀρχῆς.
840 2492 872 2570 (ι)
913 2489 952 2551 Oi
967 2490 1012 2549 καί

239 2582 423 2661 προσελθόντες
464 2581 582 2645 εὐνοϊκῶς
618 2578 798 2647 ξυνεόούλευον
831 2581 903 2659 αὐτῷ
930 2576 1012 2655 μηδὲν

241 2666 308 2737 θλως
321 2668 383 2749 περί
396 2668 442 2734 τδς
456 2673 502 2727 τοῦ
512 2666 745 2747 πατρόςδιοιθήκας
759 2675 934 2744 καινοτομεῖν,
943 2667 1012 2744 μηδὲ

241 2757 478 2818 καταδυναστεύειν
501 2758 596 2816 ἐθελειν
628 2754 677 2827 τήν
698 2778 726 2815 τε
747 2764 859 2830 γυναῖκα
884 2753 930 2813 καλ
954 2753 1014 2820 τούς

241 2846 337 2913 παῖδας
356 2852 402 2904 τοῦ
414 2845 538 2923 οῖδελροῦ,
549 2842 597 2915 τήν
612 2865 640 2902 τι
655 2841 727 2902 θείαν
738 2835 844 2917 νέμεσιν
859 2839 974 2917 δεδιότα,
995 2840 1012 2912 ἣ

243 2938 381 3012 πανταχοῦ
405 2934 597 3013 περιερχομίνη
611 2929 645 2988 τά
668 2934 720 2988 τῶν
744 2928 888 3009 ἀνθρώπων
909 2930 1011 2997 δικάζει

240 3021 357 3088 καὶτοὺς
371 3022 557 3097 ἀδικουμένους
568 3021 615 3079 καὶ
630 3021 782 3086 ἀδικοῦντας
794 3023 853 3099 δρᾷ,
865 3017 914 3089 τήν
928 3024 1013 3077 τετοῦ

240 3116 399 3189 κρατοῦντος
422 3109 486 3189 πρός
499 3109 534 3167 τθ
551 3114 659 3167 τοιαῦτα
672 3106 754 3189 ῥοπὴν
769 3106 815 3166 καὶ
829 3108 860 3166 τὸ
874 3105 974 3187 σρόδρα
985 3131 1012 3166 τε

241 3198 421 3278 ἀπαραίτητον
436 3198 481 3256 καλ
493 3198 677 3257 άδιαλλακτον.
686 3200 719 3273 (ε)
760 3196 830 3257 Οὐδὲ
843 3195 895 3272 γάρ
904 3194 1013 3253 ἀνεκτόν

240 3286 328 3364 [λογον
338 3282 444 3345 ἔσεσθαι
457 3289 512 3351 τοῖς
526 3284 703 3361 ἀδικουμένοις
717 3288 779 3363 σιγῇ
790 3287 931 3361 καθῆσθαι,
945 3282 1013 3341 άλλθ

244 3372 385 3445 ζητήσουσι
395 3371 420 3440 ἐξ
434 3370 549 3439 ἅπαντος
563 3371 660 3450 τρόπου
674 3372 705 3431 τὸ
717 3374 817 3430 ἑαυτῶν
829 3368 949 3446 δίκαιον,
967 3370 1013 3428 καί

241 3459 455 3531 καταόοήσονταί
464 3482 512 3519 σου
521 3458 584 3538 πρὸς
595 3457 641 3517 τὸν
654 3459 765 3539 βασιλέα
776 3457 843 3539 ῥητά
852 3456 899 3515 καί
908 3456 1014 3536 ἄρρητα

241 3548 398 3619 ἐξειπόντες·
414 3548 459 3607 καὶ
473 3547 521 3627 ὅρα
535 3551 574 3619 πῆ
595 3548 746 3620 τελευτήσει
763 3547 794 3606 τό
812 3553 940 3623 πρᾶγμα·
955 3546 1013 3605 ἀλλ’

241 3635 267 3696 εί
282 3659 308 3695 τι
325 3634 393 3713 κήδη
408 3640 505 3694 σαυτοῦ
518 3656 546 3693 τε
560 3632 605 3692 καί
619 3636 696 3709 ἡμῶν
715 3632 760 3691 καὶ
775 3636 822 3704 τῆς
837 3629 900 3703 ὅλης
913 3634 1014 3710 ἀρχῆς,

241 3724 369 3803 πρόσθητι
380 3720 413 3781 τό
422 3723 545 3801 βελτιστα
559 3720 803 3798 ξυμύουλευομένοις
813 3722 889 3797 ἡμῖν,
901 3719 946 3778 καί
959 3740 1015 3778 κοι-

240 3812 316 3871 νώνει
328 3816 380 3871 τῶν
393 3806 422 3872 τε
437 3809 602 3889 πραγμάτων
620 3808 667 3868 καὶ
680 3814 727 3880 τῆς
739 3811 824 3889 ἀρχῆς
833 3816 887 3873 τοῖς
899 3830 928 3865 τε
937 3807 1014 3865 παισὶ

243 3904 289 3957 τοῦ
300 3898 413 3976 ἂδελροῦ
426 3898 472 3965 καὶ
486 3900 520 3976 τῇ
534 3894 648 3973 γυναικί,
664 3896 835 3974 παραχωρῶν
853 3895 890 3971 τῷ
902 3892 1013 3971 δικαίῳ·

242 3986 287 4044 καῖ
300 3985 369 4043 οὕτω
382 3984 489 4066 χρηστά
508 4008 538 4042 τε
559 3982 604 4043 καὶ
628 3983 724 4062 ἄριστα
747 3983 793 4042 καὶ
812 3980 943 4060 όονλεύσῃ
968 3981 1014 4038 καί

578 374 581 378 -
647 335 849 397 CRITOBULI
869 334 1133 397 ntsnonttttnnt
1154 336 1227 398 LIB.
1249 336 1287 414 ll,
1310 336 1416 399 tt-tt.

1064 465 1129 545 πρθς
1143 467 1221 526 αὐτόν
1235 467 1355 546 λέγοντες
1370 470 1418 527 οὐκ
1429 468 1531 529 ἔπειθον
1552 471 1636 546 ὅμως.
1683 467 1723 529 Ἥ
1741 470 1775 527 δὲ
1792 472 1861 547 γυνή

1065 554 1163 637 τούτων
1183 557 1333 633 ἀπογνοῦσα
1355 556 1488 633 καθάπαξ,
1511 557 1680 637 καταφεύγει
1714 558 1792 637 πρὸς
1817 559 1861 617 τὸν

1065 648 1221 723 κρατοῦντα,
1230 644 1275 701 καὶ
1288 644 1388 721 πέμπει
1404 644 1435 715 δή
1450 644 1565 721 πρέσῦνν
1581 668 1612 704 τε
1627 644 1680 704 καὶ
1692 646 1796 715 ἱκέτην
1816 648 1861 705 τὀν

1065 730 1129 810 πρὸς
1142 730 1239 811 μητρός
1256 738 1322 791 θεῖον
1335 734 1410 815 αὐτῇ.
1465 733 1500 794 Ὁ
1521 735 1548 794 δέ
1570 734 1744 814 ἀφικόμενος
1772 734 1858 807 λύπην

1065 842 1093 878 τε
1106 818 1174 898 ἔχων
1186 820 1232 878 καὶ
1244 821 1349 880 δικαίαν
1360 820 1440 902 ὀργήν
1454 822 1500 882 καί
1517 823 1574 899 άμα
1593 822 1771 902 βουλόμενος
1791 827 1860 899 ἀμύ-

1065 912 1159 966 νασθαι
1173 907 1217 967 τθν
1233 910 1384 981 άδικυῦντα,
1400 912 1423 967 εἰ
1437 910 1490 969 δέοι
1501 911 1546 969 καί
1560 914 1659 977 κοινῶς
1678 908 1859 979 ξυνεκπεσεῖν

1065 1000 1112 1067 τῆς
1127 996 1255 1076 ἀρχῆς,δ
1278 996 1375 1067 δήπου
1395 998 1440 1057 καί
1459 998 1564 1077 γέγονε,
1587 1000 1683 1058 πολλὰ
1713 1004 1859 1079 κατεφόρει

1065 1084 1185 1161 πρδςτύν
1202 1085 1313 1164 βασιλέα
1334 1091 1379 1145 τοῦ
1401 1087 1537 1165 Δωριέως,
1559 1091 1595 1155 ὡς
1616 1088 1742 1156 δύσνους
1767 1112 1798 1147 τε
1821 1092 1857 1161 εἴη
1894 1094 1895 1111 ³

1065 1171 1149 1250 λέγων
1158 1175 1239 1253 αὐτῷ,
1253 1175 1297 1233 καὶ
1308 1175 1441 1254 νεωτέρων
1455 1178 1574 1253 ἐπιθυμεῖ
1588 1176 1633 1235 καί
1654 1178 1859 1257 κοινολογεῖεαι
1894 1220 1895 1241 τ

1065 1266 1118 1326 τοῖς
1132 1259 1242 1331 Ἰταλοῖς
1263 1260 1308 1321 καὶ
1334 1259 1403 1322 όπλα
1425 1262 1541 1339 ξυλλέγει
1563 1266 1609 1323 καλ
1643 1264 1791 1344 φρουρούς
1816 1293 1856 1342 pr·

1065 1348 1227 1409 σθοῦταικαὶ
1240 1348 1355 1431 φύλακας
1375 1352 1567 1428 έγκαθιστάνειν
1584 1351 1722 1431 βούλεται
1739 1353 1819 1434 Αἴνῳ
1833 1381 1856 1415 τε

1067 1436 1113 1496 καὶ
1125 1436 1280 1507 ταῖςνήσοις
1296 1438 1341 1496 καῖ
1360 1436 1426 1504 δλως
1447 1440 1473 1506 ἐς
1491 1439 1661 1500 ἀποστασίαν
1678 1442 1753 1520 δρᾷ·
1780 1444 1856 1501 nid

1066 1524 1104 1600 μὴ
1117 1528 1225 1599 θᾶττον,
1241 1525 1330 1606 ίλεγε,
1344 1528 1513 1607 προληρθείη,
1537 1527 1587 1587 κάν
1603 1530 1630 1593 ἐς
1654 1526 1744 1607 ἔργον
1761 1528 1857 1597 άξειτῖ

1066 1614 1285 1691 σπουδαζόμενον.

1105 1704 1171 1764 ΧΙΙ.
1186 1702 1279 1763 Ταῦτά
1292 1727 1321 1763 τε
1335 1702 1381 1763 καῖ
1399 1702 1486 1764 πολλὰ
1498 1711 1608 1765 τοιαῦτα
1621 1704 1714 1763 εἰπὼν
1733 1707 1762 1773 ές
1784 1707 1856 1783 ὀργήν

1066 1813 1094 1849 τε
1112 1789 1156 1848 καί
1170 1790 1251 1866 θυμδν
1264 1790 1307 1849 τὸν
1323 1790 1432 1870 βασιλέα
1447 1800 1522 1851 κινεῖ.
1565 1791 1601 1852 Ὁ
1614 1791 1643 1849 δὲ
1661 1791 1764 1851 οὐκέτι
1784 1798 1855 1851 καῖε-

1066 1874 1128 1943 κτθς
1141 1867 1188 1949 ἧν,
1204 1875 1265 1935 οὐδέ
1278 1899 1308 1954 γι
1322 1882 1369 1936 τοῦ
1383 1881 1475 1937 λοιποῦ
1494 1877 1601 1955 μελλειν
1616 1876 1694 1960 ᾤετο
1706 1881 1784 1938 δεῖν·
1803 1883 1855 1939 di}

1066 1962 1118 2043 γδιρ
1131 1964 1269 2044 παροπτέον
1284 1968 1308 2023 οῖ
1321 1967 1354 2023 nd
1371 1970 1418 2037 τῆς
1435 1965 1515 2027 Αίνου
1529 1957 1596 2025 εἶναι
1622 1966 1735 2038 ἐδόκει,
1750 1969 1814 2027 οὐδέ
1828 1994 1853 2046 γε

1067 2050 1135 2118 tin<
1152 2054 1285 2129 άμελητέα
1305 2052 1405 2120 πολιως
1423 2053 1501 2133 λόγου
1522 2053 1595 2123 ἀξίας
1621 2057 1742 2115 πολλῶν
1765 2058 1851 2127 ἕνεκα,

1069 2136 1114 2196 καί
1137 2140 1271 2219 προσόδων
1293 2142 1415 2219 μεγάλων
1443 2142 1488 2201 καί
1511 2142 1608 2210 θέσεως
1636 2146 1790 2224 ἐπικαίρου
1813 2148 1850 2203 καί

1068 2227 1163 2304 άρετῆς
1177 2229 1226 2305 γῆς
1242 2228 1289 2286 καθ
1308 2230 1414 2288 πολλῶν
1442 2229 1538 2290 ἄλλων.
1559 2232 1594 2309 (n)
1636 2225 1729 2297 Αἶνος
1754 2225 1849 2313 γὰρῆν

1068 2314 1115 2389 μέν
1129 2314 1159 2372 τὸ
1173 2314 1287 2373 παλαιὸν
1305 2314 1380 2381 πόλις
1398 2317 1509 2395 μεγίστη
1523 2320 1574 2376 τῶν
1590 2319 1755 2391 Αἰολίδων,
1769 2321 1813 2379 εἀί
1825 2346 1848 2381 α

1067 2400 1127 2480 δόξῃ
1142 2401 1188 2463 καὶ
1199 2402 1305 2483 πλούτῳ
1316 2403 1361 2461 καλ
1373 2404 1510 2485 δυναστείορ
1525 2404 1595 2483 μέγα
1616 2413 1782 2488 φρονοῦσα,
1797 2409 1848 2486 ξυμ-

1067 2488 1154 2559 πάσης
1168 2513 1197 2548 τε
1212 2494 1257 2561 τῆς
1274 2489 1332 2549 καθ’
1356 2490 1437 2563 αὐτήν
1456 2492 1588 2572 παραλίας
1607 2499 1776 2573 κρατοῦσα,
1791 2496 1848 2553 iiii

1068 2577 1100 2648 δὴ
1115 2578 1161 2637 καὶ
1175 2581 1227 2636 τῶν
1241 2577 1328 2650 νήσων
1343 2576 1428 2641 ἐνίων.
1473 2584 1568 2641 Κεῖται
1587 2582 1643 2661 γάρ
1664 2584 1695 2641 ἐν
1721 2584 1847 2663 καλλίστῃ

1067 2668 1114 2737 τῆς
1126 2665 1258 2745 παραλίας
1271 2666 1382 2746 Θράκης
1394 2669 1480 2727 τεκαὶ
1494 2670 1687 2747 Μακεδονίας,
1704 2673 1736 2729 ἐκ
1752 2696 1845 2747 μεσνμ·
1894 2676 1895 2679 ’

1068 2751 1144 2833 όρίκς
1159 2753 1207 2828 μέν
1222 2753 1318 2832 ἔχουσα
1331 2755 1375 2813 τόν
1389 2779 1418 2815 τε
1432 2758 1541 2835 Αἰγαῖον
1557 2755 1604 2815 καί
1616 2758 1670 2824 τὰς
1685 2760 1786 2830 νήσους
1799 2783 1844 2816 πτ-

1068 2838 1340 2922 ρακειμίναςἸμύρον
1347 2842 1391 2901 καί
1401 2846 1508 2918 Λῆμνον
1519 2843 1563 2902 καί
1571 2844 1620 2910 τάς
1630 2845 1748 2917 λοιπὰς,
1758 2848 1803 2905 καὶ
1810 2848 1846 2917 τήν

1068 2929 1122 2988 άπὸ
1141 2927 1240 2989 τούτοιν
1252 2930 1381 3008 ἐμπορίαν
1402 2931 1520 2998 δαψιλῶς
1534 2934 1738 3011 καρπουμένη·
1761 2936 1845 2993 αἀὸοε

1068 3015 1164 3093 ἄρκτον
1171 3007 1255 3095 Εὐρον
1262 3016 1392 3094 ποταμδν,
1401 3015 1429 3084 ὃς
1439 3016 1468 3077 ἔκ
1481 3042 1510 3077 τε
1520 3023 1565 3089 τῆς
1573 3020 1803 3086 άνωΜυσέαςκαί
1810 3027 1845 3081 τοῦ
1894 3008 1895 3095 ί

1070 3102 1184 3180 Αἵμονος
1196 3104 1271 3183 ὅρους
1282 3103 1328 3170 τὰς
1348 3103 1434 3177 πηγάς
1452 3104 1521 3185 ἔχων
1538 3108 1577 3187 ῥεῖ
1590 3106 1636 3165 διδ
1651 3113 1705 3179 τῆς
1717 3112 1846 3185 μεσογείας
1894 3096 1895 3183 ί

1068 3188 1177 3273 Θρᾴκης
1201 3191 1293 3249 τεκαὶ
1319 3192 1502 3267 Μακεδονίας,
1524 3194 1594 3253 κατὰ
1615 3196 1795 3275 μεσημὸρίαν
1814 3200 1848 3256 nisi

1069 3277 1254 3357 πορευόμενος,
1269 3275 1367 3359 προῖὼν
1380 3279 1407 3337 δέ
1420 3278 1489 3338 κατδι
1506 3280 1600 3360 μικρὸν
1616 3282 1668 3341 καί
1683 3282 1731 3354 τήν
1747 3286 1846 3361 Ἀδρια-

1068 3372 1113 3425 νοῦ
1127 3367 1283 3447 παραρρέων
1296 3365 1378 3444 μέγας
1392 3391 1421 3426 τε
1436 3366 1536 3445 γίνεται
1556 3369 1603 3426 καὶ
1616 3372 1702 3431 ναυσὶ
1721 3372 1848 3449 περατὸς,

1069 3452 1207 3533 δεχόμενος
1218 3454 1262 3514 καί
1276 3454 1378 3535 ἑτέρως
1391 3453 1524 3532 ποταμούς
1532 3456 1719 3523 έσόάλλοντας
1728 3459 1756 3525 ἐς
1764 3460 1847 3529 αὐτόν,

1068 3540 1113 3601 τόν
1126 3566 1154 3603 τε
1170 3541 1332 3603 Κοντάεσδον
1342 3543 1387 3602 καί
1397 3542 1534 3623 Ἀγριάνην
1552 3544 1598 3603 καὶ
1612 3544 1734 3627 Τέαρον·
1779 3550 1812 3627 (αλ
1823 3548 1845 3611 ῖς

1070 3629 1102 3701 δὴ
1124 3630 1224 3710 Τέαρος
1247 3630 1277 3690 ἔκ
1292 3654 1320 3690 τε
1354 3636 1401 3690 τοῦ
1423 3633 1617 3710 παρακειμένου
1648 3634 1733 3712 ὄρους
1759 3635 1849 3711 μεταῦ

1070 3716 1180 3798 Ἡραίου
1193 3742 1222 3778 τε
1236 3718 1283 3778 καὶ
1297 3718 1471 3786 Ἀπολλωνίας
1486 3725 1531 3787 τῆς
1545 3719 1611 3799 πρὸς
1627 3720 1755 3801 Εὐξείνῳ
1770 3722 1848 3781 πάντα

1069 3806 1116 3873 τδς
1127 3805 1214 3885 πηγός
1229 3805 1297 3884 έχων
1310 3808 1339 3865 ίκ
1354 3806 1451 3885 πέτρας
1464 3806 1583 3887 ῥεούσας,
1599 3809 1645 3867 καὶ
1661 3809 1812 3869 κάλλιστόν

1070 3892 1116 3953 καλ
1133 3891 1334 3970 ποτιμώτατον,
1357 3892 1426 3952 ἄλλά
1449 3894 1482 3966 δὴ
1505 3894 1551 3953 καί
1580 3894 1799 3975 ῶρελιμῶτατον
1824 3899 1846 3953 ἐν

1068 3983 1174 4048 πολλοῖς
1194 3980 1269 4060 ὕδωρ
1284 3976 1407 4041 ἇπάντων
1430 3981 1500 4061 ίχειν
1525 3992 1704 4063 μαρτυρεῖται
1726 3986 1804 4067 παρά
1824 4010 1845 4043 τε

242 4073 345 4152 δράσεις
358 4076 447 4152 σαυτῷ
462 4072 508 4131 καί
524 4078 591 4149 ἡμῖν
614 4079 695 4128 πᾶσιν
710 4072 855 4151 ἐπωρελῆ,
880 4067 1014 4149 εἰρηνικήν
1802 4138 1807 4153 ⁸

235 4181 274 4218 Ιτε
293 4158 357 4226 ἔξεις
381 4165 427 4217 τοῦ
454 4154 548 4218 >norff
573 4158 619 4217 καί
640 4156 777 4217 ἀκίνδυνον
801 4156 849 4226 τὴν
877 4157 1013 4235 λαχοῦσαν
1070 4159 1101 4235 (ι)
1143 4156 1179 4218 Ὁ
1193 4157 1216 4215 δ’
1225 4149 1268 4215 οὐν
1284 4150 1368 4237 Εὐρος
1381 4158 1518 4217 κατιώντε
1532 4159 1655 4238 καὶπρὸς
1672 4164 1712 4239 τῷ
1732 4162 1847 4241 Δορίπαρ

245 4246 342 4327 οἰρχήν.
387 4246 421 4326 (u)
434 4250 460 4305 Τ
461 4247 529 4306 αῦτά
545 4270 573 4305 τε
597 4246 643 4305 καὶ
655 4251 765 4306 τοιαῦτα
783 4244 871 4305 πολλά
888 4244 1015 4309 πολλάκις
1066 4244 1201 4322 γενόμενος
1215 4242 1260 4302 καλ
1272 4244 1427 4326 παραρρέων
1441 4246 1519 4305 αὐτὸν
1533 4246 1610 4313 ε’ξεισι
1620 4246 1739 4325 πρόταῦ
1751 4249 1847 4325 λιμένος

1068 4074 1121 4129 τῶν
1142 4068 1224 4145 ταύτῃ
1245 4069 1423 4150 προσχώρων,
1442 4070 1510 4129 άλλέι
1532 4070 1628 4142 δήκαὶ
1651 4072 1692 4131 δι’
1707 4072 1782 4131 όσων
1801 4077 1842 4137 δεῖ.

243 4439 267 4489 p.
282 4427 337 4485 toti,
350 4427 365 4473 9
378 4422 454 4473 uerbo
465 4422 576 4487 tetigisse
585 4423 645 4473 eutis
658 4422 763 4482 hebent3
778 4422 861 4485 μειιΙΙο
876 4421 956 4471 ineius
968 4420 1000 4471 de
1019 4433 1049 4471 eu
1076 4420 1174 4485 exponit
1186 4420 1354 4472 Seudeddinus
1371 4428 1395 4482 t,
1408 4436 1433 4486 p.
1451 4423 1503 4472 tot.
1517 4422 1584 4472 tiioe
1602 4424 1721 4473 unctores
1744 4426 1847 4475 turritos

244 4495 328 4547 iaudat
340 4495 487 4545 Hammerue
502 4500 526 4553 2,
544 4505 569 4557 p.
582 4499 622 4552 it,
634 4491 698 4543 nihii
707 4497 792 4543 iumen
806 4498 889 4543 ιιεπαῑ
901 4494 992 4555 preter
1002 4504 1032 4541 en
1051 4504 1106 4555 quoe
1118 4494 1143 4544 in
1158 4490 1310 4544 sendeddino
1329 4490 1452 4555 teguntur.
1471 4492 1579 4542 cauum
1595 4492 1775 4555 expeditionis
1793 4499 1844 4544 Ser·

242 4564 364 4621 deddinue
373 4561 448 4612 inisse
459 4561 520 4611 dicit
532 4561 600 4625 quod
612 4562 698 4614 iucotae
711 4562 871 4626 cypseiorurn
887 4566 914 4613 et
926 4560 1069 4613 Feredciitr
1082 4565 1165 4628 oppidi
1183 4565 1390 4625 conquererentur
1405 4560 1436 4611 de
1450 4560 1527 4611 AEniis
1543 4574 1627 4612 nervon
1643 4562 1772 4627 fugitivos
1791 4566 1846 4614 Tur·

243 4647 330 4685 corrnn
339 4632 499 4685 retinentibus
510 4632 590 4696 deque
607 4632 716 4696 principe
728 4631 797 4683 urhie
806 4632 897 4683 νεῦσεν
909 4632 988 4697 regies
999 4633 1170 4685 fraudulenter
1184 4631 1379 4684 administrante.
1392 4634 1472 4696 Longe
1486 4632 1589 4695 piurima
1598 4646 1689 4682 eorum
1698 4646 1763 4696 quun
1771 4648 1797 4685 c.
1814 4642 1846 4683 ti·

245 4710 274 4757 tc
287 4704 429 4756 critobulus
445 4705 540 4764 ιιεεειε,
552 4702 712 4759 attundenon
730 4706 789 4753 note
806 4706 873 4753 eunt.
893 4703 904 4765 tt
918 4702 977 4766 —§
994 4707 1015 4753 t.
1027 4703 1094 4768 υἱέα]
1105 4705 1140 4753 sic
1156 4716 1228 4767 rugo,
1249 4702 1300 4753 υἱὸν
1320 4704 1381 4753 teni.
1394 4701 1405 4766 ΙΙ
1416 4728 1448 4738 -
1461 4703 1476 4765 §
1491 4707 1516 4751 3.
1527 4702 1638 4766 προσέτι]
1652 4705 1750 4764 μᾶλλον
1776 4719 1846 4768 σαμε-α

243 4776 361 4839 scriptum
375 4775 386 4838 ΙΙ
399 4806 430 4818 -
442 4774 490 4839 §ln
505 4774 593 4839 ῥοπήν]
605 4787 637 4822 an
646 4774 733 4837 oppio?
749 4774 759 4837 ΙΙ
774 4801 806 4811 -
819 4774 834 4837 §
846 4780 861 4823 5
874 4776 902 4823 τό
914 4775 1004 4823 ίαντῶν
1013 4774 1117 4839 δίκαιον]
1130 4775 1157 4824 τὸ
1169 4774 1229 4823 ίδιον
1238 4774 1259 4823 δ.
1275 4785 1349 4836 supra
1366 4772 1449 4837 script.
1465 4766 1476 4836 ΙΙ
1492 4796 1523 4808 -
1531 4776 1564 4831 πῆ
1581 4773 1717 4832 τελευτήσει
1731 4775 1763 4824 τὸ
1782 4780 1848 4836 πρᾶτ-

245 4848 295 4910 μα]
314 4854 348 4906 πῆ
363 4849 495 4906 τελευτήσει
509 4848 538 4896 τὸ
549 4846 622 4895 δεινόν
636 4858 701 4908 mgr).
716 4844 726 4905 ΙΙ
740 4874 769 4886 -
782 4844 829 4907 §ti
843 4844 932 4894 τούτων
945 4844 1097 4909 δπογνοῦσα]
1108 4848 1151 4893 τοῦ
1165 4844 1250 4893 πείθειν
1267 4842 1292 4891 θ.
1304 4853 1368 4905 tngo.
1691 4862 1693 4865 ·

276 4920 328 4967 xli.
339 4918 385 4981 §2
398 4917 471 4973 Πόλις
485 4920 532 4965 τῶν
546 4916 681 4979 Alciden}
693 4916 733 4966 ci.
749 4914 867 4966 tterodoti
876 4917 899 4974 7,
915 4918 960 4974 ⁵73
973 4914 1049 4963 Thuc.
1063 4919 1086 4973 7,
1098 4920 1141 4974 5³3
1156 4914 1246 4977 Ephori
1256 4912 1286 4961 ir.
1300 4916 1330 4963 73
1344 4913 1401 4977 (Fr.
1413 4912 1477 4962 ittet.
1490 4915 1511 4973 t,
1521 4925 1546 4976 p.
1558 4912 1635 4973 einp,
1649 4914 1780 4977 Scynmns
1791 4918 1847 4973 οὕς

245 4988 411 5037 erraneum
427 4990 456 5037 ir.
467 4993 512 5045 503
530 4986 646 5049 Stephon.
663 4988 721 5049 Byr.
734 5000 760 5036 τ.
783 4987 871 5045 niver,
891 4986 955 5035 Mein
973 4992 996 5046 κ,
1012 4992 1042 5043 23
1062 4984 1149 5049 virgi.
1166 4988 1221 5035 AEn.
1241 4990 1264 5043 3,
1281 4989 1317 5035 te.
1331 4984 1342 5049 ΙΙ
1360 5012 1388 5021 -
1402 4982 1491 5047 nini]
1506 4982 1648 5046 struititer§
1667 4988 1693 5034 t.
1716 4984 1793 5048 Εὖρος
1807 4999 1849 5046 pro

243 5058 337 5120 Ἦμος,
355 5057 367 5120 tl
378 5085 408 5093 -
422 5058 582 5121 Κοντάεσδον]
597 5056 771 5119 deponendum
790 5056 950 5107 eseevidetur
963 5056 1120 5107 Κοντάδεσδον
1135 5070 1167 5107 ex
1180 5055 1271 5106 riostris
1286 5054 1413 5105 codicibus
1430 5051 1547 5103 Herodoti
1564 5052 1599 5116 (t,
1608 5055 1661 5115 90).
1674 5067 1753 5118 quem
1773 5054 1851 5104 Crito

246 5126 317 5177 buius
331 5126 364 5176 oi)
379 5128 466 5176 ocutos
478 5126 573 5177 habuit.
585 5126 615 5175 '0
631 5126 657 5177 n
666 5128 752 5191 Τέαρος
764 5126 837 5191 (tier.
851 5126 943 5191 inquii)
958 5129 1048 5190 λέγεται
1062 5129 1109 5178 ὑπὸ
1126 5132 1175 5177 τῶν
1186 5126 1309 5189 περιοίκων
1325 5125 1383 5176 εἶναι
1403 5127 1516 5188 ποταμῶν
1533 5123 1645 5187 ἀριστος,
1667 5125 1699 5173 τοί
1709 5140 1735 5173 τε
1750 5125 1807 5173 ἄλλα
1827 5125 1849 5179 ἐς
