3809 5859
184 349 242 410 152
261 411 265 418 ,

170 506 239 561 voix
263 513 292 558 et
311 502 376 558 dit:
398 525 409 550 ι
430 502 708 576 Gregoire,0t1que
726 514 756 558 tu
778 505 851 578 sois,
866 524 945 580 sors,

170 611 257 668 parce
268 609 324 664 que
335 592 361 645 le
370 587 509 664 Seigneur
518 593 601 661 Dieu‚
610 609 667 665 que
676 602 706 646 tu
716 591 835 665 adores,
845 612 861 670 a
874 613 948 649 corn·

170 679 274 735 mande
287 679 376 752 qu'on
391 688 418 734 te
432 679 499 734 tirat
515 678 551 734 de
572 698 605 734 ce
627 681 694 736 lieu.
713 704 725 729 ν
742 682 776 734 Et
790 680 945 756 Gregoire,

170 768 271 823 s'etant
284 768 346 822 leve
359 767 491 834 aussitbt,
507 768 565 841 prit
585 768 611 821 la
634 767 737 836 corde,
754 769 780 823 la
801 787 905 825 secoua
919 781 947 825 et

170 856 211 930 s'y
224 874 407 929 cramponna.
423 856 460 910 Et
481 874 552 910 ceux
568 857 617 929 qui
640 857 746 910 dtaient
769 875 805 911 au
821 857 945 930 dehors,

169 945 275 1018 l'ayant
297 945 437 1011 entendu,
452 945 478 998 le
501 943 639 1000 hissdrent
661 954 689 999 et
712 946 805 1001 virent
820 957 883 1002 tout
895 966 947 1003 son

171 1051 255 1107 corps
279 1034 346 1087 noir
360 1051 471 1087 comme
488 1032 526 1086 du
541 1033 683 1104 charbon3
699 1052 737 1088 on
761 1035 802 1089 lui
825 1048 947 1110 apporta

169 1121 219 1177 des
240 1121 332 1176 habits
352 1131 380 1176 et
396 1140 435 1176 on
459 1120 514 1175 l'en
534 1121 644 1177 revdtit.
660 1122 727 1176 Puis
749 1141 787 1176 on
809 1123 945 1181 l’accom·

169 1228 262 1285 pagna
276 1227 345 1266 avec
360 1210 419 1281 joie
434 1209 503 1265 dans
514 1210 542 1263 la
555 1210 623 1264 ville
636 1208 849 1280 d’Ardaschad,
865 1224 893 1268 et
907 1234 946 1269 on

168 1317 198 1354 se
220 1300 274 1354 mit
298 1315 333 1353 en
356 1308 439 1353 route
462 1315 539 1371 pour
559 1298 586 1353 le
610 1297 750 1354 conduire
772 1299 944 1375 aVagbars·

168 1386 314 1543 ὼὺξῶὺἀ
325 1466 409 1521 Alors
423 1466 449 1520 le
463 1465 579 1534 demon,
591 1466 692 1522 s'dtant
702 1470 817 1540 empare
828 1467 867 1524 du
881 1471 944 1543 roi,

167 1555 194 1609 le
208 1555 351 1610 conduisit
367 1554 522 1609 au-devant
536 1554 571 1609 de
586 1555 641 1628 lui,
659 1565 722 1609 tout
740 1556 817 1610 brisd
835 1576 888 1630 par
902 1577 944 1614 ses

166 1642 354 1712 sout'frances3
372 1653 400 1697 et
420 1639 460 1698 les
474 1654 599 1716 satrapes
614 1643 789 1698 attendaient
804 1644 944 1720 Gregoire

148 1731 233 1786 -bors
252 1731 287 1786 de
307 1732 334 1786 la
348 1730 423 1788 ville.
437 1730 487 1800 Or,
503 1730 601 1803 quand
620 1730 653 1785 its
669 1730 695 1786 le
707 1733 800 1786 virent
811 1735 893 1808 penis
908 1735 944 1792 de

165 1820 225 1873 loin
240 1837 308 1874 avec
328 1816 391 1874 Oda
406 1829 436 1874 et
455 1819 605 1892 beaucoup
621 1817 746 1874 d’autres
758 1820 887 1876 hommes
908 1824 943 1879 de

849 371 1097 433 AGATHANGE.

1003 507 1030 562 la
1039 509 1105 562 ville
1117 507 1312 567 d’drdaschad
1322 513 1372 584 ,ils
1381 532 1411 569 se
1421 517 1627 591 precipitirent
1638 522 1654 578 a
1667 541 1698 579 sa
1711 544 1782 582 ren·

1003 607 1117 667 contre,
1129 607 1173 670 et,
1185 615 1214 652 se
1226 598 1365 656 devorant
1376 603 1416 658 les
1430 605 1523 661 chairs
1537 626 1605 664 avec
1614 629 1672 666 une
1691 615 1782 689 epon-

1002 684 1134 738 vantable
1141 684 1249 755 fureur,
1257 689 1292 742 ils
1306 691 1577 752 ecumaicntdevant
1588 699 1638 759 lui.
1648 701 1687 756 Le
1695 705 1780 777 saint,

1002 770 1219 845 s’agenouiilant
1238 779 1423 854 aussitdt„se
1436 784 1489 838 mit
1507 802 1543 840 en
1560 786 1685 862 prietes,
1704 803 1734 847 et
1746 794 1782 848 ils

1002 863 1146 916 revincent
1159 863 1175 917 ἐι
1187 864 1213 918 la
1227 867 1322 921 raison
1335 878 1400 924 tout
1412 869 1428 924 a
1444 890 1531 946 coup.
1543 875 1681 950 Grigoire
1692 897 1780 936 com-

1002 948 1106 1004 manda
1122 951 1210 1024 qu‘on
1219 954 1281 1008 leur
1289 960 1343 1012 mit
1358 956 1407 1013 des
1418 960 1574 1018 vetements
1587 975 1615 1020 et
1628 966 1717 1039 qu’on
1729 988 1778 1025 ca-

1002 1037 1068 1092 cbdt
1084 1039 1147 1093 leur
1159 1041 1269 1099 nuditd.
1290 1047 1331 1100 Le
1351 1047 1395 1101 roi
1421 1060 1449 1103 et
1467 1050 1507 1105 les
1520 1062 1659 1127 satrapes,
1682 1054 1782 1115 s¹dtant

1002 1127 1179 1199 approchds,
1195 1131 1398 1190 embrassaient
1411 1137 1453 1192 les
1466 1139 1549 1213 pieds
1560 1141 1597 1197 de
1608 1144 1684 1198 saint
1701 1146 1777 1202 Gre-

1002 1215 1101 1286 goire,
1116 1215 1229 1275 disant:
1250 1245 1262 1269 α
1277 1223 1357 1278 Nous
1368 1235 1395 1280 te
1410 1229 1558 1301 supplions
1574 1231 1609 1286 de
1624 1250 1697 1288 nous
1710 1253 1780 1308 par·

1002 1300 1115 1358 donner
1130 1316 1193 1361 tout
1203 1309 1230 1363 le
1248 1311 1372 1385 malque
1386 1333 1458 1370 nous
1468 1316 1577 1373 t'avons
1591 1319 1651 1379 tait.
1671 1325 1725 1394 »211
1740 1322 1781 1380 les

999 1391 1095 1446 releva
1107 1403 1135 1447 et
1143 1395 1207 1450 leur
1221 1397 1285 1455 dit:
1300 1424 1312 1449 ι
1326 1404 1425 1458 Jesois
1436 1423 1477 1459 un
1489 1406 1605 1464 homme
1620 1412 1778 1468 semblable

1000 1478 1117 1549 avous,
1137 1494 1166 1537 et
1183 1482 1234 1554 j'ai
1248 1506 1289 1542 un
1313 1509 1399 1565 corps
1420 1494 1511 1564 pareil
1534 1514 1571 1551 au
1591 1497 1684 1557 vdtre.
1707 1502 1777 1556 Mais

999 1584 1087 1636 vous,
1111 1575 1305 1630 reconnaissez
1318 1591 1400 1634 rotre
1423 1581 1559 1638 Createur
1578 1587 1628 1657 qui
1647 1605 1665 1641 a
1679 1587 1729 1643 tait
1751 1589 1780 1645 le

1000 1656 1052 1709 ciel
1062 1694 1070 1723 ,
1081 1657 1108 1711 la
1118 1668 1193 1716 terre
1203 1702 1211 1731 ,
1220 1662 1246 1718 le
1256 1666 1351 1734 soleil,
1362 1669 1390 1723 la
1402 1670 1485 1738 lune,
1499 1671 1536 1727 les
1549 1675 1663 1744 etoiles,
1676 1677 1705 1731 la
1716 1697 1778 1733 mer

1000 1754 1029 1797 et
1043 1745 1068 1799 le
1084 1745 1189 1816 desert,
1206 1769 1255 1807 car
1269 1754 1309 1808 lui
1323 1758 1383 1811 seut
1397 1770 1467 1830 peut
1481 1779 1552 1816 vous
1561 1764 1665 1836 guerit.
1684 1789 1696 1814 ν

164 1969 1773 2020 Ἣ

165 2096 244 2153 σμιον
260 2071 282 2132 F
284 2071 403 2150 ρηγόριον
425 2070 553 2152 πάρειμι,
570 2071 691 2130 ἐκθαλεῗν
716 2075 794 2132 αὐτὸν
819 2073 873 2132 ἀπὸ
895 2080 943 2147 τῆς

165 2164 294 2240 φυλακῆς.
305 2161 367 2220 Τῶν
378 2158 405 2216 δὲ
418 2159 603 2235 θαυμαζόντων
615 2160 660 2218 καλ
671 2160 812 2238 λεγόντων·
822 2151 943 2240 dputes,

165 2247 252 2309 πολλά
264 2246 314 2326 γὰρ
327 2246 373 2319 ἔτη
387 2246 471 2317 ἐστίν,
486 2246 530 2326 ἀφ’
543 2239 571 2306 οὑ
584 2249 692 2328 ἐρρίφθη
712 2251 774 2308 ἐκεῖ.
788 2239 856 2308 Εἶτα
868 2254 944 2319 αὐτὸς

167 2339 313 2416 διηγήσατο
328 2335 357 2394 τό
380 2335 486 2414 ὅραμα,
507 2336 552 2394 καὶ
569 2335 602 2395 τά
618 2338 746 2414 λεγόμενα
762 2336 835 2415 ἔργα.
852 2337 943 2418 Ἐνέγ-

164 2448 256 2492 καντες
270 2415 314 2483 οὑν
329 2422 432 2502 σχοινία
444 2423 534 2502 μακρὰ
547 2424 592 2481 καὶ
607 2422 735 2505 στιὸαράι,
748 2426 944 2502 προσδήσαντες

165 2512 283 2592 σχοίνους
307 2509 422 2591 μακρσὺς
448 2511 585 2589 ἕχάλασαν
609 2512 694 2572 κάτω.
718 2511 872 2585 Ἀνεθόησεν
899 2505 943 2573 οὑν

165 2601 318 2668 Αθταυίαςό
327 2600 465 2679 σατράπης
476 2599 579 2677 μεγάλῃ
590 2603 622 2678 τῇ
634 2604 707 2681 φωνῇ
720 2599 765 2657 καὶ
776 2591 857 2669 εἶπεν.
870 2605 943 2682 Γρη-

163 2688 251 2767 γόριε,
264 2691 287 2746 εἰ
298 2688 336 2746 ἔτι
349 2689 375 2745 ἐν
389 2687 444 2753 τοῖς
457 2689 535 2755 ζῶσιν
551 2687 693 2766 ὑπάρχεις,
706 2689 781 2769 δεῦρο
791 2687 852 2756 ἔξω·
865 2695 879 2749 ό
890 2690 940 2769 γὰρ

164 2777 250 2855 κόριος
263 2781 276 2835 ό
288 2776 354 2841 Θεός
367 2797 412 2833 σου
422 2765 464 2854 ,ᾧ
480 2774 558 2841 αὐτὸς
572 2777 745 2853 λειτουργεῖς,
759 2775 896 2835 ἐκέλευσέν
913 2801 942 2835 σε

164 2866 289 2926 ἀνελθεῖν.
307 2862 360 2923 Καί
383 2862 475 2929 εὐθέως
496 2862 624 2934 ἀναστὰς,
643 2862 687 2920 καὶ
708 2862 868 2940 δραξάμενος
889 2869 942 2923 τῶν

163 2952 305 3032 σχοινίων,
328 2950 406 3009 ἐκίνει
422 2949 506 3010 αὐτά.
524 2950 681 3025 Αίσθόμενσι
699 2943 742 3009 οὑν
764 2952 809 3010 καλ
831 2953 942 3012 ἀνελκό-

164 3064 255 3108 σαντες
272 3039 350 3098 αὑτὸν
366 3036 548 3119 ἀναφέρουσιν,
562 3037 608 3097 καὶ
623 3037 747 3099 ἐθεάσατο
760 3039 799 3098 ὅτι
818 3040 848 3098 τό
863 3045 941 3118 σῶμα

164 3132 243 3188 αὐτοῦ
269 3129 458 3205 μεμελάνωτσ,
474 3131 509 3193 ὡς
524 3126 609 3211 θαλός.
636 3128 692 3186 Καὶ
718 3129 939 3208 προσενέγκαντες

162 3217 257 3293 ἱμάτια
280 3216 402 3274 ἐνέδυσαν
425 3215 519 3291 αὐτόν,
539 3217 585 3274 καὶ
610 3214 678 3290 μετὰ
704 3227 790 3295 χαρᾶς
815 3217 941 3290 πλείστης

162 3304 287 3369 λαθόντες
296 3304 384 3376 αὐτὸν,
395 3303 448 3364 ἀπὸ
456 3308 503 3371 τῆς
514 3302 642 3383 Ἀρταξθτ
652 3308 699 3377 τῆς
710 3303 811 3372 πόλεως
818 3304 939 3387 ἔρχονται

163 3396 198 3461 εἰς
209 3392 439 3470 Οὖαλεροκτίστην
450 3391 536 3450 πόλιν.

200 3485 217 3560 §
238 3503 286 3558 92.
307 3481 375 3541 Τότε
394 3472 437 3540 eds
452 3485 466 3538 θ
482 3479 603 3558 βασιλεὺς
617 3479 662 3538 διὰ
683 3480 731 3552 τήν
754 3484 800 3539 τοῦ
818 3480 938 3557 δαίμονος

161 3571 279 3648 μάστιγα
304 3569 431 3646 ἀγόμενος
465 3569 510 3648 βίᾳ
536 3571 572 3636 είς
593 3569 738 3642 ὑπάντησιν
765 3569 871 3649 ἔρχεται
893 3576 939 3630 τοῦ

162 3660 253 3738 ἀγίσυ,
264 3659 361 3738 γυμνὸς
376 3659 421 3716 καὶ
437 3659 618 3725 ἐπονείδιστος.
640 3660 676 3717 0t
691 3656 718 3716 δὲ
740 3657 873 3738 σατράπαι
890 3657 939 3725 ἔξω

161 3751 207 3818 τῆς
218 3748 318 3814 πόλεως
329 3747 523 3827 παραμένοντες
533 3744 723 3825 προσεδέχοντο
741 3745 844 3814 αὐτούς.
862 3747 937 3806 Θεα-

162 3833 270 3909 σάμενοι
283 3828 325 3894 οὑν
336 3835 477 3914 ἐρχόμενον
489 3835 532 3893 τὸν
545 3835 617 3915 όγιον
632 3835 791 3914 Γρηγόρισν,
804 3833 860 3912 ἅμα
876 3835 939 3894 Αὖ-

160 3921 239 4002 ταυίφ
252 3927 290 4002 τῷ
305 3924 445 4002 σατράπῃ,
462 3925 566 3981 πολλῶν
577 3923 825 3983 ἐπακολουθούντων
849 3925 937 3988 αὐτοῖς

161 4011 247 4090 όχλων
271 4012 324 4070 ἀπὸ
343 4010 470 4089 Ἀρταίάε
495 4014 541 4082 τῆς
562 4012 676 4084 πολεως,
703 4012 888 4090 προσεχώρουν
903 4011 938 4077 είς

161 4099 315 4172 συνάντησιν
328 4101 407 4158 αὐτοῦ
420 4100 664 4176 θαιμονιαζόμενσι,
677 4098 722 4157 καὶ
733 4097 779 4164 τὰς
797 4098 863 4165 ἰδίας
873 4097 937 4175 σόρ·

161 4211 208 4255 κας
218 4187 359 4262 ἐσθίοντες,
373 4187 419 4247 καί
435 4187 583 4269 ἀφρίζοντες
603 4187 710 4246 ἔπιπτον
729 4185 876 4266 ἔμπροσθεν
889 4189 937 4244 αὖ·

159 4281 215 4336 τοῦ.
229 4275 263 4335 Ὁ
284 4275 312 4334 δὲ
327 4275 407 4354 ἀγιος,
430 4275 501 4340 εὐθὺς
515 4275 576 4354 γόνυ
591 4275 699 4348 κλίνας,
712 4273 810 4343 ηὔξατο
827 4275 936 4338 ἐκτενῶς

160 4363 220 4442 περὶ
236 4365 338 4422 αὐτῶν·
352 4367 387 4431 ῶς
401 4362 428 4422 δὲ
441 4363 583 4445 ἀντ’νηφαν,
597 4363 731 4422 ἐκέλευσεν
748 4360 841 4428 αὐτοὺς
855 4381 936 4439 περι-

161 4449 290 4511 θαλίσθαι
299 4452 412 4531 ἱμάτια,
426 4451 472 4511 καί
486 4453 617 4511 σκεπάσαι
632 4452 717 4509 αὐτῶν
732 4449 766 4508 τά
784 4450 935 4530 ἀσχήμονα.

160 4540 318 4619 Προσελθὼν
333 4531 403 4598 adab
426 4539 545 4619 βασιλεὺς
561 4538 629 4617 μετὰ
644 4541 695 4596 τῶν
717 4541 860 4616 σατραπῶν
875 4540 935 4596 ἐπε-

159 4627 272 4687 λάθοντο
285 4632 337 4688 τῶν
349 4631 437 4687 ποδῶν
453 4633 499 4686 τοῦ
511 4627 642 4706 παναγίου
657 4624 816 4706 Γρηγσρίου,
832 4626 877 4685 καλ
896 4625 937 4708 ρί-

159 4721 254 4797 ψαντες
273 4715 364 4783 αὑτοὺς
380 4719 415 4783 εἰς
432 4716 479 4788 τλν
491 4720 555 4795 γῆν,
571 4715 684 4774 ἀνεόόων
699 4715 825 4794 λίγαντες·
839 4715 934 4776 dirod-

159 4810 226 4881 μεθα
247 4805 319 4882 παρά
334 4810 379 4864 σοῦ
395 4805 432 4882 μή
447 4808 562 4883 μνησθῇς
576 4807 627 4862 τῶν
640 4806 728 4862 κακῶν
746 4806 832 4873 ἡμῶν,
853 4806 879 4862 ἐν
897 4793 935 4869 οἷς

160 4915 190 4952 σε
204 4893 354 4974 ἔθλίψαμεν.
368 4894 454 4961 Αὐτὸς
466 4891 494 4951 δὲ
504 4891 632 4971 ἐξεγείρας
645 4889 737 4957 αὔτοὺς
747 4936 755 4963 ,
767 4864 854 4968 ίλεγεν
868 4888 934 4967 πρὸς

160 4982 261 5050 αὐτούς·
284 4981 367 5055 Κάγὼ
388 4982 446 5040 καθ’
457 4986 525 5058 ὑμᾶς
546 4981 680 5061 ἄνθρωπος
705 4979 833 5060 ὑπάρχω,
854 4983 932 5055 σῶμα

160 5067 228 5150 ἔχων
239 5069 393 5146 ὁμοιοπαθὲς
404 5075 475 5149 ὑμῖν.
491 5067 582 5148 Ὑμεῖς
595 5069 621 5128 δὲ
632 5072 714 5147 γνῶτε
725 5069 770 5128 τὸν
781 5067 931 5141 ποιήσαντα

160 5157 204 5218 τὸν
222 5160 329 5240 οὐρανὸν
351 5157 397 5218 καί
411 5158 458 5230 τήν
479 5162 537 5236 γῆν,
558 5157 632 5229 ήλιόν
652 5157 741 5217 τεκαὶ
760 5156 871 5230 σελήνην
886 5155 932 5214 οὑν

1000 2094 1029 2141 ut
1041 2106 1101 2144 eum
1113 2096 1145 2147 de
1156 2112 1254 2152 carcere
1267 2104 1380 2157 educam.
1391 2128 1403 2152 ν
1415 2109 1467 2160 ttlis
1478 2125 1537 2162 aero
1547 2114 1694 2166 mirantibus
1703 2121 1728 2167 et
1739 2118 1778 2168 di-

999 2188 1130 2240 centibus:
1144 2212 1156 2234 ι
1168 2195 1222 2245 Ain'
1231 2199 1259 2246 tu
1268 2202 1279 2247 t
1287 2214 1344 2250 uam
1355 2203 1428 2253 multi
1441 2208 1499 2255 sunt
1510 2207 1575 2271 anui,
1589 2223 1605 2258 a
1617 2211 1707 2272 qubus
1717 2211 1776 2264 iliu:

999 2285 1104 2349 injectus
1118 2294 1164 2341 est.
1180 2313 1191 2336 ν
1224 2295 1319 2347 Deinde
1337 2298 1398 2362 ipsis
1409 2304 1519 2353 narravit
1529 2305 1664 2370 visionem,
1680 2311 1705 2358 ct
1718 2324 1773 2373 qua

999 2383 1157 2448 contigerant.
1169 2392 1324 2456 Quapropter
1334 2396 1416 2447 allatis
1428 2398 1528 2450 funibus
1544 2401 1622 2465 longis
1635 2407 1661 2453 et
1674 2375 1774 2468 solidis,

998 2477 1173 2542 colligaverunt
1196 2484 1269 2536 tunes
1287 2488 1419 2554 oblongos,
1432 2498 1459 2543 et
1480 2495 1598 2544 deorsum
1612 2495 1772 2549 demiserunt.

999 2576 1148 2630 Exclamavit
1161 2597 1219 2646 ergo
1234 2589 1352 2639 autarius
1369 2593 1465 2655 satrapa
1479 2594 1543 2647 elata
1554 2607 1631 2656 soce,
1651 2600 1676 2646 et
1694 2596 1774 2646 dixit:

999 2700 1011 2723 ι
1024 2683 1138 2746 Gregori,
1150 2687 1171 2735 si
1191 2686 1326 2740 etiamnum
1341 2692 1367 2741 in
1384 2694 1450 2744 rivis
1463 2709 1506 2754 es,
1520 2697 1644 2760 egredere.
1657 2700 1717 2747 ttam
1728 2697 1774 2748 do·

998 2781 1079 2832 minus
1091 2786 1158 2836 Deus
1171 2790 1244 2849 tuus,
1256 2791 1297 2840 cui
1308 2794 1336 2840 tu
1346 2793 1439 2852 serris,
1452 2796 1568 2860 praecepit
1580 2800 1609 2847 ut
1622 2799 1749 2848 ascendas.
1761 2820 1774 2842 ν

997 2888 1029 2935 at
1042 2888 1158 2939 continuo
1170 2905 1285 2956 surgens,
1297 2898 1323 2945 et
1342 2910 1425 2960 pugno
1440 2897 1510 2949 tunes
1524 2901 1722 2964 apprehendens,
1732 2916 1776 2952 eos

997 2990 1083 3041 movit.
1094 2991 1124 3041 td
1141 3006 1198 3058 ergo
1220 2996 1367 3060 sentientes,
1380 3000 1580 3064 attrahentesque
1599 3017 1658 3052 eum
1675 3017 1773 3053 sursum

997 3091 1107 3142 tuterunt
1129 3115 1135 3142 :
1156 3096 1285 3160 risumque
1305 3113 1397 3163 corpus
1416 3102 1486 3166 ejus,
1500 3102 1597 3166 nigrum
1611 3108 1665 3154 erat
1680 3105 1773 3154 tactum

995 3191 1074 3242 instar
1088 3193 1189 3246 titionis.
1201 3197 1289 3248 altatis
1306 3213 1365 3249 vero
1385 3201 1541 3252 vestimentis
1554 3215 1611 3252 eum
1625 3202 1771 3264 induerunt,

995 3308 1074 3358 eoque
1085 3298 1192 3347 maxima
1207 3312 1265 3348 eum
1281 3300 1367 3350 taetitia
1387 3305 1517 3366 suscepto,
1529 3316 1543 3351 a
1555 3302 1655 3353 civitate
1669 3307 1773 3353 Artaxat

996 3397 1184 3459 proficiscuntur
1193 3399 1224 3449 ad
1234 3401 1360 3451 civitatem
1369 3402 1558 3453 Vateructisten.

1025 3495 1040 3559 §
1056 3499 1094 3544 92.
1110 3498 1178 3545 Turre
1185 3509 1243 3558 ergo
1249 3509 1356 3560 rex‚per
1367 3496 1491 3560 ttagettum
1499 3496 1617 3546 daemonis
1631 3498 1656 3546 ri
1667 3495 1770 3559 ductus,

995 3601 1021 3650 in
1043 3616 1175 3652 occursum
1194 3603 1271 3652 saneti
1287 3603 1413 3666 procedit,
1435 3603 1518 3654 nudus
1539 3606 1565 3653 et
1583 3601 1769 3667 ignominiosus.

994 3709 1103 3770 satrapae
1112 3721 1186 3768 rere,
1196 3706 1240 3770 qui
1248 3706 1368 3770 degebant
1381 3710 1449 3757 extra
1457 3707 1596 3768 civitatem,
1611 3707 1667 3757 illos
1680 3721 1765 3771 exspe-

993 3814 1101 3864 ctabant.
1112 3813 1160 3862 Ubi
1169 3816 1254 3862 autem
1268 3811 1384 3864 viderunt
1395 3813 1534 3864 venientem
1547 3815 1662 3864 sanetum
1676 3816 1768 3876 Grego-

993 3921 1058 3970 rium
1074 3935 1131 3970 eum
1145 3921 1249 3970 Autaria
1263 3921 1471 3983 satrapa,multis
1488 3921 1555 3984 ipsos
1576 3921 1735 3984 sequentibus
1754 3933 1770 3970 a

993 4027 1092 4077 civitate
1106 4029 1220 4090 Artaxat,
1232 4027 1332 4077 obviam
1345 4027 1369 4076 ei
1386 4040 1413 4076 se
1423 4026 1581 4077 contuleruut
1591 4041 1606 4076 a
1616 4025 1771 4076 damonibus

991 4136 1087 4194 vexati,
1108 4138 1135 4185 et
1161 4135 1273 4199 proprias
1299 4134 1456 4185 comedentes
1487 4147 1588 4195 carnes,
1615 4147 1765 4198 spumasque

991 4240 1134 4290 emittentes
1146 4252 1229 4288 coram
1242 4238 1297 4302 ipso
1307 4237 1473 4302 prociderunt.
1484 4240 1517 4287 at
1527 4228 1645 4298 sanetus,
1652 4237 1770 4288 velociter

991 4360 1054 4411 gena
1069 4346 1182 4407 flectens,
1193 4345 1279 4395 orabat
1295 4359 1338 4408 pro
1351 4345 1399 4395 illis
1417 4359 1474 4394 curn
1489 4345 1593 4395 terrore.
1609 4343 1658 4392 uui
1675 4343 1708 4392 ud
1723 4356 1765 4393 so·

991 4447 1119 4497 brietatem
1136 4447 1225 4497 mentis
1238 4446 1379 4507 redierunt,
1394 4447 1470 4510 jussit
1478 4459 1521 4497 eos
1535 4445 1648 4495 restibus
1661 4445 1767 4494 circurn-

990 4546 1059 4607 dari,
1080 4548 1106 4594 et
1125 4543 1229 4594 verenda
1251 4557 1337 4594 eorum
1349 4544 1408 4608 tegi.
1432 4543 1583 4594 accedentes
1597 4555 1656 4606 ergo
1676 4555 1720 4592 rex
1740 4547 1767 4590 et

991 4653 1094 4713 satrapa.
1103 4647 1315 4712 apprehenderunt
1327 4647 1403 4711 pedes
1415 4645 1494 4697 sancti
1502 4644 1630 4709 Gregorii,
1644 4657 1722 4707 seque
1738 4643 1764 4692 in

988 4757 1080 4804 tenant
1097 4749 1266 4815 projicientes,
1278 4749 1478 4800 exclamaverunt
1491 4748 1522 4798 ad
1537 4747 1621 4810 ipsum
1634 4745 1763 4795 dieentes:

989 4877 1002 4901 ι
1012 4859 1136 4920 Rogamus
1148 4857 1187 4918 te,
1197 4868 1228 4905 ne
1241 4855 1381 4905 memineris
1392 4853 1529 4913 maloram,
1542 4850 1634 4914 quibus
1642 4851 1667 4900 te
1676 4845 1765 4897 afflixi·

988 4969 1052 5006 mus
1065 4975 1077 4999 ι
1089 4955 1134 5005 Ille
1151 4967 1210 5004 vero
1225 4967 1269 5004 eos
1283 4965 1381 5017 surgere
1391 4951 1497 5012 taciens,
1508 4947 1540 4998 ad
1558 4946 1660 4998 eosdem
1676 4943 1741 4994 dixit
1756 4963 1763 4991 :

988 5079 1000 5102 ι
1013 5063 1045 5111 at
1054 5073 1100 5124 ego
1112 5058 1177 5109 inter
1188 5071 1233 5108 vos
1244 5058 1318 5107 bomo
1330 5067 1403 5114 sum,
1414 5053 1509 5104 babens
1521 5065 1611 5116 eorpus
1623 5047 1715 5100 restris
1728 5045 1762 5097 ai·

990 5155 1761 5226 mitettosautuueognoaeiteeumqutteeitcoelumettcrram,
