3809 5859
394 271 642 332 MECHEMETIS
663 273 791 334 ANNUS
813 274 876 336 xii.
900 279 982 338 6970
1006 278 1192 357 (iiiii-iim
1212 278 1247 338 P.
1271 277 1327 353 0.).

1602 278 1659 338 143

57 401 142 471 σιλεδς
164 403 354 480 μετακαλεῖται
366 401 410 461 τδν
425 401 508 482 ἀνδρα
523 402 568 461 καί
583 410 676 483 πεῖραν
690 403 784 474 ἱκανὴν
799 402 829 463 ἔκ
885 407 973 485 πολλῇ
987 406 1033 465 χαὶ
1048 407 1166 485 δαπάνῃ,
1181 405 1314 487 παραδοὺς
1327 406 1397 485 αὐτῷ
1409 414 1498 465 πᾶσαν
1512 404 1559 476 τὴν
1574 405 1660 485 ἀρχὴς

57 515 86 550 τε
99 495 146 562 τῆς
161 488 298 570 inermia<
315 489 361 547 καὶ
374 488 479 566 ὁμιλίας
492 487 582 547 λαθὼν
600 493 646 560 τῆς
665 511 694 547 τι
712 490 831 556 παιδείας
885 494 934 567 τὴν
950 497 1055 568 Γετῶν,
1068 496 1114 553 καὶ
1129 494 1263 565 ξυιοήιιαις
1282 495 1327 553 καὶ
1341 494 1427 572 ὅρκοις
1442 494 1570 565 inimicae
1583 493 1660 554 αὐτὸν

57 578 102 638 καί
121 576 213 657 σοφίας
235 577 335 650 αὐτοῦ,
359 576 488 651 θαυμάζει
506 598 536 633 τε
549 581 639 635 τοῦτον
660 574 832 656 διαφερόντως

57 666 102 725 καλ
114 665 205 746 χώρας
216 668 264 734 τ’ής
275 664 459 743 προσηκούσης
474 662 540 731 ἀξιοῖ
555 665 620 743 παρ’
638 664 768 744 αὐτῷκαὶ
783 687 831 721 συ-

56 763 131 837 χναῖς
145 759 180 820 ὡς
195 753 274 812 αιἰτδν
293 751 401 818 εἰσόδοις
415 750 461 809 καὶ
476 752 590 826 ὁμιλίαις
610 761 692 831 τιμᾷ,
712 751 832 829 δόγματα

58 849 110 903 τῶν
123 845 245 904 παλαιῶν
265 844 338 921 αὐτῷ
352 840 481 920 προτιθεὶς
494 840 540 898 καί
556 840 709 920 φιλοσόφους
724 841 833 918 ἀπορίας

60 932 106 994 καὶ
116 929 271 1003 συζητήσεις
287 931 333 988 καί
344 931 443 995 λύσεις·
458 918 515 986 ἐστι
528 928 579 1007 γδρ
592 930 644 986 τῶν
659 928 746 1007 άκρως
759 931 834 1007 φιλο-

60 1021 147 1099 σόφων
161 1024 176 1078 δ
190 1017 324 1095 βασιλεύς.
341 1017 374 1094 (4)
394 1013 471 1079 Μετὰ
489 1016 516 1073 δὲ
534 1020 610 1073 τοῦτο
630 1019 682 1073 τῶν
701 1013 770 1073 κατδι
787 1015 834 1086 τὴν

58 1106 133 1166 πολιν
155 1097 227 1173 αδθις
253 1103 394 1186 φροντίδων
415 1105 534 1179 γίνεται,
551 1106 597 1159 τοῦ
618 1124 645 1159 τι
671 1101 833 1179 ξυνοικισμοῦ

59 1198 141 1265 αὐτῆς
155 1195 221 1272 ἄγαν
237 1191 437 1271 ἐπιμελόμενος,
450 1194 498 1248 τοῦ
518 1212 548 1249 τε
572 1188 672 1265 κόσμου
688 1188 835 1266 ξύμπαντος

56 1284 102 1342 καί
126 1289 172 1355 τῆς
200 1281 283 1353 ἀλλης
302 1283 431 1351 καλλονῆς
454 1279 500 1338 καὶ
522 1283 704 1358 κατασκευῆς,
723 1278 785 1345 νεώς
805 1301 833 1337 τε

59 1370 199 1448 ἀνεγιίρων
217 1367 263 1427 καί
276 1366 372 1447 νεώρια
387 1368 530 1442 οἰκοδομῶν
546 1365 592 1423 καί
604 1364 700 1445 θέατρα
714 1366 760 1423 καὶ
773 1370 833 1442 ἀγο-

57 1457 104 1537 ρλς
123 1456 169 1517 καὶ
187 1455 236 1516 ὅσα
256 1460 379 1527 τοιαῦτα,
398 1452 508 1532 προσέτι
530 1452 558 1511 δὲ
578 1455 625 1511 καὶ
638 1455 726 1519 πάσας
740 1453 835 1531 τέχνας

57 1547 103 1603 καὶ
120 1544 271 1620 ἐπιστήμας
291 1542 393 1621 ἐσάγων
414 1543 495 1618 αὐτῇ,
507 1540 670 1619 πανταχόθεν
683 1539 793 1618 ἀγείρων
805 1563 834 1597 τε

59 1633 104 1693 καί
128 1631 312 1709 μετακομίζων
330 1630 389 1696 τοὺς
406 1628 506 1688 τούτων
527 1627 706 1703 ἐπιστήμονας
727 1626 772 1686 καί
789 1650 834 1687 τε·

59 1721 152 1800 χνίτας
174 1744 220 1779 και
245 1719 400 1787 κατοικίζων
416 1721 500 1796 αὐτῇ,
523 1717 654 1794 μηδεμιᾶς
674 1715 793 1786 δαπάνης
815 1715 834 1785 ἢ

61 1807 245 1884 ἀναλωμάτων
269 1806 334 1886 πρὸς
366 1811 442 1864 τοῦτο
466 1805 630 1885 φειδόμενος..
654 1804 834 1863 Ἐσπούδαστο

60 1896 111 1975 γάρ
135 1898 207 1975 αὐτῷ
226 1894 270 1954 διδ
289 1895 378 1960 τέλους
401 1894 520 1974 αὐτάρκη
543 1902 596 1959 τοῖς
615 1891 685 1958 όλοις
700 1891 834 1961 ἀποδεῖξαι

58 1985 107 2056 τὴν
122 1985 217 2056 πόλιν,
239 1985 364 2061 μηδαμοῦ
378 1982 572 2062 προσδεομένην
587 1981 675 2060 ἑτέρου
690 1979 761 2046 τινδς
782 1983 834 2037 τῶν

60 2071 153 2141 ἔξωθεν
166 2072 192 2139 ίς
206 2095 234 2132 τε
254 2069 404 2152 φιλοτιμίαν
423 2070 469 2128 καὶ
489 2068 581 2149 χρείαν
596 2067 641 2126 καί
654 2067 751 2145 κόσμον
767 2070 834 2144 ὁμοῦ

59 2159 106 2217 καί
124 2160 314 2240 λαμπρότητα.
813 2216 817 2226 ,

101 2246 137 2306 Χ.
162 2246 209 2306 Ἐν
223 2248 324 2314 τούτοις
338 2245 422 2304 τοίνυν
437 2244 493 2303 όντι
508 2248 547 2324 τῷ
563 2246 668 2321 βασιλεῖ
678 2243 833 2322 ἀγγέλλεται

59 2333 222 2410 Δράκουλιν,
236 2332 280 2392 τὸν
297 2331 414 2411 ἡγεμόνα
432 2334 535 2408 Γετῶν,
549 2329 682 2409 νεωτέρων
704 2330 835 2404 ἐπιθυμή-

60 2440 145 2476 σαντα
162 2422 334 2498 νεοχμῶσαι,
346 2420 392 2478 καὶ
403 2419 527 2499 στρατιὰν
541 2418 728 2494 ξυλλεξάμενον
740 2418 832 2489 ἱκανὴν

61 2504 107 2563 καί
120 2504 216 2573 ἵππους
229 2508 275 2565 καὶ
287 2505 357 2565 ὅπλα
373 2507 484 2585 ἀντᾶραι
495 2510 534 2585 τῷ
549 2506 668 2584 βασιλεῖ,
677 2504 705 2572 δς
716 2496 748 2576 ἦν
761 2506 833 2585 αὐτῷ

60 2592 151 2671 πρώην
162 2591 262 2665 ταύτην
272 2592 419 2674 παρασχών
429 2593 477 2665 τήν
488 2594 586 2672 ἀρχήν.
601 2592 834 2669 (κ1Ἆπελαθέντας

60 2680 111 2758 γδρ
125 2680 204 2739 αὐτόν
224 2704 252 2739 τε
268 2681 313 2740 καί
327 2680 371 2740 τδν
392 2680 502 2761 ἀδελφὸν
516 2680 569 2738 ύπδ
582 2686 629 2739 τοῦ
642 2683 694 2739 τῶν
709 2680 833 2740 Παιόνων

59 2790 90 2824 τε
97 2769 143 2825 καλ
155 2772 250 2827 Δακῶν
259 2768 388 2847 ἡγεμόνος
397 2768 518 2829 Ἰωάννου
528 2774 574 2826 τοῦ
586 2767 668 2829 Γέτου
678 2767 745 2844 ματίι
760 2768 835 2825 δυνά·

60 2879 130 2930 μεως
143 2857 294 2922 ἐπελθόντος
304 2856 350 2915 καί
365 2858 408 2914 τὀν
422 2859 494 2935 σφῶν
505 2855 707 2922 ἀποκτείναντος
717 2854 832 2934 πατέρα,

59 2942 105 3001 καὶ
127 2942 176 3015 τήν
195 2942 280 3022 ἀρχὴν
295 2941 456 3021 παραδόντος
480 2943 577 3022 ἑτέρῳ,
599 2942 703 3010 ἐδέξατο
728 2940 834 3009 τούτους

60 3033 177 3109 φυγάδας
190 3035 205 3090 ὁ
218 3038 263 3091 τοῦ
281 3030 410 3111 βασιλέως
423 3032 513 3109 πατὴρ
528 3034 554 3098 ές
573 3029 651 3089 αύτδν
669 3028 834 3109 καταφυγόν·

60 3144 121 3195 τας,
134 3120 181 3179 καλ
199 3118 305 3200 ἔτρεφεν
320 3124 345 3180 έν
365 3123 418 3187 τοῖς
437 3116 578 3197 βασιλείοις
601 3118 668 3195 ἄγαν
693 3116 835 3198 φιλοτίμως

59 3209 156 3276 παῖδας
166 3207 244 3273 όντας
258 3208 313 3284 ἐτι,
328 3207 373 3267 καὶ
387 3209 514 3265 τελευτῶν
534 3206 674 3268 κατέλιπεν
693 3203 786 3271 αύτούς
798 3208 836 3283 τῷ

59 3299 164 3370 βασιλεῖ
178 3296 224 3355 καὶ
247 3298 312 3355 υἱεῖ·
326 3296 371 3354 καί
392 3295 419 3362 ὃς
439 3287 495 3376 εἶχε
508 3296 554 3355 καί
572 3294 678 3375 ίτρεφεν
694 3292 786 3360 αύτοῖις
808 3295 835 3351 έν

58 3386 144 3461 πολλῇ
161 3382 285 3463 θεραπεία
299 3406 328 3441 τε
342 3382 388 3442 καί
401 3386 466 3463 τιμῇ
479 3382 543 3463 παρ’
554 3385 640 3461 ἑαυτῷ
659 3382 705 3439 καί
726 3379 833 3461 προνοίη

61 3473 193 3551 βασιλικῇ.
236 3473 269 3550 (ν)
294 3470 439 3549 Νιωτέρων
467 3468 495 3529 δέ
523 3469 675 3546 ξυμδάντων
704 3468 763 3546 περὶ
787 3468 834 3538 τήν

59 3558 144 3637 ἀρχὴν
189 3585 210 3628 ,ν
228 3561 333 3631 Γετῶν,
352 3558 398 3616 καλ
420 3563 467 3616 τοῦ
486 3557 584 3629 ταύτην
604 3559 709 3637 ἔχοντες
732 3559 832 3615 ἀπελα·

887 576 972 660 ήμήν
995 583 1118 665 φυλάξειν
1141 583 1233 642 άδολυν
1256 583 1302 642 καί
1325 582 1441 662 καθαράν
1463 583 1511 654 τὴν
1533 582 1597 661 πφδς
1614 582 1659 643 τδν

889 672 999 749 βασιλέα
1018 670 1131 752 στοργήν
1146 670 1192 729 καί
1210 669 1312 730 εύνοιαν
1328 670 1374 729 καί
1387 671 1435 739 τὰς
1450 671 1592 749 γενομένας
1615 671 1659 730 πί·

888 782 958 826 στεις
970 783 998 817 τε
1013 758 1058 816 καὶ
1073 758 1211 829 ξυνθήκας.
1226 762 1257 836 (a)
1273 758 1307 818 ‘0
1326 758 1353 817 δέ
1375 757 1477 838 βραχὺν
1496 757 1591 838 χρόνον
1609 758 1663 834 ἐμ-

888 845 979 924 μείνας
993 847 1106 919 τούτοις,
1119 845 1211 905 ἔπειτα
1223 846 1329 905 πάντων
1345 846 1493 922 ἀμνηστίαν
1513 845 1603 905 λαθών
1617 844 1664 905 καλ

887 934 968 1001 κακδς
981 934 1070 1015 φανεὶς
1085 934 1146 1013 περὶ
1168 934 1213 993 τδν
1232 933 1430 1007 πιστεύσαντα,
1447 934 1578 1005 ἐπανέστη
1592 930 1662 991 κατδι

888 1026 934 1081 ταῶ
958 1020 1097 1100 βασιλέως.
1119 1020 1175 1080 Καὶ
1204 1024 1296 1098 πρῶτα
1322 1020 1371 1097 μὲν
1394 1022 1479 1102 λάθρα
1504 1019 1598 1087 διαθλς
1618 1020 1661 1079 τδν

888 1105 991 1187 Ἴστρον
1002 1106 1045 1175 ξὺν
1058 1108 1164 1183 δυνάμει
1179 1108 1223 1166 καί
1234 1117 1345 1190 στρατιᾷ
1355 1110 1402 1168 ούκ
1414 1108 1489 1188 ὀλίγῃ
1502 1106 1662 1187 κατατρέχει

888 1205 977 1255 πᾶσαν
991 1196 1038 1266 τήν
1056 1196 1151 1276 ὅμορον
1165 1198 1237 1274 αὐτῷ
1257 1196 1348 1278 χώραν
1369 1204 1414 1258 τοῦ
1430 1196 1578 1276 βασιλέως,
1592 1196 1663 1271 λέγω

889 1284 921 1356 δὴ
935 1283 970 1343 τά
982 1282 1043 1361 περὶ
1056 1284 1199 1344 Νικόπολιν
1211 1284 1257 1343 καὶ
1270 1283 1399 1359 Βιδήνην,
1411 1284 1457 1345 καὶ
1477 1282 1550 1343 λείαν
1567 1282 1662 1351 ἐλάσας

887 1370 928 1429 ότι
942 1372 1042 1442 πολλήν
1059 1371 1105 1429 καί
1126 1370 1202 1452 φόνον
1216 1373 1392 1450 ἐργασάμενος
1414 1374 1462 1431 ούκ
1474 1372 1561 1449 ἀλίγον
1582 1370 1661 1428 πάλιν

890 1457 982 1523 διαόδις
1007 1462 1137 1530 ἐπανῆκεν
1160 1462 1185 1525 ἐς
1207 1458 1255 1530 τήν
1271 1462 1362 1521 αύτοῦ.
1388 1459 1421 1540 (ο)
1439 1457 1517 1520 Μετά
1541 1456 1569 1517 δέ
1586 1462 1663 1516 τοῦτο

889 1544 1014 1624 πρέσύεις
1039 1548 1074 1611 ὡς
1108 1546 1187 1603 αὐτόν
1220 1545 1421 1613 ἀποστείλαντος
1457 1552 1502 1605 τοῦ
1533 1544 1662 1623 βασιλέως

889 1635 1007 1692 σπονδῶν
1029 1656 1058 1692 τε
1078 1633 1277 1710 ἀναμνήσαντες
1301 1636 1345 1693 καί
1367 1633 1529 1706 λαλήσαντες
1544 1630 1662 1711 είρηνικά

889 1720 934 1779 καί
945 1719 993 1791 τὴν
1007 1720 1092 1779 αἰτίαν
1105 1720 1280 1796 πευσομένους
1291 1724 1338 1788 τῆς
1352 1721 1538 1792 ἀποστάσεως,
1548 1718 1590 1776 ὅδε
1600 1717 1661 1796 πρὶν

888 1804 906 1878 ἢ
920 1813 1011 1883 μαθεῖν
1025 1806 1064 1886 ἐφ’
1076 1806 1093 1865 δ
1104 1798 1183 1878 ήκον,
1197 1805 1333 1875 ξυλλαδδιν
1344 1807 1450 1874 τούτους
1461 1806 1658 1879 ἀνεσκολόπισε,

889 1893 975 1954 πολλὰ
989 1894 1035 1954 καί
1051 1896 1196 1975 βλάσφημα
1217 1894 1363 1966 ἀπειλήσας
1380 1897 1405 1962 ἐς
1424 1894 1545 1974 βασιλέα.
1561 1891 1593 1971 (ο)
1608 1896 1662 1952 Bo·

889 1982 975 2051 σιλεδς
991 1982 1018 2041 δὲ
1033 1982 1079 2054 τήν
1094 1981 1168 2059 θύριν
1184 1982 1282 2055 ταύτην
1294 1984 1394 2062 βαρέως
1408 1984 1518 2063 ἐνεγκὼν
1533 1984 1608 2061 θυμῷ
1624 1982 1663 2039 δι·

888 2069 957 2150 καίφι
980 2070 1086 2149 ληφθείς
1108 2068 1233 2148 στρατιδιν
1253 2070 1293 2128 ὅτι
1307 2069 1433 2141 πλείστην
1456 2068 1529 2135 εὐθὺς
1550 2066 1662 2148 ἀγείρει,
1745 2110 1748 2122 .

889 2159 934 2218 καί
962 2161 1048 2223 καλῶς
1073 2157 1343 2237 παρασκευασάμενος
1367 2160 1511 2237 χειμῶνος,
1534 2157 1591 2232 ἅμα
1618 2146 1664 2233 ἦρι

890 2246 1019 2305 διαύαίνιι
1030 2247 1075 2305 τδν
1085 2241 1188 2324 Ἴστρον
1201 2245 1247 2305 καί
1259 2245 1351 2313 διαύδς
1366 2246 1525 2323 κατατρέχει
1535 2243 1582 2319 μὲν
1595 2245 1621 2301 ἐν
1634 2242 1663 2300 οὐ

889 2338 1000 2401 πολλαῖς
1020 2333 1131 2414 ἡμέραις
1151 2342 1240 2392 πᾶσαν
1264 2333 1356 2413 σχεδὸν
1377 2330 1424 2405 τὴν
1439 2334 1541 2405 Γετῶν,
1559 2334 1663 2409 πορθῶν

890 2421 936 2480 καί
950 2422 1021 2499 δῃῶν
1035 2420 1130 2494 αὐτὴν,
1143 2420 1189 2479 καί
1200 2421 1345 2500 χειμάρρου
1361 2418 1435 2491 δίκην
1448 2416 1623 2499 ἐπερχόμενός
1634 2439 1663 2476 τε

888 2509 934 2567 καί
948 2510 1109 2589 παρασύρων
1127 2509 1213 2567 πάντα
1235 2507 1269 2567 τά
1284 2509 1310 2566 έν
1330 2506 1391 2566 ποσί
1414 2505 1459 2565 καί
1477 2505 1585 2585 φρούρια
1604 2526 1663 2583 χει-

890 2596 1012 2676 ρούμενος
1025 2596 1070 2655 καὶ
1082 2596 1173 2673 κώμας
1185 2596 1334 2675 διαρπάζων
1342 2596 1386 2655 καί
1393 2594 1467 2653 λείαν
1481 2592 1521 2652 ότι
1535 2591 1660 2664 πλείστην

889 2686 1011 2763 ἀπάγων.
1027 2686 1060 2763 (7)
1078 2684 1113 2745 ‘0
1133 2684 1160 2744 δὲ
1185 2683 1280 2764 θρασὺς
1303 2686 1398 2752 ἐκεῖνος
1423 2683 1467 2742 καί
1490 2680 1593 2750 ἀλαζὼν
1614 2679 1661 2752 τὴν

890 2772 986 2852 ἀθρόαν
999 2771 1088 2852 ἔφοδον
1102 2778 1147 2830 τοῦ
1160 2771 1288 2851 βασιλέως
1300 2769 1338 2848 μὴ
1352 2768 1480 2848 ἐνεγκὼν,
1493 2767 1575 2848 φυγάς
1589 2766 1662 2834 ciui:

889 2859 991 2941 ᾤχετο,
1003 2860 1048 2918 καί
1060 2859 1220 2919 καταλαύδιν
1234 2860 1268 2920 τὰ
1280 2858 1442 2938 ἐρυμνότατα
1455 2863 1501 2928 ἰη”ς
1516 2856 1605 2937 χώρας
1617 2857 1662 2915 καί

889 2953 940 3009 τῶν
952 2950 1051 3026 βουνῶν
1062 2947 1135 3025 διῆγε
1152 2946 1181 3004 τδ
1196 2946 1271 3015 τέλος
1281 2948 1438 3006 ἀποσκοπῶν
1448 2950 1499 3003 τῶν
1512 2943 1661 3023 γινομένων.

891 3032 1019 3100 Βασιλεύς
1033 3033 1061 3092 δέ
1075 3038 1122 3110 ἠγε
1136 3033 1181 3091 καί
1194 3031 1270 3112 ἔφερε
1281 3032 1329 3105 τήν
1345 3034 1442 3107 αὐτοῦ,
1457 3031 1503 3091 καὶ
1514 3030 1587 3097 τέλος
1598 3035 1661 3110 ήγτ·
1727 3090 1732 3101 ,

893 3121 960 3194 μόνα
976 3123 1064 3180 Γετῶν
1080 3122 1124 3180 τὸν
1138 3123 1218 3180 αὐτοῦ
1237 3119 1347 3199 ἀδελφὸν
1367 3118 1535 3178 ἀποδείκνυσι
1548 3116 1661 3178 Ῥάδον·

890 3197 946 3287 εἶχε
960 3208 1010 3287 γὰρ
1025 3215 1115 3267 τοῦτον
1131 3208 1188 3283 μεθ’
1199 3211 1303 3267 ἑαυτοῦ.
1342 3207 1381 3286 (ιι)
1402 3206 1546 3285 Δράκουλις
1568 3206 1595 3263 δὲ
1610 3204 1661 3276 ήδη

888 3297 940 3351 τῶν
955 3298 1032 3354 αὺτοῦ
1053 3295 1217 3374 πραγμάτοιν
1232 3294 1300 3359 ὅλως
1321 3292 1449 3371 ἀπογνούς
1468 3292 1513 3350 καί
1529 3292 1660 3369 μηδεμίαν

890 3380 958 3460 ἔχων
980 3382 1072 3442 ἐλπίδα
1092 3390 1138 3443 τοῦ
1160 3385 1252 3443 λοιποῦ
1269 3386 1316 3454 τῆς
1340 3383 1438 3461 ἀρχῆς,
1456 3381 1523 3458 ίγνω
1542 3383 1661 3439 θανατῶν

890 3468 988 3546 δράσας
1000 3494 1027 3529 τι
1042 3468 1101 3537 τοὺς
1116 3470 1222 3550 ἐχθροδς
1236 3474 1325 3538 κακῶς
1340 3470 1386 3530 καί
1401 3475 1493 3529 παθεῖν
1513 3468 1603 3536 αύτός·
1617 3468 1661 3528 καλ

890 3556 1010 3628 δήτοῦτο
1024 3557 1099 3625 δόξαν
1113 3562 1230 3631 ἀνοήτως
1245 3562 1331 3639 αὐτῷ,
1344 3557 1435 3624 νυκτὸς
1451 3557 1584 3617 ἐπιθέσθαι
1599 3554 1661 3635 βού-

58 3646 145 3713 θέντος
167 3652 270 3718 κακῶς,
295 3646 433 3724 κατήγαγε
465 3652 557 3705 τοῦτον
581 3651 595 3705 ὁ
619 3643 741 3724 βασιλεύς
765 3644 834 3724 χειρί
889 3646 965 3734 λεταρ
984 3649 1022 3726 τῷ
1040 3646 1223 3725 στρατοπέδῳ·
1238 3650 1284 3704 καί
1300 3645 1360 3725 περί
1383 3650 1466 3721 μέσας
1484 3644 1578 3712 νύκτας
1598 3647 1661 3703 ἀνα-

55 3788 168 3801 *-

86 3869 115 3916 x.
131 3866 317 3930 Expeditionem
329 3870 415 3918 contm
433 3867 577 3917 Waiiaehin
596 3866 727 3916 voivodam
742 3866 859 3916 Wlarium
872 3865 978 3928 (Βλάδιι
995 3863 1095 3925 chalc.)
1115 3865 1166 3915 sice
1185 3866 1346 3916 Wladislanm
1359 3868 1403 3928 iv,
1424 3865 1467 3928 qui
1490 3864 1521 3914 ob
1539 3864 1660 3913 soevitiam

58 3938 162 3987 ὒταιτιὶ
173 3936 317 4001 (diabolus)
329 3940 356 3987 et
372 3935 552 4000 Τεθαρείμιιοθ
561 3935 701 4002 (carnifex)
716 3939 743 3986 ei
752 3936 847 3986 turcico
859 3934 1046 3987 Kusiiinwodo
1063 3935 1186 3996 (voivoda
1199 3936 1262 3999 palia
1273 3935 1383 3986 homines
1400 3935 1517 3999 infigens)
1533 3932 1660 3998 cognomi·

57 4006 173 4067 nabatur,
188 4007 289 4057 uberius
306 4011 333 4058 ct
343 4008 484 4057 accuratius
499 4020 574 4070 quam
591 4006 732 4058 critobulus
754 4011 838 4057 naarai
853 4005 1063 4067 Ghoicocondyias
1082 4020 1106 4069 p.
1122 4010 1240 4056 499-518.
1265 4007 1352 4056 Paucis
1371 4006 1454 4056 verbis
1477 4006 1530 4068 ejus
1547 4004 1659 4053 meminit

57 4076 190 4126 Phrantnen
205 4090 228 4139 ρ.
242 4080 297 4137 414,
313 4080 374 4133 7-a;
387 4076 470 4139 paullo
484 4076 577 4136 insius,
595 4075 641 4126 aed
656 4089 742 4139 parum
761 4079 828 4126 recte
839 4076 871 4127 de
882 4077 969 4127 eodem
984 4076 1034 4138 agit
1047 4078 1127 4125 Ducan
1145 4090 1170 4141 p.
1186 4082 1242 4136 343,
1255 4082 1341 4135 9-345,
1359 4081 1398 4126 ³⁰.
1416 4079 1478 4125 cum
1491 4076 1530 4125 hia
1548 4075 1580 4124 ci.
1598 4076 1659 4125 Soa·

56 4145 179 4195 deddinue
193 4152 217 4206 1,
233 4160 258 4209 ρ.
279 4145 474 4196 209·215.Aiioa
491 4148 605 4195 auctores
624 4144 732 4195 iuri-icoo
746 4145 832 4196 laudat
848 4148 967 4195 iiammer
982 4150 1005 4207 1,
1023 4158 1049 4207 μ.
1067 4148 1181 4195 309·115.
1195 4149 1232 4195 Ex
1247 4146 1424 4197 recentioribus
1443 4146 1499 4195 vide
1523 4144 1596 4208 Euge!
1611 4148 1660 4195 θε-

56 4213 171 4265 εελισίιίε
180 4215 229 4265 ‹icr
243 4215 403 4275 Wuiiucicci,
417 4218 535 4265 iiammer
551 4216 567 4264 Ι.
582 4215 600 4264 l.
611 4218 638 4264 ei
650 4214 776 4266 Zinkeioen
790 4222 816 4278 2,
831 4229 857 4279 ρ.
876 4218 987 4266 loom.

88 4285 103 4349 §
116 4290 138 4335 1.
153 4286 312 4351 Νεογμῶσαι]
328 4303 417 4349 νεωχμ.
433 4285 500 4345 cod„
511 4300 555 4350 pm
567 4299 644 4335 more.
665 4288 675 4349 11
690 4312 721 4323 ·-
735 4287 750 4351 §
762 4291 786 4338 4.
806 4286 918 4350 Βιδήιην]
931 4285 1024 4343 Bucinna
1040 4288 1113 4336 vocat
1128 4285 1211 4336 Chalc.
1224 4302 1253 4352 p.
1271 4293 1326 4345 505,
1342 4290 1384 4348 ¹83
1397 4299 1463 4337 nuno
1472 4286 1547 4347 vulgo
1561 4284 1657 4335 Μαίη.

59 4356 120 4418 11-
140 4357 192 4420 §5.
205 4360 258 4422 πρὶν
288 4361 371 4419 μαθεῖν
390 4356 458 4420 ἑφἘ
479 4358 556 4422 ήκον]
575 4357 652 4407 Aliter
665 4360 747 4408 Ducua
766 4372 791 4422 ρ.
806 4361 861 4419 344,
875 4362 891 4406 θ
906 4376 914 4406 ι
930 4359 961 4405 oi
979 4356 1003 4403 δέ
1021 4354 1125 4419 (legati)
1144 4358 1245 4414 ἐλθόντες
1263 4361 1303 4407 καί
1321 4363 1356 4422 τῷ
1373 4358 1461 4423 Βλάχιρ
1474 4358 1505 4406 τὰ
1528 4358 1659 4420 μηνυθέντα

56 4428 216 4488 δηλώσαντες,
234 4435 327 4492 πρῶτον
338 4428 421 4484 αὐτούς
439 4429 464 4477 ἐν
483 4430 566 4485 πάλαις
588 4430 710 4489 καθίησιν,
730 4429 827 4479 θάνατον
841 4428 1009 4490 ἀπάνθρωποι,
1031 4426 1140 4490 ὀδυνηρὸν
1158 4430 1199 4477 καί
1216 4430 1353 4492 ἀσχήμονα·
1372 4431 1424 4479 εἶτα
1436 4428 1540 4491 περάσας
1554 4428 1598 4476 σὺν
1617 4429 1659 4475 δυ·

56 4497 124 4560 νάμει
149 4500 290 4559 κατέδραμεν
310 4501 334 4549 ἐν
356 4506 405 4553 τοῖς
425 4499 505 4561 μέρεσι
525 4501 638 4561 Δύστρας.
659 4499 696 4551 lbi
715 4513 760 4564 pro
776 4500 881 4563 Λύστροις
902 4496 1036 4549 Ζίιιλοὶεοιι.
1053 4512 1077 4560 μ.
1098 4502 1141 4548 1611
1157 4499 1248 4564 'iocoue
1270 4500 1403 4563 (Danubii
1421 4500 1467 4564 fl.)
1485 4496 1573 4561 corrigi
1589 4497 1659 4558 vuit,

55 4566 128 4628 qnod
139 4568 194 4617 ferri
206 4569 300 4631 nequit.
318 4572 396 4631 ugni
411 4570 518 4633 Δρύοπας
533 4568 573 4619 vei
582 4570 682 4631 Δρίστας
691 4587 699 4631 3
709 4570 745 4621 nic
762 4569 827 4621 enim
838 4570 920 4622 medio
929 4580 982 4619 ανο
996 4568 1131 4618 νοοεΙιαιιιτ
1140 4572 1214 4621 vetus
1226 4573 1391 4633 Dorostorus,
1405 4570 1524 4620 hodierna
1532 4567 1657 4618 siissiriu.

57 4637 175 4701 Princeps
182 4640 312 4703 legationis
328 4640 376 4690 init
393 4640 552 4691 catabolinua
562 4639 750 4704 acribawhaio.
770 4655 794 4705 ρ.
808 4646 864 4701 501,
881 4640 942 4704 12),
956 4636 1027 4698 cujus
1042 4636 1118 4689 iiiium
1134 4640 1254 4691 'rhomam
1268 4654 1343 4705 cupra
1355 4637 1557 4692 commemoravit
1575 4637 1659 4687 crito·

58 4707 142 4758 bulon.
162 4710 220 4773 11-
240 4709 329 4774 βαρέως
352 4711 467 4775 ἐνεγκὼν]
484 4710 520 4761 aio
535 4714 652 4775 magoni
663 4712 683 4761 ἐ.
703 4712 766 4761 text.
784 4711 796 4774 11
812 4738 843 4747 -
859 4711 911 4775 §o
930 4710 967 4759 ὅτι
980 4707 1107 4773 πλείστην]
1133 4716 1301 4773 mononem.
1326 4714 1420 4762 Ducam
1438 4725 1462 4774 ρ.
1477 4712 1536 4767 344ς
1555 4714 1658 4765 monuo
1700 4720 1705 4731 ·

56 4790 107 4827 aec.
126 4779 210 4831 chalc.
227 4793 251 4844 ρ.
264 4786 319 4841 505,
333 4780 380 4844 511
393 4781 451 4845 -§
467 4785 489 4832 7.
504 4780 600 4843 Ῥάδω]
621 4782 719 4843 'Opicon
735 4780 761 4830 in
778 4780 893 4846 epicinia3
908 4794 934 4831 v.
952 4793 977 4843 p.
997 4782 1036 4827 52,
1056 4780 1157 4830 nunilo
1180 4794 1219 4846 ap.
1234 4780 1366 4841 sandeia,
1379 4795 1402 4844 ρ.
1416 4785 1469 4829 115.
1487 4776 1547 4826 Aliis
1561 4776 1656 4829 iiodni.

55 4848 129 4897 Faloo
138 4851 272 4912 Δρειιούλης
282 4864 324 4914 ap.
339 4852 422 4903 chalc.
433 4867 458 4917 ρ.
471 4854 526 4911 516,
542 4856 578 4901 15.
591 4852 602 4914 11
619 4876 652 4887 -
664 4853 705 4900 καὶ
718 4853 782 4907 τέλος
796 4854 929 4912 ἡγεμόνι...
941 4848 991 4913 μεθ’
1000 4849 1103 4914 εαυτοῦ]
1115 4848 1173 4900 add.
1187 4863 1282 4914 mango.
1294 4849 1373 4913 1-1
1387 4853 1411 4898 8.
1423 4852 1461 4898 De
1475 4848 1593 4896 nocturna
1608 4846 1657 4896 hac

54 4920 168 4970 licaoniis
179 4922 314 4985 irruptione
329 4923 423 4973 mulius
431 4924 470 4973 eut
486 4920 570 4973 Ghaic.
587 4935 610 4985 p.
620 4925 664 4971 511
681 4932 724 4983 της
737 4921 769 4971 ab
778 4920 825 4971 hoo
834 4924 884 4972 eta
896 4918 1022 4973 enmono
1033 4918 1122 4969 mirum
1131 4922 1251 4983 quantum
1263 4917 1355 4969 recedit
1365 4921 1445 4967 Ducaa
1454 4930 1479 4979 ρ.
1490 4918 1545 4974 345,
1555 4914 1599 4977 qni
1611 4914 1659 4965 isia

55 4994 129 5040 nocie
147 4992 322 5043 walachorum
336 4993 426 5044 donem
444 4996 512 5044 tanta
529 4994 623 5042 Turooc
639 4992 709 5042 clade
721 4991 834 5042 aliocieee
848 4994 945 5052 narrat,
960 4990 989 5039 ui
1007 4989 1174 5040 Mechemetee
1196 4990 1389 5054 κατρσχιιμίιος,
1405 4986 1509 5049 trajecto
1527 4984 1657 5051 Danubio,

55 5057 239 5123 Adrianonoiim
260 5063 412 5114 τεοοειίοοοι.
430 5063 441 5127 n
461 5062 519 5126 -§
533 5067 557 5112 θ.
590 5063 713 5112 &mizano
740 5063 793 5119 τοὺς
816 5065 901 5113 innecii
920 5062 978 5113 add.
997 5074 1062 5123 mgo.
1081 5059 1091 5124 11
1107 5086 1138 5097 -
1155 5059 1171 5123 §
1191 5062 1215 5109 9.
1231 5061 1263 5115 ὡς
1282 5062 1341 5120 imo
1360 5056 1403 5114 τὴν
1418 5054 1566 5121 πραοθολθν]
1586 5068 1657 5118 111305

55 5131 226 5192 προσβαλόντες
241 5135 301 5184 text.
320 5133 378 5196 11-
395 5133 411 5197 §
430 5131 818 5199 1θ.1ξαρτ1σας]έξαρτήσαςίααί.

1693 666 1703 695 λ
