3809 5859
435 355 678 426 ιιιιιιειιενιτ
699 362 827 425 ιναιιε
848 330 912 424 κν.
934 366 1014 427 οοτο
1036 364 1221 442 (moi-noo
1243 364 1283 425 P..
1300 361 1359 442 o).
1647 368 1701 433 τοι,

89 500 183 574 δορᾶς,
195 494 312 570 λάμπων
327 518 357 554 τε
371 495 495 574 καθαρός
505 494 553 554 καὶ
564 493 656 576 νέφους
668 495 753 570 ἐκτός,
771 494 870 572 αίφνης
925 496 1028 555 ύδοίτων
1043 496 1155 577 ἀφθονίφι
1177 495 1376 576 περιρρεόμενοι
1394 493 1521 555 πάντοθεν
1542 499 1651 577 ψυχρῶν
1668 520 1698 557 τε

93 581 258 658 μεταύαλῶν
282 583 421 653 ἐσκοτίσθη
442 584 489 643 καὶ
513 581 677 661 ἠμανρόιθη,
692 584 739 642 καὶ
756 583 787 643 τδ
803 578 871 651 εἶδος
924 584 971 643 καὶ
989 583 1109 662 ποτίμων
1137 584 1183 645 καὶ
1203 585 1320 655 διειδῶν,
1338 582 1384 643 καὶ
1406 583 1499 643 ἀλσεσι
1521 586 1566 645 καί
1585 588 1701 660 λειμῶσι

97 676 182 732 αύτοῦ
203 670 317 752 ημειψεν
340 674 376 738 ῶς
398 673 424 739 i<
443 673 545 751 χαλκοῦ
568 672 678 747 μέλανος
695 670 801 751 χροιάν,
825 671 871 732 καὶ
924 673 1072 741 καλλίστοις
1086 672 1276 753 ἀμπρέποντες,
1294 672 1333 731 ἔτι
1347 668 1375 747 δέ
1393 671 1501 751 ὀρνίθων
1515 672 1622 749 ἀγέλαις
1636 674 1712 733 ἔδων

92 761 185 839 γέγονε
206 759 323 840 ζοφώδης
336 758 396 826 ὀλος
418 759 464 818 καὶ
478 757 575 835 μέλας,
593 760 624 817 οὗ
644 760 713 817 κατά
727 759 757 817 εδ
776 759 867 825 timii<
925 762 1008 837 δίμων
1022 761 1068 821 καὶ
1079 762 1181 843 ᾠδικῶν
1203 758 1405 837 καταῦοιύμενοί
1423 782 1453 818 τι
1475 760 1521 819 καὶ
1535 760 1695 837 περιλαλού·

91 850 187 929 ῶσπερ
204 851 231 907 ἐν
244 848 301 914 ταῖς
320 846 484 929 ἐκλείψεσιν·
498 847 529 906 οὗ
542 845 597 925 γάρἢ
608 838 640 918 ἦν
656 844 773 927 ἔκλειψις
793 848 869 906 τότε·
926 874 999 927 μενοι
1009 850 1150 923 πάντοθεν,
1163 847 1209 907 καὶ
1219 846 1293 928 ζῴων
1302 846 1409 927 ἡμέρων
1423 870 1452 908 τε
1465 846 1511 906 καὶ
1523 848 1622 925 ἀγρίων
1634 846 1696 924 γένη

96 939 158 997 ἀλλ’
173 938 252 997 ἀλλον
268 934 328 995 τινά
341 935 439 1015 τρόπον
457 931 632 1007 καινότατον,
645 933 738 1012 ῶσπερ
758 936 872 1014 ὁμίχλης
925 935 1700 1020 τρίφοντες,καίπολλοῖςάλλοιςκαὶθιαφόροιςὼραϊζόμινοί

95 1025 166 1092 τινός
176 1024 195 1098 ἢ
204 1024 296 1108 νέφους
311 1022 463 1104 ἀχλυώδους
475 1022 521 1081 καί
535 1026 669 1081 σκοτεινοῦ
682 1024 873 1101 ὑποτρέχοντος
926 1049 955 1086 τε
967 1026 1014 1087 καὶ
1026 1027 1159 1103 κομῶντες
1174 1026 1283 1096 καλοῖς,
1298 1022 1349 1083 ὅσα
1365 1023 1464 1099 κόσμον
1474 1014 1535 1083 ὀἶδε
1550 1026 1637 1105 φέρειν
1652 1025 1698 1085 καὶ

92 1113 175 1174 αὐτόν
187 1112 233 1172 καί
246 1112 463 1189 έπηλυγάζοντος,
473 1109 519 1169 καὶ
532 1111 680 1187 διαγέγονεν
696 1112 723 1171 ἀν
735 1108 806 1191 τρισὶ
816 1112 874 1179 ταῖς
926 1114 1017 1196 τέρψιν
1037 1118 1105 1193 ὁμοῦ
1122 1113 1170 1173 καὶ
1183 1112 1279 1185 ἡδονὴν
1292 1112 1339 1172 καὶ
1354 1113 1519 1171 ἀπόλαυσιν·
1539 1113 1608 1173 ούτω
1623 1116 1700 1193 φιλοω

95 1203 171 1269 ὅλοις
183 1201 295 1281 ἡμέροις
305 1200 351 1259 καὶ
362 1199 417 1267 νυξὶ
430 1198 500 1265 ἴσως
508 1204 624 1267 τοιοῦτος
639 1198 684 1257 καί
696 1197 731 1258 ῶν
747 1199 794 1259 καὶ
804 1209 873 1259 πᾶσι
927 1204 1010 1282 τίμως
1022 1226 1050 1263 τε
1058 1204 1103 1262 καὶ
1110 1205 1261 1269 πολυτελῶς
1272 1201 1423 1280 ἐξείργαστο
1431 1206 1514 1261 ταῦτα
1529 1204 1566 1283 τῷ
1582 1205 1702 1281 βασιλεῖ·

95 1290 262 1370 φαινόμενος.
270 1291 363 1350 ·Τοῦτο
383 1288 461 1366 τέρας
478 1309 507 1345 τι
529 1286 599 1366 μέγα
614 1285 661 1346 καί
675 1287 818 1364 θιοσημεία
832 1309 874 1356 τις
968 1294 1002 1352 X.
1031 1290 1240 1371 Παροιχειμάσας
1264 1281 1307 1349 οὖν
1333 1292 1361 1348 ἐν
1392 1289 1494 1358 τούτοις
1524 1292 1538 1349 δ
1563 1288 1701 1369 βασιλεὺς,

95 1379 219 1458 ἄντικρυς
232 1376 303 1446 ἔδοξε
317 1385 399 1435 πᾶσιν
412 1380 438 1443 ἐς
452 1373 482 1434 τδ
496 1374 591 1448 μέλλον
606 1374 712 1455 μεγάλοι
726 1375 796 1436 κακά
809 1400 874 1454 προ·
928 1377 1019 1450 ἀπειδὴ
1040 1379 1087 1455 έαρ
1104 1378 1243 1457 ὑπέφαινεν
1264 1376 1329 1449 ἤδη,
1345 1373 1454 1457 ὥρμησε
1471 1375 1518 1453 μὲν
1538 1378 1564 1443 ἐς
1589 1378 1700 1457 ἐκστρα-

95 1465 275 1546 φοιύάζουοα·
290 1466 308 1525 ἀ
322 1464 355 1536 δὴ
368 1463 414 1524 καὶ
424 1465 482 1540 μετ’
493 1461 582 1542 ὀλίγον
593 1466 803 1537 ἐπηκολούθησε.
817 1464 873 1525 Καὶ
927 1466 1018 1541 τείαν,
1034 1466 1078 1525 καὶ
1095 1462 1304 1545 παρεσκευάζετο
1320 1462 1364 1521 ε’πί
1382 1468 1470 1523 τοῦτο.
1492 1462 1652 1540 Δίσθόμενος
1674 1464 1701 1523 δέ

91 1559 176 1613 τοῦτο
191 1552 284 1630 μέντοι
298 1557 426 1613 τοιοῦτον.
927 1555 990 1622 τοὺς
998 1554 1160 1633 στρατιώτας
1171 1555 1384 1630 ἀγανακτοῦντας
1398 1551 1443 1611 καὶ
1458 1550 1505 1622 τὴν
1521 1552 1588 1611 ἰδίαν
1604 1553 1700 1625 αόλην,

140 1643 192 1702 lx.
209 1639 338 1707 Βασιλεύς
358 1639 386 1698 δὲ
401 1636 611 1719 παραχειμάζων
629 1640 657 1701 ἀν
672 1639 808 1721 Βυζαντίῳ
821 1643 874 1699 τῶν
928 1642 1127 1718 κεκακωμένους
1140 1664 1169 1701 τε
1184 1639 1233 1700 καὶ
1244 1638 1525 1721 τεταλαιπωρημένοις
1535 1640 1569 1699 τδι
1584 1642 1701 1718 μάλιστα

95 1756 130 1791 τε
149 1732 238 1796 ἄλλων
253 1729 416 1807 hildim,
436 1727 505 1807 φημὶ
523 1726 556 1799 δὴ
571 1730 623 1788 τῶν
644 1728 670 1795 ἷι
686 1726 833 1801 Ευνῡίκησίν
846 1750 875 1785 τι
929 1742 986 1799 ταῖς
998 1732 1107 1811 συχναῖς
1121 1752 1150 1790 τε
1164 1730 1211 1789 καὶ
1227 1735 1339 1809 μακραῖς
1353 1728 1510 1807 ὁδοιπορίαις
1524 1730 1570 1787 καὶ
1589 1733 1700 1808 ἐκστρα·

95 1819 145 1879 καὶ
159 1818 328 1891 κατασκευὴν
338 1816 385 1877 καί
397 1816 497 1894 κόσμον
511 1819 559 1886 τῆς
569 1814 763 1893 όδηςπόδῑινι,
775 1814 822 1874 καί
840 1815 872 1887 δὴ
929 1822 1029 1898 τείαις,
1045 1819 1089 1878 καὶ
1109 1819 1150 1877 ἀεὶ
1165 1821 1194 1877 έν
1204 1814 1374 1898 ’ἀποδημίαις
1393 1814 1473 1884 ὄντας
1486 1818 1633 1896 ὑπερορίοις
1654 1818 1699 1879 καί

92 1907 147 1968 καί
159 1906 191 1966 τδ
204 1906 326 1985 βασίλεια
347 1903 496 1985 ἐξετέλεσε,
508 1903 603 1985 χρῆμά
623 1926 653 1963 τι
669 1903 810 1965 κάλλιστον
829 1903 877 1963 καὶ
929 1909 1032 1983 πόνοις,
1048 1907 1094 1968 καλ
1108 1905 1195 1967 πάντα
1213 1904 1247 1965 τά
1271 1906 1369 1963 ἑαυτῶν
1391 1903 1558 1970 ἀπολλύντος
1577 1904 1623 1963 καὶ
1646 1910 1702 1965 σιθ-

97 2000 154 2055 τῶν
177 1998 203 2063 ἐς
223 1994 285 2055 θίαν
301 1993 347 2053 καὶ
370 1993 460 2074 τέρψιν
483 1998 550 2072 ὁμοῦ
569 1992 616 2052 καὶ
636 1994 805 2066 κατασκευὴν
829 1995 875 2056 καί

94 2084 197 2151 κάλλος
214 2082 316 2149 οὐθενὸς
329 2082 475 2158 λειπόμενα
493 2086 546 2141 τῶν
560 2083 716 2159 ὀνομαστῶν
738 2083 784 2143 καὶ
806 2085 877 2160 λαμ·

100 2176 177 2253 πρῶν
196 2170 242 2231 καί
256 2173 288 2244 δὴ
303 2168 349 2230 καλ
367 2172 490 2234 παλαιῶν
501 2169 728 2247 οἰκοδομημάτων
751 2169 797 2237 καὶ
816 2179 877 2231 θια-

97 2261 208 2335 μοίτων·
222 2260 316 2343 πύργοι
330 2280 360 2317 τε
371 2258 423 2337 γάρ
437 2262 464 2319 ἀν
486 2259 574 2324 αὐτοῖς
585 2258 756 2337 ᾠκοδόμηντο
768 2260 794 2327 ἀς
809 2259 874 2341 ύψος

97 2372 131 2407 τε
143 2348 263 2429 ἠρμένοι
280 2346 327 2407 καί
352 2348 378 2413 i<
396 2348 493 2415 κάλλος
512 2346 559 2406 καὶ
583 2344 689 2423 μέγεθος
714 2350 876 2424 ἠσκημένοι,

102 2437 149 2497 καὶ
159 2438 300 2513 ἀνδρεῶνος
313 2434 361 2494 καί
372 2444 559 2514 γυναικωνῖται
572 2434 618 2494 καί
627 2434 742 2512 θάλαμοι
751 2434 879 2515 τρίκλινοί

98 2548 132 2584 τε
145 2524 190 2583 καί
199 2518 320 2590 κοιτῶνες
325 2522 501 2600 καὶζδωμοίτια
510 2524 624 2582 πλεῖστα
632 2521 680 2581 καλ
690 2522 821 2583 κάλλιστα
832 2524 877 2581 καὶ

96 2614 214 2672 -οίκίοκοι
228 2611 362 2691 διάφοροι,
383 2609 462 2671 ἔτιδὲ
477 2609 605 2693 πρόδομοί
620 2635 648 2670 τε
672 2610 718 2671 καὶ
736 2611 819 2670 αύλαὶ
832 2611 878 2671 καὶ

98 2701 232 2779 προαύλια
245 2698 292 2757 καλ
308 2700 425 2767 πυλῶνες
441 2699 488 2759 καὶ
501 2698 619 2781 πρόθυρα
633 2698 679 2759 καὶ
689 2700 816 2761 ὀπτανεῖα
832 2701 879 2761 καὶ

100 2786 284 2869 λουτράλόγου
297 2784 369 2861 ἀξια,
381 2786 572 2867 καίπερίύολος
584 2788 706 2867 μέγιστος
721 2792 735 2847 ό
746 2790 879 2868 περιέχων

100 2877 182 2935 αὐτοί·
208 2874 243 2955 (ν)
263 2874 281 2933 ἀ
294 2873 398 2954 πάντα,
411 2865 480 2955 ᾗπερ
493 2876 573 2955 ἔφην,
588 2875 653 2943 ἔςτε
667 2876 800 2957 πῳκιλίαν
814 2881 879 2953 θμοῦ

101 2964 151 3024 καὶ
161 2963 256 3030 κάλλος
262 2961 308 3022 καί
315 2963 423 3041 μέγεθος
436 2962 484 3021 καί
490 2963 659 3023 πολυτελειαν
667 2962 781 3038 ἤσκητο,
788 2971 880 3048 χρυσῷ

103 3076 132 3113 τε
146 3053 239 3131 πολλῶ
257 3051 303 3110 καί
322 3049 428 3131 ἀργύρῳ
449 3050 674 3132 περιλαμπόμενά
691 3074 720 3109 τε
734 3050 781 3114 καί
797 3075 880 3112 κατα-

104 3140 293 3219 στραπτόμενα
314 3138 459 3213 πάντοθεν,
475 3138 571 3225 έρωθίν
595 3160 627 3209 τι,
646 3139 692 3199 καὶ
712 3140 819 3214 ἔξωθεν,
834 3142 880 3201 καὶ

104 3229 185 3288 λίθων
198 3230 333 3307 διαφανῶν
343 3225 389 3285 καί
402 3226 550 3306 μαρμαίρων
567 3227 701 3308 διαφόροις
715 3224 838 3303 ἀγλαΐαις
852 3253 881 3288 τε

105 3316 150 3376 καὶ
159 3325 262 3397 χροιαῖς
275 3313 323 3373 καί
336 3314 478 3382 ποικιλίαις
492 3316 693 3393 κεκοσμημένα,
711 3316 881 3388 στιλπνότητι

104 3404 151 3465 καὶ
169 3403 287 3476 λειότητι
303 3402 350 3461 καλ
367 3402 485 3481 διαυγιίφ
504 3402 654 3477 νικώντων,
674 3404 721 3463 καί
745 3404 825 3483 τέχνη
846 3411 880 3487 τῆ

104 3492 198 3571 πρώτῃ
212 3516 239 3550 τε
254 3490 300 3549 καί
315 3489 446 3570 καλλίστη
462 3490 505 3549 διάι
521 3492 627 3551 πάντων
641 3492 784 3573 φιλοτίμοις
799 3492 880 3573 ἐξειρ-

104 3580 247 3657 γασμένα,
270 3577 320 3651 ὀση
345 3603 375 3638 τε
394 3581 510 3661 γλυφικη
535 3581 580 3639 καί
602 3581 736 3654 πλαστικὴ
760 3582 807 3640 καί
830 3582 880 3655 ἀτη

103 3668 224 3749 γραφικὴ
243 3668 377 3740 νενίκηκεν
398 3659 466 3727 εἶναι
488 3669 584 3750 ἀρίστη
604 3670 653 3730 καί
674 3669 802 3741 καλλίστη
828 3673 880 3727 τῶν

105 3757 236 3831 ἀπασῶν,
251 3755 291 3814 ἔτι
306 3756 332 3815 δὲ
345 3756 471 3836 μολύόδῳ
485 3780 513 3815 τε
527 3760 618 3838 πολλῷ
633 3756 679 3816 καί
692 3762 767 3835 βαθεῖ
782 3756 831 3815 ὀλα
847 3758 882 3816 δι’

107 3846 175 3905 ὀλων
190 3844 389 3919 πεπυκασμένα
405 3868 433 3903 τε
448 3844 494 3904 καλ
506 3844 638 3925 ξυνηρεφῆ
651 3844 697 3903 καὶ
714 3844 882 3922 κατάστεγα,

103 3933 153 3993 καὶ
167 3932 272 4011 μυρίαις
288 3932 379 3999 ἀλλαις
393 3934 565 4011 λαμπρότησί
579 3929 666 3992 τεκαὶ
681 3931 774 4010 χάρισι
784 3934 883 3990 καλλυ-

106 4022 203 4098 νόμενα
215 4022 260 4080 καὶ
276 4022 457 4098 κοσμούμενα·
501 4026 535 4101 (ο)
550 4023 579 4082 οὔ
592 4021 673 4098 μόνον
689 4021 734 4097 δὲ,
751 4021 820 4082 ἀλλά
835 4026 881 4103 καί

931 2018 1004 2073 ματα
1024 1994 1070 2054 καί
1089 1992 1218 2074 χρήματα
1240 1993 1287 2051 καί
1305 1989 1403 2058 ίπποιις
1421 1989 1467 2050 καί
1491 1990 1634 2069 ὑποζύγια,
1658 1992 1704 2051 καί

931 2084 1021 2144 πάντα
1035 2082 1131 2163 τρόπον
1149 2080 1331 2164 φθειρομένους
1356 2101 1385 2138 τε
1407 2080 1453 2137 καλ
1475 2083 1704 2158 κακοπαθοῦντας,

931 2171 1026 2253 ἀνέσχε
1045 2174 1093 2241 τῆς
1112 2173 1209 2247 ὁρμῆς·
1229 2167 1276 2227 καί
1300 2166 1379 2235 αὐτὸς
1400 2169 1414 2224 δ
1438 2164 1562 2247 βασιλεὺς
1583 2188 1705 2225 κεκοπω·

932 2260 1009 2338 μένος
1022 2282 1052 2318 τι
1066 2258 1112 2318 καί
1125 2252 1367 2336 κατατιτριμμένος
1381 2252 1441 2319 ὀλος
1456 2254 1502 2313 καί
1516 2252 1546 2313 τὸ
1563 2256 1641 2330 σῶμα
1655 2254 1700 2313 καὶ

931 2350 980 2423 τὴν
994 2346 1102 2428 γνώμην
1118 2344 1170 2405 ῦπό
1186 2367 1215 2404 τε
1228 2348 1282 2405 τῶν
1304 2342 1419 2421 ίυνεχῶν
1440 2344 1484 2401 καί
1501 2343 1643 2403 ἀντνδότων
1662 2346 1704 2402 λο·

931 2440 1035 2517 γισμῶν
1055 2458 1085 2495 τε
1105 2434 1150 2493 καὶ
1170 2434 1313 2515 φροντίδων
1339 2430 1452 2490 καὶτῶν
1481 2430 1600 2509 ἀτρύτων
1620 2432 1706 2490 πόνων

933 2526 979 2585 καί
993 2523 1117 2584 κινδύνων
1133 2522 1178 2581 καί
1191 2523 1353 2602 πειρασμῶν,
1368 2520 1525 2590 ἀναπαύλης
1541 2524 1603 2596 γοῦν
1624 2519 1706 2579 ἐδεῖτο

932 2611 1093 2692 προσκαίρου
1118 2610 1164 2669 καλ
1187 2607 1335 2689 θεραπείας.
1381 2608 1417 2687 (τ)
1445 2606 1497 2667 Διά
1519 2612 1595 2667 τοῦτο
1620 2607 1706 2683 μένειν

933 2701 1041 2782 ἀγνύνκει
1053 2702 1106 2760 δεῖν
1117 2697 1163 2759 καί
1179 2700 1356 2757 διαναπαῦσαι
1366 2696 1457 2755 ἑαυτόν
1469 2719 1497 2755 τε
1509 2694 1554 2757 καί
1566 2694 1612 2766 τὴν
1627 2718 1707 2773 στρα-

933 2790 993 2849 τιάν
1018 2794 1063 2849 τοῦ
1079 2789 1220 2852 ἀνεστῶτος
1235 2784 1339 2865 θέρους,
1354 2788 1388 2850 ῶς
1407 2782 1438 2843 ἀν
1453 2783 1491 2843 ἔτι
1505 2806 1535 2862 γε
1550 2788 1596 2843 τοῦ
1612 2786 1705 2842 λοιποῦ

933 2872 1103 2957 νεαρωλέροις
1116 2899 1144 2935 τε
1150 2873 1195 2933 καὶ
1206 2872 1410 2953 προθυμοτέροις
1416 2872 1472 2953 ἔχοι
1485 2876 1632 2951 κεχρῆσθαι
1644 2871 1708 2950 πρὸς

934 2967 969 3026 τόι
987 2965 1067 3026 λοιπά
1084 2968 1137 3023 τῶν
1155 2962 1251 3043 ἔργων.
1272 2962 1326 3023 Καὶ
1346 2961 1377 3033 δὴ
1398 2960 1472 3029 δόξαν
1492 2960 1575 3033 ούτω,
1595 2959 1643 3031 τὴν
1658 2960 1706 3039 μέν

934 3055 1019 3127 ἀλλην
1033 3050 1158 3131 στρατιάν
1175 3050 1345 3127 πολυτρόπως
1366 3048 1553 3129 δωρησάμενος
1572 3045 1703 3119 ἀπέλυσε,

935 3150 989 3207 τοῖς
1003 3140 1050 3216 μὲν
1064 3138 1176 3210 ἵππους,
1191 3137 1245 3202 τοῖς
1264 3134 1291 3195 δέ
1305 3138 1433 3213 ἐσθῆτας,
1451 3137 1507 3202 τοῖς.
1522 3137 1549 3195 δί
1562 3134 1708 3215 χρήματα,

935 3238 989 3297 τοῖς
1003 3230 1031 3288 δὲ
1042 3228 1106 3287 ἀλλο
1114 3248 1141 3284 τι
1152 3222 1291 3297 διαδιδούς,
1301 3222 1361 3290 τοὺς
1377 3223 1400 3281 δ’
1415 3222 1467 3281 ἀπδ
1480 3226 1526 3294 τῆς
1540 3220 1607 3287 ἰδίας
1619 3220 1709 3289 αὐλῆς,

935 3318 980 3385 οθς
996 3315 1130 3388 ἠπίστατο
1154 3310 1307 3395 φιλοπόνους
1330 3333 1358 3369 τε
1383 3311 1429 3369 καί
1451 3305 1644 3390 φιλοκινδύνως
1664 3305 1709 3371 καὶ

936 3402 1092 3469 σπουδαίους
1111 3402 1157 3460 καὶ
1185 3398 1332 3480 χρησίμους
1361 3406 1413 3465 τοῖς
1433 3396 1501 3464 ὅλοις
1526 3397 1572 3455 καὶ
1600 3392 1710 3472 ἀγαθούς

936 3488 1049 3568 ἄνδρας,
1070 3489 1116 3548 καὶ
1138 3496 1227 3564 τιμαῖς
1246 3493 1304 3552 ταῖς
1329 3485 1491 3567 πρεπούσαις
1514 3484 1637 3561 ἐτίμησε,
1663 3481 1708 3540 καί

936 3579 1031 3656 ἀρχαῖς
1049 3578 1094 3636 καί
1117 3576 1207 3657 δώροις
1227 3577 1360 3655 λαμπροῖς
1374 3574 1420 3633 καὶ
1437 3575 1542 3639 πολλοῖς
1562 3572 1710 3637 ἀλλοιςκα-

936 3667 1004 3744 λοῖς,
1019 3667 1143 3745 προάγων
1157 3666 1202 3724 καί
1215 3662 1382 3742 προόιῦοίζων
1395 3661 1486 3729 αύτούς
1501 3661 1545 3721 ἐπὶ
1566 3660 1599 3725 τά
1617 3660 1708 3737 πρόσω

937 3753 970 3814 δι’
980 3755 1086 3832 ἀρετήν.
1131 3755 1163 3831 (ο)
1177 3751 1231 3812 Καὶ
1242 3752 1348 3818 τούτους
1363 3748 1410 3827 μέν
1420 3750 1488 3809 ούτω
1500 3748 1614 3825 τιμήσας
1626 3768 1653 3804 τε
1665 3746 1710 3805 καὶ

937 3841 1121 3922 δωρησάμενος
1144 3834 1329 3919 πολυτρόποις,
1356 3830 1422 3917 ᾗπερ
1449 3838 1529 3917 ἔφην,
1562 3834 1706 3893 ἀπέλυσεν·

938 3931 1015 3997 αὐτὸς
1027 3930 1054 3988 δὲ
1070 3929 1167 4007 διάγων
1182 3932 1207 3987 ἐν
1229 3925 1362 4005 Βυζαντίῳ
1383 3928 1488 4005 θέρους,
1505 3928 1557 3984 τῶν
1573 3924 1620 4002 μέν
1644 3923 1710 4002 ύπέρ

936 4024 984 4089 τῆς
1005 4016 1106 4085 πολεως
1123 4016 1265 4099 φροντίδων
1283 4016 1330 4074 οὐκ
1347 4014 1457 4093 ἠμέλει,
1486 4013 1599 4085 ξυνήθως
1611 4017 1660 4072 τοῦ
1680 4036 1708 4071 τε

106 4110 263 4188 παράδεισοι
284 4109 344 4187 περὶ
358 4109 426 4167 αύτά
437 4111 634 4189 κατακέχυνται
647 4110 738 4189 κύκλῳ
757 4110 879 4188 μέγιστοί
940 4106 1105 4183 ξυνοικιομοῦ
1120 4108 1215 4179 αὔτῆς,
1228 4105 1312 4186 φημἰ,
1328 4104 1372 4163 καί
1388 4108 1434 4175 τῆς
1449 4102 1531 4174 ἀλλης
1543 4105 1709 4171 κατασκευῆς

102 4195 195 4255 τεκαὶ
212 4198 366 4266 κάλλιστοι,
381 4198 515 4279 διαφόροις
532 4221 562 4257 τε
576 4197 622 4257 καὶ
636 4197 771 4264 παντοίοις
788 4202 878 4278 φυτῶν
935 4220 965 4256 τε
979 4196 1024 4256 καὶ
1035 4195 1195 4274 βελτιώσεως
1203 4194 1269 4272 ἀγαν
1278 4192 1479 4271 ἐπιμελόμενος.
1521 4190 1711 4271 (ιψἚοχόλαζε

106 4284 188 4343 εἴδεσι
205 4286 340 4364 βρύοντες,
360 4284 406 4344 καὶ
424 4294 535 4365 καρποῖς
557 4286 661 4363 ῶραίοις
676 4284 809 4366 βρίθοντες
832 4286 880 4345 καί
937 4286 1025 4345 δὲκαὶ
1048 4283 1195 4365 φιλοσοφίᾳ,
1210 4283 1258 4355 ὅση
1278 4306 1307 4341 τε
1324 4281 1444 4363 ’λράύωῖι
1461 4282 1507 4339 καὶ
1529 4284 1641 4361 Περσῶν
1665 4279 1710 4337 καὶ

137 4488 172 4537 lx
197 4486 212 4549 §
227 4491 249 4538 1.
266 4489 302 4539 Τὰ
317 4489 427 4552 βασίλεια
441 4489 569 4553 ὲξιτελετε]
581 4489 706 4539 Palatium
721 4488 748 4539 in
759 4488 849 4538 veleris
868 4487 974 4549 Bynoiii
990 4486 1045 4537 loco
1059 4484 1205 4535 aediflcaium
1225 4484 1309 4549 (Yeni
1321 4482 1409 4546 Sorai)
1431 4483 1463 4532 od
1477 4482 1551 4533 finem
1563 4481 1710 4545 perductum

103 4560 147 4609 osi
156 4556 253 4622 Hegirae
264 4572 328 4607 anno
344 4561 388 4608 872
401 4561 478 4622 (14o7
489 4574 514 4625 p.
531 4560 586 4621 0.),
597 4562 707 4610 testante
719 4558 876 4621 inscriptione
892 4572 948 4620 ηοω
960 4570 1035 4621 sopra
1043 4560 1140 4620 portam
1156 4555 1255 4619 legitur.
1275 4558 1305 4605 V.
1322 4556 1447 4605 Hammer.
1464 4554 1481 4603 1.
1498 4546 1514 4604 ί.
1525 4559 1548 4611 2,
1562 4566 1585 4615 p.
1597 4555 1636 4602 97.
1655 4548 1712 4615 ψ·-

106 4630 148 4679 καῖ
160 4626 257 4695 τέρψιν]
267 4628 323 4679 add.
334 4643 427 4694 margo.
441 4636 452 4694 fl
460 4646 524 4679 -τε
537 4630 650 4695 ἠρμένοι]
664 4630 722 4680 aod.
732 4642 824 4691 margo.
838 4628 849 4691 ΙΙ
865 4656 897 4666 -
909 4629 924 4692 §
936 4634 960 4679 3.
971 4628 1099 4693 βρίθοντες]
1110 4628 1228 4692 βρύθοντες
1246 4626 1301 4677 cod.
1321 4628 1402 4676 Possis
1420 4625 1494 4675 eiiam
1515 4627 1641 4687 βρύίοντες.
1657 4620 1669 4685 ll
1681 4648 1712 4659 -

107 4702 149 4749 καὶ
163 4702 284 4750 ἄλσεσι...
300 4702 431 4758 καλλίστοις
444 4701 614 4765 ἐμπρέποντες]
626 4701 685 4752 odd.
698 4713 763 4764 ingo.

140 4773 170 4821 Χ.
185 4769 329 4834 θι.11ε’νων
348 4768 404 4835 καὶ]
420 4771 478 4821 odd.
489 4785 554 4835 mgo.
573 4772 585 4836 ss
597 4773 652 4835 -§
666 4778 689 4822 2.
701 4778 752 4827 τοῖς
773 4771 851 4835 ὅλοις]
864 4770 922 4821 add.
933 4786 999 4834 mgo.
1024 4772 1035 4836 11
1049 4798 1079 4807 -
1097 4770 1148 4834 §lo
1171 4769 1209 4818 Cf.
1225 4769 1341 4819 Νῖοοῖοιιι
1358 4762 1510 4830 Sagundinus
1525 4764 1671 4814 Euboeensis
1684 4762 1712 4812 in

111 4843 236 4893 oratione
254 4842 291 4891 od
308 4854 392 4905 τοοσιιι
413 4844 574 4905 Αταοοιιννι
588 4842 752 4907 Αἱρίιοιεινιιι
773 4843 900 4905 (Ναννοῖ,
916 4849 947 4894 30
964 4846 1019 4893 Jan.
1039 4845 1126 4902 1453),
1151 4839 1182 4889 de
1204 4852 1319 4903 persona
1336 4838 1428 4888 Teucri
1437 4836 1537 4897 (τίετο.
1552 4834 1591 4897 11)
1612 4836 1635 4883 ei
1655 4833 1713 4895 ojus

106 4912 223 4972 τιαιννο,
234 4912 359 4969 ιιιοτῖθιιε,
371 4914 519 4974 intellecto,
529 4913 684 4977 sapientiai
692 4914 716 4962 in
728 4910 783 4961 ωθ.
795 4910 838 4959 Ιοι.
853 4912 927 4963 Paris.
939 4918 1011 4964 οισι.
1033 4927 1057 4963 ιι.
1078 4915 1116 4969 39,
1129 4910 1219 4960 citante
1236 4908 1361 4959 Viiloison.
1375 4907 1400 4955 in
1417 4908 1519 4955 Νοιῖοεε
1539 4908 1563 4955 οι
1576 4907 1643 4953 σειν.
1668 4904 1713 4955 εἰει

108 4994 169 5031 mos.
183 4984 245 5033 tom.
260 4988 284 5043 8,
291 4986 362 5047 pari.
380 4990 402 5043 τ,
414 4998 441 5047 ρ.
453 4992 483 5035 22
498 4984 570 5046 noi.)
582 5005 589 5033 :
602 4982 634 5033 In
649 4987 687 5035 iot
698 4988 892 5053 iuniorumque
902 4988 1030 5047 perenni,
1043 4987 1073 5035 oi
1090 4986 1130 5035 iio
1147 4983 1247 5042 dicam,
1263 4982 1459 5031 ministratione
1483 4981 1564 5030 eiiam
1585 4978 1669 5028 litoris
1688 4980 1713 5027 oi
1730 4980 1732 4983 '

107 5050 280 5118 philosophiae
299 5066 410 5117 οροεονιι
429 5054 495 5106 doro
508 5056 632 5106 conatur.
643 5058 732 5108 Habet
743 5058 817 5122 ορνά
832 5072 859 5109 ιο
873 5058 964 5107 virum
977 5058 1006 5105 io
1017 5053 1188 5119 philosophia
1214 5054 1402 5111 doctissimum,
1419 5050 1511 5113 linono
1530 5049 1653 5111 Λνοθοῖιι,
1668 5051 1714 5111 qui

108 5123 226 5184 quotidie
238 5126 309 5175 certo
327 5127 444 5187 tempore
457 5129 610 5189 prinoipem
626 5127 744 5179 adeundi
757 5130 783 5179 σθ
796 5128 900 5193 oiiqoid
913 5126 1009 5177 ονάιιιι
1021 5128 1130 5189 dimiono
1146 5126 1248 5188 δορατιον·
1266 5122 1345 5173 habet
1359 5122 1527 5184 potestatem.
1548 5123 1626 5172 Tenet
1644 5132 1713 5185 μητ-

21 5259 29 5273 ·
105 5195 181 5242 ισνεα
193 5193 257 5244 duos
277 5192 409 5262 ιιιοάῖοοε,
424 5209 538 5260 quorum
554 5208 624 5246 υιιιιο
641 5197 737 5258 iatine,
754 5199 825 5249 σθεν
839 5208 919 5261 οταοο
937 5199 976 5247 σοι
994 5190 1138 5248 oriolum..
1151 5189 1199 5245 ms
1223 5192 1433 5257 familiarissimo
1449 5192 1545 5253 utitor,
1570 5202 1714 5255 eorumque
