3809 5859
868 330 1108 394 nnunnsnnn.

952 493 969 568 s
990 495 1020 552 n.

187 619 372 702 [Poscentem
384 622 497 676 Extrait
507 623 546 676 du
561 623 658 676 Troice
665 622 702 675 de
714 620 893 678 labstineuce
903 625 940 680 dc
955 628 983 680 la
992 626 1076 681 chezir
1087 630 1136 682 des
1146 634 1296 694 animuum,
1316 629 1375 709 περὶ
1386 632 1490 709 ἀποχῆς
1505 633 1643 714 ἐμψύχων.
1659 640 1723 696 Liv.
1739 637 1790 701 iv,

878 743 912 819 §S
931 764 963 817 ¹7
977 759 1005 803 et
1022 746 1091 825 18.]

224 1061 241 1136 S
252 1079 283 1120 17.
295 1057 385 1117 Ἰνδῶν
397 1057 448 1137 γδιρ
462 1061 509 1128 τῆς
523 1055 657 1124 πολιτείας
668 1059 702 1125 εἰς
716 1059 802 1119 πολλὰ
813 1060 957 1138 νενεμημέ·

183 1171 229 1219 νης
238 1183 248 1216 ,ι
260 1146 316 1206 ἔστι
329 1171 355 1205 τι
370 1144 441 1224 γένος
457 1145 520 1224 παρ’
543 1146 629 1212 αὐτοῖς
643 1145 673 1206 τὸ
694 1150 745 1204 τῶν
760 1149 902 1228 διασύρων,
915 1147 959 1219 οδς

183 1232 396 1316 Γυμνοσοφιστὰς
408 1234 497 1292 καλεῖν
516 1234 638 1292 εἰώθασιν
650 1232 790 1306 Ἕλληνες.
807 1236 914 1296 Τούτων
929 1237 957 1296 δὲ

184 1323 229 1384 δύο
253 1322 378 1402 αἱρέσεις·
394 1313 431 1380 ὧν
449 1327 496 1394 τῆς
518 1319 565 1398 μέν
588 1325 746 1402 Βραχμᾶνες
767 1320 956 1404 προΐστανται,

182 1417 229 1484 τῆς
245 1411 272 1471 δὲ
289 1412 448 1488 Σαμαναῖσι.
493 1409 563 1470 Ἀλλ’
579 1409 666 1488 οἱμὲν
686 1414 845 1492 Βραχμᾶνες
863 1413 892 1471 ίκ
907 1412 959 1491 γε’-

183 1523 242 1567 νους
255 1497 423 1578 διαδέχονται
437 1497 527 1577 ὥσπερ
548 1498 681 1578 ἱερατείαν
697 1498 745 1570 τὴν
760 1499 882 1572 τοιαύτην
899 1506 958 1560 θεο-

184 1589 294 1670 σοιρίαν,
311 1591 464 1664 Σαμανοῐοι
478 1587 505 1645 δὲ
523 1587 631 1664 λογάδες
645 1586 711 1646 εἰσὶν
723 1591 776 1647 κάκ
786 1591 839 1647 τῶν
856 1593 958 1668 βουλη-

183 1677 277 1736 θέντων
292 1677 422 1756 θεοσορεῖν
437 1674 679 1754 συμπληρούμενον.
721 1673 802 1755 Ἔχει
815 1675 842 1735 δὲ
854 1676 888 1734 τδι
899 1682 958 1736 κατ’

184 1765 276 1832 αὐτοὺς
291 1769 382 1823 τοῦτον
396 1762 441 1822 τὸν
455 1763 568 1843 τρόπον,
581 1766 615 1829 ὡς
630 1763 802 1840 Βαρδησάνης
819 1764 885 1843 ἀνὴρ
899 1767 958 1825 Βα-

183 1853 306 1920 όυλόινιος
319 1853 362 1911 ἐπὶ
374 1855 424 1910 τῶν
437 1851 557 1932 πατέρων
575 1855 648 1928 ἡμῶν
662 1850 774 1932 γεγονὼς
786 1852 831 1910 καὶ
844 1853 958 1932 ἐντυχὼν

182 1943 235 2010 τοῖς
249 1942 308 2022 περὶ
326 1940 461 2016 Δάνδαμιν
474 1943 515 2016 (1)
529 1939 707 2016 πεπεμμένοις
724 1940 816 2007 Ἰνδοῖς
837 1941 902 2018 πρδς
914 1943 957 2001 τὸν

183 2030 308 2110 Καίσαρα
322 2031 478 2110 ἀνέγραψεν.
491 2028 594 2094 Πάντες
605 2027 657 2107 γάρ
671 2030 829 2108 Βραχμᾶνες
840 2027 895 2097 ἑνός
908 2032 958 2088 εἶσι

182 2119 281 2196 γένους·
296 2115 322 2185 ἐξ
342 2116 397 2183 ἑνὸς
418 2115 471 2198 γάρ
485 2117 585 2195 πατρὸς
610 2115 656 2174 καῖ
672 2127 733 2192 μιᾶς
748 2115 847 2196 μητρὸς
864 2117 958 2185 πάντες

182 2207 343 2284 κατάγουσι·
368 2206 518 2280 Σαμαναῖοι
533 2203 560 2262 δὲ
576 2207 624 2263 ούκ
638 2203 689 2262 eici
706 2209 751 2262 τοῦ
766 2207 845 2263 αὐτοῦ
858 2205 891 2284 (a)
915 2206 958 2281 γε’-

181 2319 249 2374 νους,
263 2293 320 2353 ἀλλ’
335 2292 470 2359 ἐκπαντὸς
482 2298 527 2352 τοῦ
535 2295 586 2351 τῶν
595 2291 685 2354 Ἰνδῶν
691 2291 788 2366 ἔθνους,
800 2297 834 2359 ὡς
844 2293 958 2372 ἔγαμεν,

183 2381 393 2459 συνειλεγμένοι·
416 2380 476 2441 ούτε
497 2379 525 2440 δὲ
550 2378 720 2460 βασιλεύεται
745 2379 877 2460 Βραχμδιν
898 2384 958 2440 οὔτε

183 2473 301 2532 συντελεῖ
315 2495 339 2530 τι
353 2474 407 2536 τοῖς
421 2471 518 2536 ἄλλοις.
561 2469 670 2528 Τούτων
686 2467 714 2527 δὲ
728 2471 753 2527 oi
771 2468 921 2550 φιλόσοφοι,
933 2473 958 2528 ol

152 2555 156 2562 ¹
184 2559 230 2637 μὲν
250 2562 276 2620 έν
296 2559 352 2640 όρει
371 2562 503 2632 οἰκοῦσιν,
520 2561 544 2617 οἱ
564 2555 591 2616 δὲ
616 2557 677 2636 περί
697 2557 804 2634 Γάγγην
823 2557 956 2634 ποταμόν.

187 2651 328 2710 Σιτοᾶνται
344 2649 370 2706 δὲ
386 2649 410 2705 οἱ
432 2645 478 2723 μὲν
493 2645 572 2725 ὄρειοι
589 2646 636 2717 τάν
655 2669 684 2704 τε
703 2646 808 2723 ὀπώραν
827 2645 871 2703 καὶ
888 2646 957 2720 γάλα

185 2737 267 2816 βόειον
284 2735 405 2815 βοτάναις
418 2732 521 2813 παγὲν,
536 2737 559 2792 οῖ
573 2732 600 2792 δέ
615 2733 676 2811 περὶ
689 2732 733 2790 τὸν
748 2733 856 2810 Γάγγην
872 2736 901 2792 ἐκ
910 2739 958 2804 τῆς

182 2823 334 2904 δπόιρας,ἣ
354 2823 440 2892 πολλὴ
456 2823 517 2903 περὶ
532 2821 576 2880 τὸν
591 2821 710 2899 ποταμὸν
725 2830 857 2898 γεννᾶται.
900 2822 957 2882 Φέ-

184 2937 222 2992 ρει
235 2913 263 2971 δὲ
275 2917 292 2983 ἡ
304 2917 338 2989 γῆ
351 2910 444 2990 σχεδόν
455 2909 557 2990 καρπδν
570 2910 609 2968 ἀεὶ
623 2910 680 2968 νέον
692 2908 738 2966 καὶ
753 2909 841 2985 μέντοι
855 2910 899 2966 καῖ
908 2909 956 2981 σλν

182 3001 275 3082 ὄρυζαν
290 2999 391 3070 πολλήν
402 3022 431 3056 τε
445 2998 492 3057 καὶ
505 2998 652 3074 αὐτόματον
664 3041 673 3070 ,
688 2989 707 3076 ᾗ
720 2999 838 3076 χρῶνται
849 2995 911 3056 όταν
927 2997 957 3057 τδ

182 3095 229 3162 τῆς
241 3088 346 3165 ὀπώρας
358 3085 494 3164 ἐπιλείπῃ.
536 3085 576 3146 Τό
591 3085 613 3143 δ’
629 3085 709 3143 ἄλλου
723 3083 793 3150 τινὸς
809 3085 925 3165 ἅψασθαι
939 3087 956 3157 ἢ

80 3231 82 3236 .
181 3179 248 3244 όλως
261 3178 340 3254 θιγεῖν
354 3173 474 3254 ἐμψύχου
488 3179 585 3254 τρυφῆς
599 3173 653 3232 ἶσον
669 3171 715 3231 καλ
728 3178 761 3253 τῇ
773 3174 873 3253 ἐσχάτῃ
887 3176 957 3233 σύια·

181 3265 276 3349 θαρσίογ
287 3288 316 3324 τε
330 3263 376 3323 καὶ
388 3262 498 3343 ἀσεβείᾳ
512 3262 670 3338 νενόμισται.
713 3261 767 3321 Καὶ
782 3267 857 3320 τοῦτο
871 3263 963 3330 αὐτοῖς.

180 3355 210 3414 τὸ
225 3353 325 3433 δόγμα·
338 3351 510 3431 θρησκεύουσί
523 3375 551 3408 τε
563 3349 594 3408 τὸ
606 3354 672 3409 θεῖον
687 3348 733 3408 καὶ
748 3348 885 3408 εύσεόοῦσι
896 3350 956 3430 περὶ

181 3441 263 3514 αύτδ,
287 3443 462 3520 καθορῶνται.
504 3439 558 3499 Τὸν
579 3437 664 3498 τοίνυν
682 3436 777 3517 χρόνον
796 3441 842 3509 τῆς
855 3437 956 3517 ἡμέρας

180 3531 227 3590 καλ
240 3535 288 3602 τῆς
302 3531 396 3596 νυκτὸς
404 3529 449 3587 τὸν
459 3529 581 3587 πλεῖστον
596 3529 632 3593 εῖς
641 3525 736 3602 ὕμνους
749 3529 801 3584 τῶν
811 3529 875 3584 θεῶν
891 3526 955 3586 εἰπέ·

180 3643 273 3698 νειμαν
297 3619 342 3678 καὶ
370 3617 462 3697 εύχδις,
480 3615 591 3676 ἑκάστου
615 3614 683 3672 ἰδίαν
709 3613 828 3686 καλύύην
852 3614 956 3693 ἔχοντος

180 3709 225 3767 καὶ
238 3711 273 3775 ὡς
286 3706 324 3765 ἔνι
340 3707 456 3786 μάλιστα
467 3704 619 3773 ίδιάζοντος.
663 3705 744 3780 Κοινῇ
759 3701 809 3781 γδιρ
823 3705 954 3791 Βραχμᾶ-

179 3819 221 3863 νες
245 3795 331 3872 μένειν
355 3797 403 3854 ούκ
425 3794 563 3873 ἀνέχονται
585 3789 644 3850 οὐδὲ
667 3789 754 3849 πολλὰ
775 3790 954 3868 διαλέγεσθαι·

181 3883 240 3942 ἀλλ’
259 3883 321 3941 ὅταν
336 3889 412 3942 τοῦτο
427 3882 532 3962 συμβῇ,
554 3878 776 3959 ἀναχωρήσαντες
796 3879 840 3942 ἐπὶ
856 3879 956 3947 πολλδς

180 3971 281 4053 ἡμέρας
295 3974 323 4030 οὐ
339 3972 512 4052 φθέγγονται,
528 3969 656 4035 πολλάκις
671 3967 699 4026 δὲ
724 3967 769 4026 καὶ
787 3967 952 4038 νηστεύουσι.

181 4063 333 4137 Σαμαναῖοι
348 4057 375 4118 δὲ
391 4059 441 4120 εἰσὶ
456 4058 518 4136 μὲν,
531 4062 565 4123 ὡς
581 4057 698 4136 ἔραμεν,
712 4055 832 4132 λογάδες.
867 4052 955 4114 Ὅταν

181 4148 208 4208 δὲ
231 4149 316 4227 μέλλῃ
340 4151 376 4214 εἷς
398 4147 428 4206 τὸ
452 4147 543 4222 τάγμα
562 4167 600 4209 τις
623 4141 816 4222 ἐγγράρεσθαι,
836 4140 955 4220 πρόσεισι

180 4241 234 4304 τοῖς
253 4235 367 4316 ἄρχουσι
382 4241 428 4306 τῆς
446 4233 565 4310 πόλεως,
580 4229 646 4290 ὅπου
668 4232 691 4288 δ’
712 4229 744 4288 διν
758 4229 826 4308 τύχῃ
843 4233 890 4299 τῆς
905 4229 954 4287 πό-

180 4329 245 4392 λεως
263 4324 341 4396 ἢτῆς
361 4323 471 4400 κώμης,
494 4321 539 4380 καλ
564 4324 615 4378 τῶν
637 4319 781 4394 κτημάτων
804 4316 955 4385 ἐξίστασται

182 4413 246 4495 (καλ)
261 4412 349 4484 πάσης
363 4416 409 4483 τῆς
429 4411 513 4482 άλλης
525 4409 629 4479 οὐσίας,
642 4405 784 4486 ξυράμενος
800 4403 827 4463 δὲ
840 4409 886 4464 τοῦ
900 4403 954 4463 σύ-

181 4525 262 4579 ματος
283 4501 317 4559 τδι
339 4499 451 4580 περιττδ
464 4497 598 4574 λαμβάνει
614 4494 709 4567 στολὴν
730 4493 820 4552 άπεισί
837 4516 866 4551 τε
889 4493 955 4572 πρὸς

180 4589 367 4666 Σαμαναίους,
384 4587 442 4648 otte
461 4587 527 4666 πρὸς
541 4592 654 4664 γυναῖκα
669 4582 728 4641 οὔτε
741 4583 804 4663 πρὸς
818 4581 913 4656 τέκνα,
930 4585 954 4642 εί

179 4679 255 4758 τύχοι
270 4676 442 4755 κεκτημένος,
457 4675 617 4756 έπιστρορὴν
631 4671 649 4744 ἤ
661 4695 719 4730 τινα
731 4671 807 4750 λόγον
818 4669 857 4730 ἔτι
867 4670 954 4730 ποιυύ·

180 4789 257 4844 μενος
282 4765 384 4844 ἢπρδς
404 4763 480 4823 αύτδν
497 4765 563 4829 δ’λως
586 4761 710 4839 νομίζων.
754 4758 809 4820 Καὶ
832 4761 883 4817 τῶν
905 4758 952 4834 μὲν

179 4855 276 4914 τέκνων
289 4857 303 4912 ὃ
316 4851 437 4933 βασιλεὺς
452 4851 577 4924 κήδεται,
590 4849 659 4915 ὅπως
670 4849 751 4928 ἔχωσι
765 4847 798 4906 τδι
811 4849 952 4925 ἀναγκαῖα,

179 4949 225 5014 τῆς
240 4943 267 5003 δὲ
284 4943 405 5021 γυναικός
421 4943 444 4999 οἱ
464 4942 565 4998 οἰκεῖοι.
609 4937 645 4996 Ὁ
669 4935 696 4994 δὲ
713 4937 769 5015 βίος
783 4936 835 5002 τοῖς
857 4936 954 5008 Σαμα-

180 5032 261 5098 ναίοις
285 5031 341 5090 ἐστὶ
361 5035 486 5096 τοιοῦτος·
530 5025 579 5096 ἔξω
600 5031 647 5096 τῆς
665 5023 765 5091 πόλεως
793 5021 953 5104 διατρίύουσι

1046 1067 1061 1131 §
1077 1073 1113 1118 li.
1130 1071 1192 1120 Nam
1204 1084 1263 1122 cnm
1277 1072 1396 1122 Indorum
1408 1075 1547 1138 respublica
1562 1077 1589 1126 in
1602 1079 1693 1130 multas
1706 1083 1794 1144 partes

1014 1154 1147 1205 distributa
1171 1156 1218 1218 sit,
1243 1171 1320 1222 genus
1343 1161 1469 1223 quoddam
1488 1164 1626 1227 sapientum
1641 1166 1707 1230 apud
1722 1167 1793 1231 ipsos

1014 1247 1067 1306 est,
1081 1258 1144 1307 qnos
1163 1247 1244 1297 Graeci
1258 1250 1476 1314 Gymnosophistas
1488 1267 1577 1304 vocare
1594 1262 1788 1308 consueverunt.

1013 1334 1109 1382 Horum
1122 1332 1180 1384 duee
1193 1335 1312 1387 factiones
1326 1341 1384 1388 sunt
1392 1376 1399 1400 ,
1408 1340 1590 1392 Bracbmaunm
1601 1343 1695 1405 altera,
1708 1347 1789 1396 altera

1013 1423 1203 1472 Samaueorum.
1234 1425 1398 1476 Brachmanae
1416 1440 1462 1490 per
1474 1429 1569 1492 generis
1590 1434 1788 1497 comunionem,

1012 1522 1060 1558 non
1074 1523 1146 1560 secus
1157 1524 1187 1561 sc
1198 1512 1361 1564 sacerdotium
1373 1515 1513 1578 hujusmodi
1525 1517 1634 1568 «lirinum
1644 1521 1790 1585 sapientiam

1015 1595 1157 1649 admittunt.
1190 1601 1310 1650 Samanaei
1325 1602 1409 1652 selecti
1424 1604 1525 1666 qnidam
1545 1610 1617 1667 sunt,
1640 1613 1667 1657 ct
1687 1622 1719 1658 ex
1734 1610 1789 1672 qui·

1013 1682 1119 1735 buslibet
1133 1686 1178 1748 qni
1189 1685 1280 1738 divinae
1291 1689 1416 1752 sapientia
1425 1705 1452 1741 se
1468 1692 1565 1744 tradere
1580 1681 1717 1757 voluerint,
1728 1709 1789 1746 σου·

1013 1771 1087 1820 stant.
1119 1773 1211 1822 Forum
1224 1773 1276 1823 rita
1284 1774 1316 1824 ad
1325 1775 1391 1826 hunc
1403 1777 1505 1828 modum
1513 1782 1567 1840 est,
1578 1781 1789 1842 quemadmodum

1011 1860 1161 1913 Bardesmes
1174 1863 1322 1929 Babylonius
1342 1868 1468 1918 memoriae
1487 1869 1582 1933 prodit,
1602 1871 1645 1933 qui
1664 1875 1789 1937 maiorum

1012 1955 1152 2003 unstromm
1172 1957 1320 2020 tempestate
1335 1958 1444 2019 exstitit,
1468 1973 1527 2010 mm
1543 1961 1641 2024 illisque
1659 1963 1729 2015 Indis
1747 1969 1789 2016 est

1012 2048 1140 2106 uersutus,
1154 2047 1265 2109 quicum
1277 2049 1398 2100 Duudami
1413 2051 1483 2102 missi
1498 2053 1529 2102 nd
1545 2054 1670 2104 cesarem
1681 2055 1787 2105 inerant.

1011 2138 1176 2189 Brachmanes
1196 2140 1261 2189 enim
1275 2153 1362 2192 omnes
1375 2142 1449 2192 unius
1468 2146 1528 2194 sunt
1540 2145 1649 2208 generis,
1666 2159 1698 2196 ex
1714 2147 1788 2196 unius

1012 2230 1088 2293 patris
1099 2218 1221 2295 uniusqde
1234 2234 1321 2284 matris
1333 2236 1427 2300 origine
1438 2249 1524 2289 omncs
1537 2237 1654 2301 deducti3
1666 2241 1789 2291 summm

1012 2336 1073 2371 vcro
1086 2336 1135 2372 nnn
1147 2323 1197 2385 ita,
1209 2324 1296 2374 sodex
1308 2327 1375 2376 omni
1386 2321 1504 2378 indom'm
1517 2332 1604 2392 geute,
1622 2332 1650 2381 ut
1659 2332 1711 2395 jam
1723 2332 1788 2381 dixi-

1011 2428 1068 2466 mus
1079 2455 1086 2478 ,
1096 2417 1201 2466 collecti.
1233 2419 1317 2480 Neque
1326 2419 1401 2482 igitur
1412 2420 1459 2469 suh
1470 2434 1545 2485 regno
1556 2421 1649 2486 degunt
1658 2425 1791 2474 Brachma-

1011 2523 1069 2570 nes,
1083 2525 1164 2574 neque
1177 2511 1278 2574 reliquis
1290 2512 1388 2563 civibus
1401 2513 1591 2565 adnumerantur
1607 2516 1670 2566 :sed
1684 2531 1716 2566 cx
1728 2513 1789 2580 ipsis

1011 2601 1085 2665 iiqui
1095 2603 1233 2667 philosophi
1251 2607 1321 2666 snut,
1334 2605 1376 2655 alii
1391 2606 1417 2656 iu
1431 2610 1528 2669 monte,
1546 2609 1588 2662 alii
1599 2609 1665 2674 spuo
1678 2613 1789 2674 Gangem

1011 2698 1114 2751 nuvium
1132 2699 1253 2750 habitant.
1286 2705 1322 2750 Ac
1340 2703 1451 2752 montani
1463 2703 1564 2766 quidem
1583 2704 1662 2778 pomis
1680 2708 1706 2754 et
1722 2705 1789 2756 lacte

1012 2787 1105 2866 bubulo
1123 2791 1207 2842 herbis
1218 2794 1517 2868 ponpeium-vescuntur:
1534 2795 1645 2845 lluriales
1658 2810 1690 2846 cr
1707 2797 1786 2860 pomis

1011 2885 1085 2933 etiam
1101 2884 1148 2948 ipsi
1163 2885 1257 2935 victum
1268 2862 1426 2950 comparant,
1440 2901 1497 2950 qnae
1508 2888 1587 2938 multa
1603 2889 1669 2953 apud
1683 2889 1788 2940 fluuium

1011 2981 1154 3029 nascuntur.
1187 2982 1262 3029 Terra
1281 2980 1346 3030 euim
1368 2981 1420 3030 iere
1440 2995 1537 3044 semper
1558 2986 1669 3033 recentes
1690 2984 1788 3034 tructus

1010 3071 1125 3135 producit
1142 3092 1148 3121 z
1165 3072 1224 3134 quin
1244 3071 1321 3122 etiam
1339 3085 1420 3134 oryzae
1440 3072 1535 3136 copiam
1551 3078 1639 3137 sponte
1656 3079 1786 3138 procreat,

1014 3178 1080 3227 qna,
1094 3164 1116 3213 si
1129 3164 1227 3229 quando
1237 3177 1311 3228 poma
1323 3164 1472 3225 defecerint,
1484 3166 1521 3216 uti
1529 3179 1627 3230 quoqne
1640 3169 1665 3216 in
1676 3167 1732 3218 mbo
1745 3181 1786 3218 so-

1010 3259 1069 3308 lent.
1103 3257 1176 3307 Aliud
1185 3271 1244 3307 vero
1255 3257 1381 3320 quidpiam
1389 3258 1534 3322 degustare,
1548 3263 1592 3309 aut
1601 3260 1744 3311 alimentum
1754 3275 1788 3311 cx

1010 3348 1124 3399 minuatis
1133 3350 1173 3398 rel
1184 3347 1283 3398 omnino
1293 3351 1392 3412 langere
1403 3349 1568 3402 immunditiae
1581 3355 1699 3402 extrema
1711 3356 1789 3417 atque

1010 3443 1129 3508 impietati
1142 3456 1191 3491 non
1198 3439 1318 3491 dissimile
1326 3441 1392 3505 apud
1403 3442 1470 3505 ipsos
1481 3443 1594 3494 habetur.
1627 3445 1727 3499 cultum
1739 3446 1790 3496 deo

1009 3541 1121 3605 religiose
1133 3540 1213 3603 acpie
1228 3539 1351 3590 exhibent.
1384 3540 1502 3603 Maiorem
1518 3541 1584 3592 enim
1599 3541 1649 3593 dici
1675 3543 1786 3595 acnocti

1008 3639 1104 3700 purtem
1121 3634 1220 3697 hymnis
1240 3633 1266 3682 in
1284 3633 1344 3682 deos
1361 3645 1391 3682 ac
1410 3632 1525 3696 precihus
1536 3633 1658 3685 dicarunt.
1690 3636 1787 3700 singuli

1009 3736 1091 3783 tamen
1113 3733 1138 3781 in
1159 3730 1266 3795 propriis
1285 3728 1393 3793 tuguriis
1414 3731 1530 3791 manent,
1548 3732 1574 3780 et
1591 3745 1664 3794 quarn
1679 3732 1790 3782 maxime

1009 3826 1064 3876 lieri
1077 3827 1160 3890 potest
1182 3823 1228 3873 soli
1241 3823 1376 3871 morantur.
1410 3820 1487 3870 Simul
1498 3821 1564 3870 enim
1584 3823 1677 3873 versari
1691 3823 1791 3873 Brach-
1867 3841 1872 3846 ·

1007 3927 1094 3965 manes
1113 3926 1143 3962 ac
1168 3911 1274 3961 multum
1293 3908 1400 3971 colloqui
1424 3922 1472 3957 non
1497 3909 1630 3960 admodum
1648 3911 1789 3974 patiuntur.

1007 4009 1055 4059 Sed
1075 4021 1131 4057 enm
1152 4006 1177 4055 id
1190 4007 1254 4055 forte
1269 4002 1412 4068 eontigerit,
1426 4003 1564 4054 recessione
1577 4004 1633 4054 inde
1656 4007 1737 4065 lacta,
1760 4006 1791 4055 in

1007 4097 1099 4147 mullos
1120 4093 1173 4144 dies
1193 4097 1279 4158 postea
1300 4105 1349 4141 nou
1364 4092 1505 4153 loquuntur.
1538 4094 1607 4154 saepe
1628 4093 1701 4143 etim
1716 4094 1787 4156 jeju.

1009 4189 1077 4235 nant.
1110 4181 1230 4233 sammai
1246 4194 1304 4230 vcro
1318 4179 1399 4238 electi,
1415 4180 1443 4228 ut
1454 4177 1571 4242 diximus,
1586 4183 1652 4230 sunt.
1680 4184 1708 4230 ln
1720 4195 1788 4244 quo·

1007 4297 1064 4333 rum
1077 4281 1205 4344 collegium
1223 4293 1281 4330 cnm
1293 4279 1414 4343 quispiam
1426 4278 1466 4327 est
1480 4271 1651 4332 asciscendus,
1667 4268 1699 4318 ad
1713 4269 1787 4332 prin-

1008 4377 1074 4440 cipes
1086 4373 1194 4424 cisitalis
1205 4377 1249 4423 aut
1261 4372 1310 4422 vici
1322 4374 1489 4435 cujuscunque
1502 4368 1577 4419 inerit
1586 4363 1695 4422 aceedit,
1708 4365 1790 4424 atque

1006 4468 1041 4518 ihi
1055 4465 1127 4516 honis
1142 4465 1195 4514 suls
1207 4464 1413 4526 facultatibusque
1427 4461 1542 4512 omnihus
1555 4455 1691 4521 repudiatis
1701 4467 1731 4503 ac
1744 4467 1791 4503 su·

1007 4573 1131 4626 pervacua
1150 4558 1217 4608 omni
1235 4556 1344 4620 corpore
1365 4559 1434 4620 parte
1451 4554 1554 4604 detonsa
1573 4551 1662 4601 dolam
1677 4545 1788 4610 accipit,

1007 4653 1082 4714 atque
1097 4647 1133 4697 ita
1150 4646 1217 4695 nulla
1232 4657 1311 4708 noque
1325 4643 1410 4693 uxoris
1429 4655 1510 4705 neque
1528 4640 1664 4690 liberorum
1678 4635 1700 4685 si
1718 4633 1790 4683 iortc

1007 4742 1091 4794 adsint
1105 4739 1199 4792 ratione
1217 4739 1315 4798 hahita,
1329 4737 1399 4800 qnasi
1413 4737 1485 4786 adse
1497 4731 1559 4784 nibil
1569 4729 1668 4782 omnino
1678 4725 1791 4791 amplios

1007 4837 1156 4902 pertincant,
1170 4834 1203 4885 ad
1218 4837 1357 4883 &maneos
1371 4827 1474 4879 recedit.
1506 4825 1567 4890 Regi
1577 4824 1710 4875 liberorum
1719 4819 1787 4868 edn-

1007 4930 1156 4988 candomm,
1172 4926 1281 4992 cognatis
1292 4924 1377 4974 uxoris
1395 4935 1456 4972 cura
1476 4917 1631 4981 relinquitur,
1664 4912 1724 4962 Vita
1738 4914 1788 4978 Sa-

1008 5035 1159 5074 manaeomm
1174 5018 1314 5085 hujusmodi
1326 5018 1382 5067 est:
1415 5016 1485 5065 extra
1497 5012 1585 5062 urbem
1599 5008 1790 5059 commorantur

213 5247 245 5310 (1)
262 5245 384 5312 Δαμάδμιν
404 5259 431 5296 se
450 5244 479 5296 lit
498 5241 560 5331 (latit¹
573 5239 691 5304 quelques
699 5251 760 5290 msc.
771 5267 802 5280 -
813 5235 847 5301 (2)
861 5236 938 5298 γένους
951 5234 1036 5284 αὐτῶν.
