3809 5859
473 306 723 368 mucnnmums
744 305 873 368 Annus·
895 306 943 367 111.
967 308 1044 367 eset
1069 306 1251 384 (teet-1453
1273 306 1309 365 P.
1333 303 1392 386 d).
1688 308 1730 386 ‚85

134 437 284 498 θαλλόντων
296 440 383 519 αύτῷ,
393 438 439 498 καί
453 436 540 497 πάντα
555 430 585 510 ἦν
600 440 665 514 ὁμοῦ
679 437 713 497 τδι
728 438 810 499 δεινά·
823 440 847 497 ot
859 440 906 515 μέν

132 534 185 607 πῦρ
199 524 324 607 ἐπέφερον
340 530 497 595 ἐνάπτοντες
513 527 630 587 κάτωθεν
642 526 690 595 τάς
702 526 830 601 ὁλκάδας,
844 529 867 585 οἱ
880 524 908 585 δέ

132 616 243 684 παλτοῖς
278 618 322 674 καί
353 616 456 677 κοπίσιν
483 614 603 687 έκαινον,
628 614 821 695 άναρρηγνύναι
850 612 908 696 τοδς

132 706 236 786 τοίχους
256 704 353 764 τούτων
370 704 538 783 βουλόμενοι·
554 705 628 763 άλλοι
650 704 742 783 δόρασί
756 727 784 763 τε
798 710 907 783 μακροῖς

132 792 324 862 καὶ,ἀκοντίοις
338 795 494 873 ἐτίτρωσκον
515 792 632 851 κάτωθεν
650 792 711 859 τοὺς
731 790 907 873 προμαχομέ-

133 906 207 950 νους·
219 884 243 942 οί
267 880 294 940 δέ
320 878 407 960 βέλεσί
426 902 454 939 τε
474 880 519 938 καλ
532 879 613 947 λίθοις
627 876 754 937 ἐόαλλον·
772 878 855 958 έτερσι
878 878 906 937 δέ

133 968 343 1073 ἀναρριχώμενοι
357 968 402 1027 καλ
417 966 542 1047 ἀγκύραις
567 965 612 1024 καί
627 965 750 1045 σχοινίοις
766 970 908 1047 ίκκρεμαν-

132 1060 256 1135 νύμενοι,
276 1055 419 1117 έπιὸαίνειν
439 1060 490 1114 τῶν
511 1056 575 1113 νεῶν
598 1056 755 1135 ἐπειρῶντο,
771 1055 815 1115 καί
833 1056 906 1116 άλλοι

132 1145 218 1209 άλλως
231 1142 375 1223 ἐμάχοντο,
386 1141 430 1200 καλ
447 1141 555 1201 ἔκοπτον
567 1140 611 1200 καί
623 1141 763 1202 ἐκόπτοντο
780 1141 822 1209 ξύν
837 1146 906 1224 ὁρμῇ

132 1230 178 1291 καί
187 1233 279 1310 θυμῷ.
324 1230 358 1309 (ι)
370 1231 407 1290 Οί
422 1229 449 1287 δὲ
462 1229 505 1289 ἐπὶ
519 1233 571 1288 τῶν
591 1230 709 1289 ὁλκάδων
728 1230 908 1311 κατάφρακτοι

133 1319 204 1385 ὄντες
218 1316 263 1376 καλ
282 1316 377 1375 ἀνωθεν
402 1316 454 1375 ἀπὸ
478 1317 578 1375 τούτων
596 1315 729 1397 εύρώατως
744 1320 905 1399 μαχόμενοι,

132 1406 191 1473 τοὺς
211 1403 329 1471 ἐπιόντας
351 1404 482 1481 ἠμύνοντο
505 1406 628 1484 ἰσχυρῶς.
674 1405 728 1465 Καί
751 1409 844 1483 πρῶτοι
859 1406 906 1483 μὲν

133 1494 268 1578 ἀμφορέας
291 1494 419 1573 μεγάλους
441 1492 549 1576 πλήρεις
571 1492 673 1553 ύδάτων
697 1496 907 1573 ἐκκρεμαμένους

134 1585 178 1644 καί
192 1581 279 1649 λίθους
294 1586 382 1661 βαρεῖς
397 1580 518 1661 σχοινίοις
536 1581 716 1657 ἐκδεδεμένους
731 1582 827 1641 ἀνωθεν
841 1586 907 1641 ἀπο-

132 1672 237 1737 λύοντες
252 1668 390 1729 έσὸίννυόν
415 1692 443 1727 τε
467 1668 498 1728 τδ
519 1674 572 1745 πῦρ
593 1668 639 1727 καί
653 1669 764 1735 πολλοὺς
781 1669 905 1750 ἀνῄρουν·

132 1760 200 1837 μετὰ
217 1758 310 1838 βάρους
331 1756 382 1835 γάρ
403 1754 448 1815 καὶ
473 1757 531 1837 βίας
545 1748 615 1815 oter
629 1757 835 1839 καταφερόμενοι
848 1758 907 1827 τοδς

133 1846 381 1925 προστυγχάνοντας
395 1843 510 1905 κάτωθεν
525 1844 626 1913 πάντας
640 1844 699 1911 τοὺς
712 1845 759 1921 μέν
773 1845 907 1920 κατέδυον,

134 1934 193 2001 τοὺς
208 1934 235 1994 δέ
250 1932 403 2013 διέφθειρον.
447 1933 480 2009 (ο)
495 1931 570 1992 Muri
586 1932 613 1991 δέ
627 1938 704 1993 τούτο
722 1936 745 1991 ot
761 1932 808 2010 μὲν
823 1936 906 1993 αὐτῶν

135 2023 225 2102 δόρασι
240 2020 285 2079 καί
305 2020 432 2085 ἀκοντίοις
448 2018 493 2077 καλ
507 2019 606 2088 ξυστοῖς
620 2019 678 2087 τούς
693 2020 812 2087 ἐπιόντας
825 2020 907 2093 ἠκόν-

133 2112 219 2183 τιζον,
235 2112 258 2168 οί
273 2108 299 2167 δέ
312 2109 391 2174 λίθοις
412 2106 523 2167 ἔύαλλον
537 2106 649 2181 ἀνωθεν,
662 2109 736 2167 ἄλλοι
756 2108 845 2167 κοπίσι
862 2108 908 2177 τάς

132 2208 222 2279 χεῖρας
239 2202 291 2256 τῶν
305 2196 448 2255 ἐπιὸαίνειν
462 2196 631 2275 πειρωμένων
646 2198 810 2269 ἀπέκοπτον,
823 2198 907 2278 ἕτεροι

133 2285 259 2367 κορώναις
276 2308 303 2343 τε
319 2284 365 2344 καί
380 2284 502 2365 ῥοπάλοις
517 2283 614 2343 ἀνωθεν
629 2284 848 2365 καταφερομένοις
862 2285 908 2352 τάς

132 2371 247 2453 κεφαλάς
261 2370 358 2431 τούτων
384 2372 504 2438 ποιέοντες
524 2370 665 2441 ξυνέθλων·
682 2373 727 2432 καί
749 2372 798 2451 βοά,
818 2373 904 2445 πολλὴ

131 2462 177 2520 καί
198 2465 271 2540 θροῦς
291 2452 324 2533 ἦν
348 2459 374 2528 ἐξ
397 2460 521 2519 ἀπάντων
545 2461 725 2542 ἐγειρόμενος,
741 2461 905 2541 βαλλόντων,

132 2550 316 2630 βαλλομένων,
340 2552 504 2621 κτεινόντων,
538 2549 725 2628 κτεινομένων,
756 2549 905 2624 ὠθούντων,

962 460 991 514 γε
1007 438 1059 514 μὴν
1070 438 1115 497 καί
1128 436 1209 505 οὸτως
1220 436 1356 516 εὐρώστως
1366 437 1563 514 ἀγωνιζομένων
1574 439 1625 494 τῶν
1635 438 1663 494 έν
1676 442 1733 504 ταῖς

962 525 1069 599 ὁλκάσι,
1081 524 1286 603 καθυπερτέρουν
1299 528 1322 584 dt
1335 530 1382 583 τοῦ
1394 523 1500 598 στόλου,
1511 523 1553 582 δεδι
1563 523 1732 604 πολυχειρίαν

962 613 1080 689 μάλιστα
1102 612 1147 671 καλ
1170 611 1314 686 άμοιόαδδν
1335 613 1365 670 άκ
1389 612 1513 691 διαδοχῆς
1530 613 1732 690 ἀγωνιζόμενοι,

962 700 1007 759 καί
1019 704 1071 759 τῶν
1082 698 1277 779 τετρωμένωνῆ
1289 700 1335 758 καί
1345 700 1561 773 ἀποθνησκόντων
1572 699 1630 767 τοὺς
1639 699 1733 767 τόπους

961 811 992 846 τε
1021 787 1066 847 καί
1096 788 1144 854 τάς
1173 786 1257 857 τάξεις
1287 786 1372 847 ἄλλων
1402 787 1632 868 ἀναπληρούντων.”
1674 788 1734 849 ίίδν

963 880 1077 936 άπεῐπον
1098 879 1122 936 οί
1139 880 1165 936 έν
1180 885 1237 945 ταῖς
1255 876 1349 936 ὁλκάσι
1367 875 1514 957 μαχόμενοι
1538 876 1584 936 καλ
1604 880 1734 957 προπολε-

962 970 1070 1041 μοῦντες
1089 969 1123 1044 τῇ
1143 963 1291 1042 παρατάσει
1316 972 1362 1024 τού
1383 965 1515 1041 πολέμου,
1531 967 1554 1024 εί
1580 965 1617 1041 μὴ
1640 964 1735 1040 ἀνεμος

962 1050 1054 1131 αἴφνης
1077 1051 1148 1119 νότος
1167 1049 1281 1119 πνεύσας
1306 1052 1414 1133 σφοδρὸς
1427 1042 1480 1111 ιὸοε
1498 1051 1566 1112 κατά
1580 1051 1666 1129 μέσων
1681 1056 1733 1111 τῶν

961 1139 1064 1213 ἱστίων,
1079 1140 1124 1199 καί
1138 1138 1206 1216 μετά
1219 1140 1278 1219 βίας
1295 1139 1393 1219 βρύσας
1402 1140 1512 1211 ἐκίνησέ
1519 1165 1548 1200 τε
1562 1141 1610 1209 τδς
1623 1143 1735 1209 ὁλκάδας

962 1231 1093 1308 ἰσχυρῶς,
1106 1228 1152 1286 καὶ
1165 1226 1234 1286 οὕτω
1249 1228 1317 1287 κατδι
1334 1229 1426 1308 μικρὸν
1440 1230 1669 1307 ἀπολελειμμένων
1682 1233 1734 1288 τῶν

961 1316 1105 1397 τριήρεων,
1119 1318 1157 1395 τῷ
1179 1312 1217 1392 μὴ
1244 1314 1369 1374 δύνασθαι
1388 1324 1445 1384 ταῖς
1472 1317 1579 1377 ὁλκάσιν
1606 1316 1732 1391 ἕπεσθαι,
1815 1322 1821 1331 “

961 1403 1007 1462 καί
1024 1408 1069 1461 τόύ
1094 1403 1212 1481 πολέμου
1234 1405 1373 1484 λωφώντος
1395 1404 1467 1480 ἤδη,
1486 1403 1647 1477 διεσώθησαν
1671 1406 1735 1486 πρὸς

960 1488 1007 1557 τδις
1021 1492 1103 1557 άλλας
1123 1492 1237 1575 ὁλκάδας
1257 1490 1321 1569 πρὸς
1336 1491 1366 1549 τὸ
1381 1492 1466 1569 στόμα
1481 1500 1527 1553 τοῦ
1548 1493 1669 1570 λιμένος,
1688 1494 1734 1553 καλ

961 1576 1004 1635 τὸν
1019 1578 1136 1637 κίνδυνον
1152 1578 1225 1658 παρά
1245 1576 1321 1647 δόξαν
1336 1578 1466 1658 διέφυγον.
1508 1578 1588 1659 Παρδ
1611 1587 1733 1641 τοσοῦτον

960 1658 1039 1739 ἦλθον
1050 1665 1181 1727 κινδύνου.

953 1776 958 1781 ·
1001 1753 1077 1814 ΧΗ.
1096 1753 1224 1821 Βασιλεύς
1234 1755 1261 1813 δέ
1271 1753 1345 1833 παρδι
1355 1754 1398 1812 τὸν
1409 1754 1527 1833 αίγιαλδν
1536 1756 1618 1824 έστώς
1624 1709 1735 1836 ἔφιππος

962 1842 1033 1924 έώρα
1054 1843 1087 1902 τδι
1112 1843 1256 1923 δρώμενα,
1269 1843 1363 1922 θάρσος
1387 1867 1416 1901 τε
1441 1847 1557 1919 έμποιῶν
1581 1848 1734 1913 soie-etro&

962 1931 1115 2013 φαινόμενος
1129 1931 1175 1990 καὶ
1187 1932 1243 2009 άμα
1255 1939 1300 1992 roi
1312 1932 1427 2010 πολέμου
1438 1933 1469 1989 τὸ
1480 1931 1553 1999 τέλος
1568 1936 1734 1992 ἀποσκοπῶν·

962 2009 1062 2097 ἐνόμιζε
1076 2020 1126 2100 γάρ
1141 2020 1167 2088 ἐξ
1182 2020 1297 2086 ἀπαντος
1310 2019 1407 2101 τρόπου
1422 2018 1466 2087 τδν
1480 2023 1559 2080 αὑτοῦ
1576 2021 1666 2081 στόλον
1683 2026 1734 2081 τῶν

962 2109 1080 2169 ὁλκάδων
1102 2108 1328 2186 περιγενήσεσθαι,
1340 2106 1384 2165 καὶ
1400 2108 1584 2190 κρατήσαντας
1595 2110 1733 2189 αἰχμαλώ-

961 2219 1019 2263 τους
1033 2194 1101 2263 άξειν
1114 2195 1193 2264 αύτδες
1205 2200 1241 2263 ὡς
1255 2196 1347 2256 αύτόν·
1357 2197 1402 2256 καὶ
1415 2195 1563 2279 περιχαρὴς
1575 2188 1619 2268 ἦν.
1644 2196 1691 2264 Ὧς
1707 2197 1735 2256 δέ

962 2284 1031 2363 ἑώρα
1044 2284 1160 2363 σφοδρῶς
1185 2307 1212 2342 τε
1234 2283 1279 2342 τδν
1293 2284 1388 2361 ἄνεμον
1406 2287 1555 2345 πνεύσαντα
1568 2284 1613 2345 καί
1629 2285 1675 2354 τάς
1690 2288 1735 2347 ὁλ-

964 2369 1045 2439 κάδας
1078 2372 1326 2451 περιγεγενημένας,
1351 2374 1507 2448 μεταόαλών
1545 2374 1616 2442 εὐθὺς
1643 2380 1735 2447 ἠνιᾶτο

963 2460 1190 2541 ὑπερβαλλόντως,
1212 2462 1256 2519 καλ
1279 2461 1380 2532 πλήξας
1403 2462 1446 2521 τὸν
1472 2462 1552 2522 ἵππον
1583 2466 1734 2544 ἀνεχώρησε

962 2552 1081 2608 σιωπῶν.
1124 2551 1156 2627 (ε)
1168 2549 1308 2608 Ἀπέθανον
1326 2550 1353 2607 δὲ
1372 2553 1425 2608 τῶν
1446 2550 1493 2627 μὲν
1513 2552 1540 2609 ἐν
1559 2558 1615 2619 ταῖς
1628 2552 1733 2612 ὁλκάσιν

66 2656 72 2663 “
131 2640 301 2715 ὠθουμένων,
319 2637 562 2720 βλασφημούντων,
578 2637 747 2717 ὁάριζόντων,
767 2638 907 2697 ἀπειλούν-

132 2749 199 2798 των,
213 2726 370 2798 στενόντων,
383 2728 471 2784 πάντα
487 2724 557 2785 δεινά
571 2727 722 2785 ποιούντων.
768 2724 799 2805 (ε)
811 2722 908 2799 Ὅμως
932 2763 936 2788 ,

962 2637 1069 2718 ἄνδρες,
1083 2641 1118 2705 ώς
1131 2639 1265 2714 ἐλέγοντο,
1277 2640 1301 2696 οἱ
1315 2638 1411 2704 πάντες
1425 2637 1470 2696 δύο
1480 2638 1526 2698 καί
1544 2638 1640 2715 είκοσι,
1653 2662 1735 2720 τραυ·

964 2724 1057 2801 ματίαι
1075 2724 1165 2802 μέντοι
1182 2724 1318 2802 γεγόνασιν
1333 2725 1398 2802 ύπὲρ
1410 2725 1468 2791 τούς
1481 2724 1583 2801 ἡμίσεις
1596 2730 1648 2784 τῶν
1664 2729 1734 2800 πλη·

131 2892 231 2942 έὸαλον..
243 2892 425 2957 ἀναρρυχὸμινοι
436 2892 519 2957 (supra
531 2892 567 2942 lit.
581 2909 595 2941 υ
607 2892 737 2955 apponitur
746 2892 816 2941 litere
825 2890 882 2955 η)...
893 2891 1003 2954 ἀγγύραις
1013 2890 1023 2954 ΙΙ
1032 2892 1085 2953 -§
1095 2895 1119 2940 4.
1128 2892 1244 2953 ἀμφορέας
1294 2890 1441 2955 ἀπολύοντες]
1452 2892 1544 2942 Eodem
1556 2894 1631 2943 verbu
1642 2893 1667 2943 in
1678 2908 1731 2959 cap.

132 2967 171 3023 97,
186 2967 210 3013 4.
224 2962 235 3027 Ι]
248 2992 274 3001 -κ
288 2963 302 3025 §
315 2971 337 3013 5.
354 2964 470 3026 βάρρους..
487 2964 599 3015 ίὸαλον...
613 2964 748 3025 βαλόντων,
760 2964 895 3025 βαλομένων
907 2962 993 3011 codex.
1006 2962 1042 3012 Cf.
1054 2975 1108 3025 cap.
1123 2967 1161 3021 59,
1175 2968 1197 3011 2.
1210 2962 1221 3025 1]
1232 2965 1287 3023 -§
1300 2969 1323 3011 o.
1337 2962 1599 3027 βςύσας]πρύσαςοοιλ.
1611 2964 1622 3028 Ι]
1634 2965 1733 3015 -ἀπο-

132 3031 298 3097 λελειμμένων]
311 3034 489 3093 ἀπολιπομένων
498 3046 563 3095 πηςο.
575 3035 638 3082 Cum
648 3030 773 3081 Critobulo
783 3031 840 3081 saon
850 3034 931 3081 Duces
939 3046 963 3095 p.
976 3037 1029 3092 269,
1042 3037 1069 3082 tu
1081 3049 1087 3079 ι
1098 3031 1152 3081 τότε
1159 3034 1246 3093 ἀνέμου
1254 3033 1395 3090 πνεύσαντος
1407 3034 1469 3082 κατά
1479 3035 1510 3082 τὰ
1519 3034 1583 3083 ἱστία
1595 3037 1733 3095 φυσηθέντα,

134 3105 258 3167 αχλσαντες
273 3106 302 3151 τὰ
313 3106 387 3153 πλοῖα
399 3104 546 3167 (Turdorum
567 3104 613 3165 se.)
628 3106 669 3161 τὴν
683 3106 707 3152 in
723 3108 758 3166 τῷ
770 3105 844 3166 λιμένι
856 3104 909 3153 ὁδδν
924 3104 1019 3165 ἔπλεον,
1030 3104 1059 3151 τά
1078 3105 1102 3153 δέ
1120 3106 1192 3153 πλοῖα
1203 3104 1342 3165 έμειναν·εί
1355 3106 1400 3166 γάρ
1412 3104 1440 3165 ἦν
1452 3105 1581 3168 έμπροσθεν
1592 3108 1669 3155 αὐτῶν
1681 3105 1734 3155 τότε

131 3176 145 3223 ὁ
156 3174 238 3230 στόλος
247 3180 289 3223 τοῦ
300 3175 431 3237 βαρύάρου,
440 3176 547 3223 ἐδύναντο
554 3176 581 3223 ἂν
591 3178 616 3224 αλ
626 3176 695 3223 πέντε
703 3174 772 3223 αὗται
780 3180 831 3232 νῆες
842 3174 1012 3223 καταποντίσαι
1022 3176 1062 3222 καλ
1070 3174 1100 3223 τὰ
1108 3174 1240 3236 τριακόσια.
1251 3173 1328 3223 Aliter
1337 3173 1470 3223 Phrantzes
1478 3188 1502 3238 p.
1515 3181 1568 3237 250,
1578 3181 1593 3225 ³
1604 3196 1612 3225 ι
1623 3177 1734 3235 ἐλθούσης

132 3245 156 3293 et
165 3250 205 3301 τῆς
215 3246 295 3300 νυκτὸς
306 3245 329 3300 ἐξ
336 3244 437 3306 ἀνάγκης
450 3246 463 3293 ὁ
475 3245 557 3299 στόλος
571 3245 652 3307 μικρὸν
667 3244 810 3307 ἀνεχώρησε,
821 3245 862 3293 καὶ
880 3246 903 3292 ud
920 3248 972 3303 νῆες
986 3244 1104 3307 εὐκαιρίαν
1115 3243 1216 3306 εὸρόντις
1228 3246 1336 3302 εἰσῆλθον
1348 3245 1414 3305 ἐντῷ
1426 3246 1499 3304 λιμένι
1508 3245 1562 3293 ἀνευ
1575 3246 1665 3301 ούδενὸς
1677 3246 1733 3301 ἀπο·

132 3315 276 3371 πεπανθέντος,
288 3316 308 3361 ελ
319 3314 352 3375 μή
364 3330 433 3362 τινων
445 3313 528 3375 ὀλίγων
541 3315 684 3376 πληγέντων.
698 3312 836 3362 secundum
844 3311 981 3362 Barbarum
994 3326 1018 3376 p.
1034 3317 1063 3363 tt
1072 3326 1117 3376 per
1127 3315 1179 3363 tres
1187 3313 1238 3363 tere
1250 3311 1324 3361 hores
1337 3318 1470 3376 pugnaturn
1484 3316 1535 3373 ost,
1545 3316 1623 3363 marte
1634 3314 1734 3376 quidem

132 3382 255 3447 ambiguo,
269 3383 345 3432 sedin
357 3384 474 3445 mojorem
486 3383 603 3433 honorem
614 3396 698 3433 eorum
708 3383 750 3445 qui
760 3386 829 3432 tento
838 3384 974 3432 'furnorum
983 3394 1085 3433 numero
1092 3396 1140 3432 non
1153 3382 1343 3432 succubuerunt.
1352 3382 1446 3432 Deinde
1455 3384 1595 3433 Genuensee
1605 3384 1734 3447 ingruente

135 3456 206 3503 noete
218 3465 305 3503 versus
319 3454 417 3515 portum
428 3452 497 3501 urbis
509 3452 670 3513 contendunt,
684 3452 797 3502 timentes
808 3466 839 3502 ue
854 3452 1010 3515 insequentes
1021 3453 1105 3502 hostes
1120 3466 1226 3515 pugnam
1240 3464 1358 3501 renovare
1369 3452 1483 3509 audeaut.
1497 3455 1530 3503 Δί
1542 3453 1623 3503 solute
1634 3457 1732 3513 setene,

132 3523 263 3575 Gabrielus
275 3522 424 3573 Trevisonus
443 3526 468 3572 et
482 3522 625 3572 zaccharias
643 3522 726 3573 Grioni
740 3536 797 3572 oum
809 3522 888 3573 tribus
905 3523 993 3586 galeris
1002 3523 1104 3573 vernetis
1115 3537 1129 3572 e
1142 3526 1216 3586 portu
1228 3523 1319 3586 egressi
1341 3536 1417 3572 neres
1431 3523 1485 3572 ilias
1497 3527 1613 3585 quattuor
1625 3524 1733 3574 remuloo

131 3595 224 3643 tractes
238 3593 264 3642 in
280 3592 349 3643 urbis
367 3596 466 3655 portum
482 3592 563 3642 salves
580 3593 744 3642 deduxerunt.
757 3592 860 3643 Diverso
878 3593 952 3642 modo
973 3606 1025 3642 rem
1043 3594 1172 3642 edomavit
1189 3593 1349 3655 Possumne,
1364 3594 1479 3642 tuo-471.
1494 3596 1631 3643 Turdorum
1648 3595 1733 3645 classis

131 3664 263 3727 prefectus
281 3664 306 3712 in
319 3663 493 3727 Propontidem
507 3658 638 3727 promotus
651 3663 750 3713 Latinos
762 3664 832 3727 lubet
844 3663 965 3728 deponere
981 3664 1036 3712 vele
1055 3667 1081 3713 et
1093 3668 1159 3713 stare
1171 3668 1244 3713 rates.
1260 3664 1292 3712 lii
1312 3676 1370 3712 voro
1384 3676 1471 3727 perere
1485 3667 1586 3727 negent,
1599 3663 1643 3714 sed
1659 3667 1732 3714 rento

118 3732 233 3801 ,cerbere
245 3734 355 3797 pendunt
364 3736 390 3783 et
402 3746 503 3783 cursum
511 3733 635 3796 inceptum
646 3746 762 3797 peragere
772 3732 879 3784 student.
887 3734 1024 3797 Cinguntnr
1037 3733 1119 3795 itaque
1130 3732 1240 3782 hostiurn
1253 3732 1369 3795 navigiis,
1384 3732 1547 3796 proliumque
1561 3733 1731 3795 committitur,

133 3803 193 3854 dum
206 3807 291 3854 auster
301 3803 325 3851 in
334 3802 434 3867 puppim
448 3802 543 3865 spirens
554 3816 629 3853 nares
641 3804 718 3866 plenis
731 3802 792 3851 velis
804 3803 863 3864 tert,
875 3816 920 3852 nee
933 3804 993 3851 flare
1006 3801 1095 3851 desinit

425 3912 514 3953 stnreta
522 3907 592 3952 donee
600 3908 685 3953 statutt
693 3920 763 3963 ευριπ
772 3920 879 3963 equora,
890 3908 1007 3964 Bosporus
1014 3910 1091 3952 αεειαε

429 3970 499 4015 litura
511 3970 552 4014 ειθί
561 3974 659 4026 ρειπλυα
669 3968 769 4015 trituris.
782 3970 874 4014 Deserit
883 3969 935 4014 itote

428 4032 679 4085 pretereuntem
689 4031 756 4075 σιἰεαε
765 4031 808 4074 sut
819 4031 934 4074 οεαιιάὸυε
944 4031 1013 4074 areis.

427 4093 487 4137 Tum
498 4104 552 4137 uere
562 4093 669 4137 exoritur
677 4104 771 4149 ριιριιο,
780 4092 895 4137 decreuere
908 4092 1002 4135 remisso

427 4156 544 4199 Terrorem
553 4156 630 4200 enimi
641 4161 722 4209 vento,-
732 4155 936 4211 sepneeserseeque
945 4154 1044 4199 Latinos

423 4230 470 4261 non
481 4216 608 4263 duraturos
618 4220 689 4274 tonpo
699 4217 789 4262 dreaeere
801 4218 883 4262 labori.
925 4224 931 4239 ³

424 4280 540 4323 preterea
551 4280 753 4335 pudortncendtt.
765 4279 793 4322 de
806 4278 990 4332 ereremum

425 4340 490 4383 λααά
499 4341 580 4395 meent
591 4346 614 4385 et
623 4340 732 4397 princepe
742 4340 897 4383 Μεισλυιειιυε
905 4339 1008 4383 eorrettat
1019 4338 1074 4381 ιἰυε.

133 4434 193 4488 Post
207 4450 313 4499 pugnem
333 4436 477 4486 acerrimum
497 4437 528 4487 ed
545 4441 641 4489 noctem
661 4451 740 4501 usque
761 4438 906 4501 perductum
918 4438 1053 4485 Turdorum
1066 4448 1142 4484 nares
1154 4435 1241 4485 tenere
1252 4448 1279 4485 se
1292 4435 1477 4497 subduxerunt,
1490 4438 1632 4488 Genuenses
1647 4441 1730 4490 ευλειπ

134 4509 256 4557 venetum
268 4504 298 4554 de
307 4518 387 4569 puppe
396 4507 512 4556 rnriuetee
522 4506 547 4556 in
557 4510 653 4571 portum
666 4507 741 4557 saturo
753 4506 905 4571 perveniunt.
917 4532 949 4543 —
962 4504 1076 4555 Similiter
1089 4505 1230 4555 Leonnrdus
1241 4520 1265 4568 p.
1276 4510 1335 4564 322,
1350 4519 1427 4569 quum
1441 4508 1616 4558 Meehemetern
1629 4507 1654 4557 iu
1670 4509 1730 4560 colle

135 4577 242 4627 Perenst
256 4576 352 4626 stetisse
365 4580 526 4638 spectatorem
538 4576 617 4639 diem,
631 4590 736 4641 pugnem
753 4577 778 4626 in
791 4578 914 4639 Bosporo,
929 4589 977 4625 non
991 4588 1050 4626 vero
1062 4575 1087 4625 in
1103 4574 1262 4638 Propontide,
1276 4579 1407 4640 pugnatam
1421 4590 1476 4627 esse
1489 4578 1606 4627 statuisse
1614 4577 1697 4629 debet.

165 4647 225 4698 xil.
240 4646 255 4709 §
271 4652 291 4696 t.
304 4648 409 4709 σφοδρῶς
423 4646 457 4711 τε]
471 4664 497 4696 τε
509 4648 566 4697 add.
581 4662 646 4697 mun.
662 4654 683 4698 2.
699 4648 709 4712 Ι]
724 4676 750 4684 -
766 4650 805 4697 καλ
815 4649 901 4705 πλήξας
915 4648 955 4696 τὸν
969 4647 1041 4696 ίππον
1056 4648 1190 4711 ἀνεχώρησε
1204 4647 1311 4710 σιωπῶν]
1323 4648 1404 4697 Minus
1417 4648 1542 4699 moderate
1552 4661 1579 4697 se
1590 4649 1665 4711 gessii
1678 4664 1728 4702 sec.

135 4718 279 4770 Phrentzem
292 4732 317 4781 p.
330 4721 385 4777 nto,
401 4721 415 4767 7
430 4736 436 4766 .
452 4721 530 4781 μανεὶς
546 4721 586 4767 καὶ
598 4720 663 4781 θυμῷ
675 4720 780 4783 ληφθεὶς,
792 4720 940 4782 βρυχώμενος
951 4719 992 4767 καὶ
1004 4720 1057 4774 τοὺς
1070 4719 1165 4775 ὀδόντας
1175 4719 1257 4783 πρίζων
1269 4720 1345 4782 ύόρεις
1360 4720 1436 4783 ἐνέχει
1445 4722 1477 4775 εἰς
1490 4720 1543 4775 τοὺς
1557 4722 1640 4780 edroi,
1653 4721 1727 4773 δειλο-

136 4792 243 4854 καρδίους
253 4792 292 4838 καὶ
305 4790 455 4851 γυναικώδεις
464 4792 504 4840 καὶ
515 4791 636 4852 ἀνωφελεῖς
646 4790 780 4839 ἀποκαλῶν·
793 4792 833 4840 καὶ
846 4791 887 4839 τὸν
899 4790 972 4839 ίππον
986 4790 1105 4853 κεντρίσας
1121 4789 1189 4851 ἦλθεν
1206 4790 1269 4847 ἐντὸς
1283 4797 1323 4849 τῆς
1341 4790 1458 4848 θαλάσσης
1477 4792 1516 4838 καί
1530 4790 1668 4840 τάπλείονα
1683 4799 1729 4842 τῶν

134 4864 240 4927 χιτώνων
256 4862 329 4910 αὐτοῦ
346 4862 466 4925 ἐόάφησαν
479 4862 506 4911 ἐκ
523 4869 570 4911 τῶν
589 4868 628 4919 τῆς
643 4863 745 4929 ἁλμυρᾶς
762 4862 879 4920 θαλάσσης
897 4863 989 4911 ύύάτων
1049 4863 1096 4912 Καὶ
1117 4863 1223 4912 πλιῖστυι
1240 4860 1334 4923 ὁφιπιιοι
1350 4868 1384 4925 τῷ
1398 4863 1476 4924 ἀμηρᾷ
1492 4863 1532 4909 καὶ
1545 4862 1611 4911 αὐτοὶ
1629 4863 1729 4914 ἀκολου-

135 4936 224 4989 θοῦντες
244 4933 287 4989 ἓως
304 4936 352 4981 τῶν
364 4938 425 4991 νηῶν
439 4934 550 4995 λγγισαν.
570 4933 710 4983 Leonnrdus
722 4946 746 4995 p.
761 4934 806 4983 322
820 4951 826 4981 :
841 4930 1025 4997 blasphemat,
1039 4936 1114 4996 αγρεε
1128 4946 1223 4997 equum
1237 4934 1380 4996 insutum,
1394 4934 1550 4982 uestimenta
1567 4946 1626 4982 cum
1640 4933 1732 4998 surore

130 5004 289 5070 ¹eorrsoindit.
300 5004 415 5053 Similiter
425 5007 508 5054 Duces
516 5017 541 5069 p.
552 5008 606 5067 nott,
620 5007 647 5054 tt
659 5006 683 5053 et
697 5003 903 5067 Chelooooudylns
916 5018 939 5069 p.
951 5008 1006 5065 990,
1015 5011 1039 5054 t.
1047 5004 1112 5053 Nihil
1123 5004 1154 5055 de
1165 5004 1203 5053 his
1219 5004 1309 5067 legitur
1324 5017 1403 5068 neque
1418 5004 1485 5068 apud
1503 5003 1636 5055 Barbarum
1652 5020 1731 5070 neque

135 5076 160 5125 in
172 5074 274 5125 Pusouti
287 5073 404 5123 camnine.

165 5146 213 5209 §2
229 5147 270 5195 δύο
280 5146 320 5193 καὶ
331 5145 416 5209 sineri]
430 5144 568 5197 secundnm
579 5146 725 5197 Phrentzem
735 5148 761 5195 et
768 5146 920 5197 Leonerdum
933 5146 958 5195 in
968 5145 1038 5196 Italis
1050 5145 1155 5196 noviom
1170 5158 1202 5195 ne
1212 5158 1276 5195 unus
1287 5143 1386 5208 quidem
1395 5143 1539 5198 interiectus
1550 5151 1600 5210 est,
1610 5148 1732 5199 vulnerati
