3809 5859
418 372 670 435 MECHEMETIS
694 372 993 437 nonusnullum
1020 376 1261 456 (1152·14531).
1285 377 1343 456 C.).
1640 377 1679 440 63

77 508 147 571 ἐστέ·
160 505 219 567 ούδέ
232 504 284 584 γάρ
299 508 349 563 εἰσι
361 507 413 563 τῶν
430 504 499 563 πάνυ
514 507 654 576 παλαιῶν,
676 502 730 563 οὐδ’
743 496 785 563 οἷα
806 504 852 564 καῖ
908 506 1146 579 άπάτηςλαύόντες
1158 510 1251 584 αὐτοῦ,
1268 507 1299 567 τδ
1312 508 1361 585 μέν
1372 510 1476 587 πρῶτον
1489 508 1681 588 ἐκεῖθενδρμείε·

78 596 122 655 διδ
141 594 233 675 χρόνον
249 596 346 665 πλῆθος
361 594 517 671 λανθάνειν,
532 594 592 651 ἀλλ’
605 592 663 675 ὄψις
683 598 766 653 ταῦτα
782 617 852 673 μαρ·
907 617 981 671 μενοι
1003 594 1136 673 λῃστείαις
1148 618 1177 655 τε
1191 597 1307 675 ἐχρῶντο
1320 597 1366 656 καί
1380 596 1557 675 καταδρομαῖς
1569 597 1681 677 άρανέσι

76 694 150 764 τυρεῖ
161 687 212 742 τῶν
223 684 352 764 λεγόντων
369 682 499 757 μᾶλλανῆ
518 686 569 741 τῶν
591 682 709 761 ὁρώντων
725 681 792 753 άκοι]
808 684 853 761 βε·
906 684 951 741 καὶ
971 692 1128 762 προνομαῖς,
1152 684 1301 762 ληιζόμενοι
1320 682 1380 751 τοὺς
1398 683 1484 761 ἐγγύς.
1528 683 1561 762 (ε)
1582 683 1631 751 Ὦς
1652 686 1679 743 δὲ

78 772 150 832 θαιοῖ
157 817 165 850 ,
187 771 248 851 χθές
268 769 315 831 καί
333 769 425 851 πρώην
444 769 618 849 γεγενημένα.
664 771 701 848 (ε)
714 811 720 831 ι
731 768 850 850 Πάριστι
906 771 976 828 κατὰ
990 771 1083 851 μικρδν
1095 770 1228 853 προϊόντες
1241 772 1287 831 καλ
1302 772 1344 831 δεῖ
1356 772 1463 839 πλείους
1474 771 1618 849 γινόμενοι,
1633 772 1679 833 καί

77 858 130 939 γδρ
144 862 234 940 σαρῶς
248 858 287 918 ἐτι
300 857 347 918 καί
364 862 410 917 νῦν
428 860 491 939 δρᾶν
505 863 643 938 πανταχοῦ
655 862 702 930 τῆς
723 856 851 937 ἡμετέρας
906 880 965 915 τινα
985 861 1037 916 τῶν
1065 858 1186 935 ξύνεγγυς
1209 856 1353 938 ρρουρίων,
1373 857 1407 915 τδι
1426 856 1475 935 μέν
1492 856 1519 926 ἐξ
1537 858 1680 938 ἐπιδρομῆς
1752 904 1756 909 .

78 948 177 1025 σημεῖα
191 952 243 1007 τῶν
258 945 363 1007 ἐκείνων
377 944 461 1026 ἐργων
476 946 629 1023 δεικνύμενα
644 948 757 1027 ἐναργῆ,
772 944 850 1025 τείχη

79 1058 109 1095 τε
124 1035 251 1115 φρουρίων
272 1034 318 1095 καὶ
335 1034 438 1093 πόλεων
452 1030 512 1113 χθές
531 1032 576 1092 καῖ
591 1032 683 1111 πρώην
695 1054 848 1109 κατεσκαμ-

81 1122 181 1198 μένων,
195 1125 245 1199 γῆν
259 1144 287 1180 τε
303 1125 355 1188 τοῖς
373 1119 478 1180 ἐκείνων
494 1117 591 1196 αίμασι
614 1118 708 1200 σχεδὸν
732 1118 770 1177 ἐτι
790 1142 848 1199 ροι·

47 1278 51 1285 ἡ
80 1206 235 1285 νισσομένην
253 1208 298 1267 καλ
317 1205 482 1284 μεμιγμένην
498 1207 544 1265 καί
556 1205 643 1265 πολλὰ
657 1212 763 1265 τοιαῦτα
783 1203 852 1280 μνη-

79 1304 150 1373 μεῖα,
165 1295 232 1353 άττα
244 1292 374 1353 κάλλιστά
388 1298 435 1366 τῆς
451 1292 556 1353 ἐκείνων
573 1293 679 1373 άνδρίας
692 1292 739 1351 καῖ
756 1295 851 1371 ἐρατῆς

79 1383 183 1453 καὶτῆς
197 1383 223 1441 ἐν
238 1383 290 1447 τοῖς
302 1381 392 1448 δεινοῖς
404 1380 530 1461 εὐψυχίας
542 1380 691 1458 ἀείμνηστα
706 1378 852 1461 μαρτύρια·

79 1468 194 1550 τοσαύτη
209 1468 259 1550 γδρ
280 1469 373 1548 άνδρίορ
396 1470 482 1549 ψυχῆς
502 1468 548 1526 καί
570 1466 677 1546 γνώμης
702 1467 854 1547 στερεότητι

80 1554 125 1613 καῖ
141 1554 306 1634 φρονήματος
322 1552 454 1635 μεγαλείῳ
467 1553 529 1634 περὶ
541 1554 629 1612 πάντα
644 1553 805 1634 ἐχρήσαντο,
820 1556 853 1621 ῶς

80 1641 153 1710 nuel<
169 1642 195 1709 ἐξ
210 1644 307 1722 ἀρχῆς,
328 1644 358 1702 ἐκ
375 1642 445 1701 πάνυ
468 1646 569 1723 μικρῶν
589 1644 678 1723 ἀρχῶν
700 1646 748 1714 τῆς
771 1642 853 1699 δυνά-

80 1752 149 1803 μεως
155 1772 167 1807 ,
188 1732 224 1797 εἰς
248 1734 308 1789 νοῦν
330 1729 457 1810 βαλέσθαι
484 1731 603 1790 καθελεῖν
630 1728 680 1801 τὴν
705 1727 850 1805 Ῥωμαίων

80 1816 221 1893 ἠγεμονίαν
235 1817 281 1876 καί
301 1826 391 1876 πᾶσαν
409 1816 515 1877 ἐλπίσαι
527 1818 576 1892 τὴν
597 1822 643 1889 τῆς
659 1818 746 1886 Ἀσίας
757 1840 786 1876 τε
806 1818 852 1876 καὶ

81 1904 212 1983 Εὐρώπης
247 1904 345 1984 άρχήν·
373 1906 419 1965 καί
441 1906 558 1984 μέντοιγε
591 1908 639 1965 οὐκ
671 1905 852 1987 ἐψεύσθησαν·

81 1993 115 2070 (α)
132 1992 309 2072 Ὀρμηθέντες
318 1991 369 2071 γδρ
382 1991 431 2065 τὴν
446 1992 531 2074 ἀρχὴν
544 1992 596 2051 ἀπὸ
608 1996 661 2052 τῶν
675 1993 797 2059 Κιλικίας
808 1992 854 2052 καῖ
876 2014 877 2017 ’

80 2080 185 2160 Ταύρου
199 2083 265 2159 ὀρῶν
278 2079 346 2157 μετδι
362 2090 488 2161 σμικράς,
502 2080 566 2163 ὅπερ
580 2080 660 2162 ἔρην,
677 2081 785 2163 ἰσχύος,
806 2104 853 2157 με·

81 2168 172 2247 γίστου
199 2168 318 2248 μέντοιγε
339 2170 466 2247 λογισμοῦ
487 2170 533 2228 καὶ
557 2168 740 2251 φρονήματος,
765 2192 852 2229 κατα·

78 2255 202 2335 τρέχουσι
220 2254 267 2333 μέν
283 2254 356 2323 εὐθὺς
377 2256 478 2317 Λυκίαν
493 2256 712 2335 καδζΠαμρυλίαν
731 2258 776 2316 καί
802 2258 850 2331 τὴν

79 2344 135 2403 άνω
158 2342 296 2423 Φρυγίαν,
321 2342 546 2424 καταστρέφονται
564 2346 591 2403 δὲ
610 2343 722 2417 Λυδοὺς,
749 2348 852 2425 Κᾶρας,

77 2428 199 2503 Μυσοὺς,
215 2428 325 2510 Φρύγας
339 2430 398 2498 τοὺς
408 2430 494 2504 κάτω,
507 2428 613 2503 Ἴωνας,
626 2442 715 2492 πάσαν
728 2432 776 2506 τὴν
790 2433 853 2495 Ἑλ·

76 2514 187 2588 ληνικὴν
208 2516 358 2596 παραλίαν,
375 2517 414 2577 έτι
424 2517 452 2576 δέ
463 2524 611 2601 χειροῦνται
627 2521 759 2597 Γαλάτας,
778 2524 853 2583 Kon-

77 2604 195 2672 παδόιιας
202 2648 211 2679 ,
228 2604 420 2687 Παφλαγόνας,
432 2606 572 2681 Χάλυύας,
583 2607 721 2683 Βιθυνοὺς,
733 2608 851 2681 Ἑλλησ·

76 2692 209 2769 ποντίους,
222 2692 312 2759 ἅπλῶς
326 2694 408 2753 εἰπεῖν
424 2702 513 2754 πᾶσαν
526 2694 583 2766 ἣνδ
597 2698 703 2777 Ταῦρος
716 2697 787 2765 ἐντὸς
798 2699 851 2778 δρί·

77 2782 126 2853 ζει,
134 2779 315 2847 άπδΚιλικίας
323 2779 449 2860 παρήκων
460 2780 540 2860 μέχρι
550 2780 673 2854 Σινώπης
685 2787 732 2855 τῆς
743 2783 852 2863 πρδςτῷ

77 2866 196 2948 Εὐξείνῳ
207 2868 302 2947 πόντῳ,
314 2869 347 2942 ἣν
355 2869 387 2942 δὴ
397 2868 480 2930 Κάτω
488 2868 576 2929 Ἀσίαν
583 2870 673 2950 φασίν,
684 2871 753 2939 ἐντδς
762 2873 850 2950 ὀλίγον

78 2956 175 3035 χρόνον
188 2960 337 3036 χειροῦνται
348 2956 393 3015 καῖ
408 2957 451 3037 ὑφ’
463 2960 563 3025 έαυτοῖς
576 2957 689 3037 βεόαίως
704 2965 849 3019 ποιοῦνται.

79 3042 116 3124 (ε)
142 3046 329 3111 Καταστάντος
343 3043 370 3103 δέ
391 3042 475 3124 κύριοι
497 3044 592 3117 ταύτης
615 3045 720 3117 ἁπάσης
738 3046 784 3106 καῖ
804 3051 851 3119 τῆς

77 3130 213 3210 παραλίας
233 3134 328 3210 αὐτῆς,
344 3132 389 3191 καὶ
405 3136 458 3192 τῶν
474 3136 501 3193 ἐν
524 3136 590 3213 αὐτῇ
605 3134 707 3195 πόλεων
725 3134 849 3214 άρξαντες

75 3221 226 3300 ἐγκρατῶς,
248 3220 379 3299 βασίλειόν
400 3242 429 3279 τε
446 3220 496 3294 τὴν
525 3220 659 3301 Προυσίαν
679 3223 850 3296 καταοτησά·

76 3331 150 3383 μενοι
161 3308 322 3369 διαόαίνουσι
335 3310 378 3368 τδν
388 3308 584 3383 Ἑλλήσποντον
595 3310 764 3390 εὐαρίθμητοι
771 3311 850 3386 πάνυ,

75 3394 123 3455 άτε
131 3399 179 3456 οὐκ
190 3397 234 3457 ἐπὶ
245 3397 353 3479 πολέμῳ
365 3406 507 3479 προρανιῐ,
519 3400 578 3460 ἀλλ’
593 3401 636 3461 ἐπὶ
650 3400 762 3481 λῃστείᾳ
772 3424 853 3479 προσ·

74 3483 162 3563 καίρῳ
184 3506 214 3544 τε
234 3484 280 3543 καλ
299 3487 385 3567 κλοπῇ
409 3484 544 3554 διαθάντες
564 3487 610 3549 καὶ
624 3487 680 3563 άμα
695 3492 743 3561 τῆς
765 3487 850 3567 ταύτῃ

78 3571 216 3645 θαλάσσης
238 3572 395 3652 εἰργόμενοι,
411 3577 462 3633 τῶν
478 3573 620 3651 Ῥωμαίων
635 3576 675 3635 ἔτι
685 3574 851 3655 κρατούντων

78 3663 169 3732 αὐτῆς.
211 3658 247 3740 (ι)
261 3660 465 3727 Καταλαόόντες
487 3662 513 3721 δέ
535 3661 583 3736 τὴν
606 3662 690 3743 ἄκραν
709 3670 755 3723 τοῦ
776 3663 851 3743 όρουτ

77 3752 123 3807 τοῦ
138 3747 189 3827 πρδ
210 3755 256 3809 τοῦ
267 3748 384 3825 σήματος
397 3753 444 3820 πῶς
457 3746 559 3823 Ἕλλης
569 3749 615 3808 καὶ
640 3752 707 3828 [τοῦ]
722 3755 768 3823 τῆς
784 3752 853 3829 Χερ·

81 3835 195 3906 σονήσον
213 3839 308 3914 ἰσθμοῦ
323 3838 443 3914 κειμένου
457 3836 503 3896 καί
512 3836 631 3919 ρρούριον
644 3837 669 3905 ἐξ
683 3836 853 3919 ἐπιδρομῆς]

908 942 970 1022 βίᾳ,
985 944 1020 1003 τά
1033 943 1061 1003 δέ
1076 948 1166 1024 ἀπάτη
1188 946 1286 1012 έλόντες
1297 945 1462 1027 ἐκράτησαν,
1474 947 1520 1004 καῖ
1543 949 1567 1012 ἐς
1585 946 1615 1003 τὸ
1629 968 1679 1003 πε·

907 1032 962 1092 δίον
978 1033 1144 1109 κατέόησαν,
1161 1037 1273 1094 ἐνταῦθα
1290 1034 1382 1093 λοιπὸν
1398 1034 1485 1095 οὐκέτι
1500 1032 1572 1093 οὐδέν
1584 1025 1616 1105 ἦν
1633 1037 1681 1092 αύ-

906 1128 961 1188 τοῐς
974 1120 1114 1197 ἐμποδών,
1127 1121 1198 1182 άλλδ
1212 1121 1290 1180 πεδία
1301 1144 1331 1180 τε
1344 1122 1430 1201 είχετο
1444 1121 1491 1181 καλ
1505 1126 1595 1199 κῶμαι
1607 1123 1681 1204 διηρ-

906 1206 1021 1276 πάζαντο
1041 1208 1089 1267 καὶ
1100 1208 1189 1276 πόλεις
1204 1209 1342 1281 ἡλίσκοντο
1360 1212 1405 1268 καὶ
1419 1209 1531 1290 φρούρια
1551 1212 1681 1271 κατεσκά-

910 1318 990 1356 πτετο
1007 1295 1052 1356 καῖ
1077 1297 1263 1376 στρατεύματα
1276 1304 1376 1372 ἡττᾶτο
1395 1298 1442 1358 καὶ
1461 1298 1523 1377 γένη
1537 1300 1621 1360 πολλδι
1636 1300 1681 1361 καί

907 1385 1012 1463 μεγάλα
1024 1388 1174 1467 ἐχειροῦτο,
1184 1386 1230 1445 καί
1245 1390 1341 1465 βραχεῖ
1350 1387 1421 1466 λόγῳ
1431 1388 1621 1467 κατατρέχουσι
1632 1388 1679 1466 μὲν

907 1474 955 1531 ούκ
965 1474 993 1531 ἐν
1003 1475 1094 1552 πολλῷ
1105 1473 1192 1553 χρόνῳ
1207 1473 1316 1554 Θράκην
1327 1475 1432 1535 άπασαν
1444 1475 1489 1533 καὶ
1501 1478 1680 1553 Μακεδονίαν,

905 1560 1130 1641 καταστρέφονται
1139 1561 1166 1620 δέ
1175 1562 1282 1629 Μντοδς
1293 1562 1352 1630 τούς
1365 1566 1430 1623 τεέν
1444 1588 1479 1642 τη
1490 1564 1616 1647 μεσογείῳ
1632 1568 1677 1626 καί

906 1648 1021 1731 πρδςτῷ
1033 1644 1132 1730 Ἴστρῳ
1152 1651 1302 1723 οἰκοῦντας,
1326 1650 1366 1709 ἔτι
1387 1649 1415 1708 δέ
1429 1649 1585 1731 Ἰλλυριοὺς,
1611 1656 1679 1733 Τρι-

909 1735 1038 1814 όαλλοθς,
1053 1733 1190 1808 Ἕλληνας
1208 1736 1275 1796 άλλα
1293 1760 1322 1797 τε
1341 1739 1404 1814 γένη
1421 1736 1681 1819 πολλά,χειροῦνται

907 1814 934 1875 δέ
948 1815 1059 1897 φρούρια
1075 1816 1175 1896 ἐρυμνά
1194 1817 1240 1875 καὶ
1260 1817 1348 1883 πολεις
1363 1817 1462 1883 πολλδς
1482 1818 1529 1876 καί
1549 1819 1682 1894 μεγάλας,

906 1901 955 1970 τδις
968 1902 1017 1980 μέν
1035 1908 1064 1963 ἐν
1078 1910 1112 1981 τῇ
1125 1905 1264 1984 μεσογείῳ,
1284 1902 1332 1971 τδις
1351 1904 1380 1962 δέ
1397 1905 1425 1961 ἐν
1438 1909 1472 1984 τῇ
1491 1904 1612 1985 παραλίῳ
1628 1930 1682 1967 κει·

908 1988 1000 2067 μένας.
1042 1990 1076 2072 (7)
1094 1991 1150 2077 ίίαῖ
1164 1991 1189 2049 τί
1206 1993 1245 2049 δεῖ
1259 1991 1349 2057 πόλεις
1362 1990 1409 2051 καὶ
1425 1989 1485 2065 ἔθνη
1500 1990 1681 2072 καταλέγοντα

907 2077 1067 2156 δεατρίῦεινς
1081 2086 1169 2138 πᾶσαν
1183 2077 1216 2150 ἣν
1232 2082 1248 2138 δ
1259 2075 1365 2158 Ἴστρος
1376 2076 1448 2145 ἐντδς
1458 2077 1550 2157 ὁρίζει,
1568 2079 1620 2139 άπδ
1630 2083 1681 2138 τῶν

907 2164 1023 2223 ἐκύολῶν
1039 2168 1117 2227 αύτοῦ
1131 2169 1182 2224 τῶν
1203 2165 1268 2247 πρὸς
1280 2166 1324 2227 τδν
1336 2164 1459 2235 Εὔξεινον
1470 2165 1565 2225 πόντον
1585 2165 1682 2225 ἐνιόνιι

907 2255 988 2333 μέχρι
1000 2257 1052 2313 τῶν
1067 2254 1183 2314 ἐσόολῶν
1200 2253 1273 2315 Σάον
1287 2257 1339 2312 τῶν
1354 2256 1380 2321 ἐς
1394 2252 1489 2325 αὐτὸν,
1505 2254 1624 2311 κάκεῖθεν
1639 2254 1682 2313 διδ

906 2344 954 2411 τῆς
971 2340 1108 2418 μεσογείας
1129 2340 1194 2400 ἐόντε
1212 2339 1309 2419 μεταξὺ
1323 2340 1437 2421 Ἴστρων
1456 2363 1485 2399 τε
1501 2340 1547 2399 καὶ
1565 2343 1681 2419 Δαλμα·

906 2430 959 2487 τῶν
973 2428 1096 2488 Παιόνων
1107 2452 1137 2487 τε
1155 2432 1208 2487 τῶν
1222 2429 1292 2495 ἐντδς
1306 2428 1379 2489 Σάον
1396 2429 1443 2487 καί
1458 2426 1594 2508 Ἰλλυριῶν
1616 2429 1681 2508 πρὸς

907 2516 1076 2595 μεσημόρίαν
1096 2515 1142 2575 καί
1162 2516 1234 2577 νότον
1252 2516 1348 2591 άνεμον
1361 2515 1454 2595 μέχρις
1465 2513 1566 2582 Ἰωνίαν
1581 2516 1681 2576 κόλπον

905 2605 1056 2685 χειροῦνταί
1087 2628 1116 2663 τε
1152 2603 1264 2683 βεόθίως
1295 2605 1342 2663 καὶ
1376 2602 1602 2683 καταστρέφονται
1636 2605 1681 2662 καὶ

907 2695 987 2775 φόρου
1007 2698 1143 2753 ποιοῦνται
1157 2696 1290 2761 ὑποτελεῖς
1304 2694 1406 2760 πάντας
1421 2692 1480 2759 τοῖος
1494 2695 1521 2751 ἐν
1536 2694 1619 2769 αὐτῇ,
1634 2692 1677 2760 ξύν

906 2786 995 2850 αὐτοῖς
1011 2780 1039 2839 δέ
1052 2780 1099 2840 καὶ
1109 2780 1169 2849 τοδς
1180 2782 1264 2862 πέραν
1276 2785 1322 2841 τοῦ
1331 2778 1439 2861 Ἴστρου
1450 2778 1545 2851 Γέτας,
1555 2782 1583 2837 ού
1600 2781 1678 2857 μόνον

908 2871 947 2943 δέ,
963 2868 1089 2929 ἀλλὰκαὶ
1102 2880 1192 2929 πᾶσαν
1206 2869 1255 2941 τὴν
1265 2868 1397 2950 παραλίαν
1413 2871 1508 2940 αὐτῆς,
1522 2867 1593 2939 πλήν
1605 2891 1636 2946 γε
1649 2866 1680 2939 δὴ

905 2958 1120 3031 Πελοποννήσου,
1134 2956 1200 3039 ύπέρ
1213 2958 1273 3026 τοὺς
1287 2958 1394 3037 μυρίους
1405 2956 1525 3023 σταδίους
1538 2955 1680 3035 περίπλουν

906 3045 1030 3127 έχουσαν.
1075 3049 1108 3124 (υ)
1125 3050 1220 3108 Ταῦτα
1235 3046 1261 3104 δέ
1274 3047 1321 3105 οῦκ
1333 3043 1448 3123 άμογητῖ
1461 3041 1519 3122 μέν,
1531 3043 1586 3102 οὐδ’
1599 3045 1634 3110 ώς
1649 3044 1680 3103 οἷν

904 3158 943 3201 τις
954 3134 1044 3202 ἁπλῶς
1055 3134 1158 3195 ἐπέλθοι
1172 3137 1210 3213 τῷ
1220 3134 1298 3213 λόγῳ,
1310 3134 1365 3193 οὐδ’
1371 3132 1434 3191 άνευ
1440 3131 1642 3208 ἐναντιωμάτων
1652 3155 1680 3191 τε

905 3224 951 3284 καλ
965 3222 1129 3298 κωλνμάτων
1139 3227 1192 3283 τῶν
1207 3221 1354 3300 μεγίστων,
1369 3222 1424 3279 οὐδ’
1434 3219 1566 3296 ἀναιμωτί
1575 3219 1621 3278 καῖ
1630 3244 1681 3279 κιν·

907 3312 988 3371 δύνων
997 3310 1080 3392 χωρίς
1094 3310 1172 3390 ἔσχον
1184 3333 1213 3369 τε
1220 3308 1268 3380 τὴν
1278 3308 1363 3389 ἀρχὴν
1373 3308 1419 3367 καί
1427 3306 1589 3367 διεσώσαντο
1601 3306 1682 3387 μέχρ.

906 3408 969 3475 νῦν,
984 3396 1052 3459 ἀλλά
1072 3397 1140 3476 μετδ
1157 3400 1263 3458 πολλῶν
1278 3397 1413 3476 αἱμάτων,
1427 3398 1533 3455 πολλῶν
1552 3396 1581 3455 δέ
1596 3418 1682 3477 τραυ-

908 3489 1016 3565 μάτων,
1030 3488 1135 3545 πολλῶν
1151 3486 1177 3545 δέ
1191 3485 1307 3567 ἱδρώτων
1322 3484 1367 3545 καῖ
1380 3483 1475 3544 πόνων.
1519 3484 1551 3563 (ν)
1565 3484 1618 3542 Καὶ
1629 3482 1681 3564 γδρ

907 3574 1027 3656 καλγένη
1045 3574 1131 3635 πολλὰ
1145 3575 1190 3633 καί
1211 3574 1314 3653 μέγαλα
1329 3572 1356 3632 έν
1369 3596 1398 3630 τε
1414 3570 1488 3650 Ἀσίῳ
1504 3571 1551 3629 καί
1564 3572 1679 3649 Εὐρώπη

908 3664 1012 3726 ἐναντία
1025 3662 1125 3729 τούτοις
1136 3659 1205 3721 ύπλα
1219 3663 1316 3743 ἤραντο
1331 3660 1377 3720 καῖ
1388 3662 1517 3738 λαμπρῶς
1529 3657 1595 3737 ὑπέρ
1608 3662 1680 3717 ἔλευ-

909 3752 995 3833 θερίας
1017 3750 1182 3830 ἠγωνίσαντο
1201 3750 1280 3830 μέχρι
1301 3747 1413 3809 θανάτου
1432 3749 1478 3807 καὶ
1496 3752 1555 3824 μετ’
1571 3750 1682 3827 ἐρατῆς,

910 3838 956 3898 καλ
970 3838 1059 3904 πόλεις
1070 3840 1097 3897 ἐν
1113 3838 1198 3904 αὐτοῖς
1212 3834 1309 3896 πολλαὶ
1329 3834 1375 3894 καὶ
1392 3834 1508 3912 μεγάλαι
1523 3833 1569 3893 καλ
1581 3834 1681 3914 τείχεσι

80 4075 106 4124 ἐν
120 4076 174 4139 τῇδε
192 4082 222 4139 τῇ
240 4082 281 4126 νῦν
293 4075 397 4139 μάλιστα
415 4076 573 4139 καθεστηκυίᾳ
589 4076 669 4141 ἡλικίᾳ
680 4072 819 4139 τυγχάνετε]
839 4075 877 4124 cl.
889 4071 1001 4135 Thucyd.
1012 4078 1036 4128 2,
1053 4074 1091 4127 311,
1105 4073 1120 4119 11
1132 4070 1157 4120 ln
1169 4067 1270 4118 Periclis
1286 4067 1397 4117 oratione
1413 4071 1495 4129 ιήμεῖς
1505 4068 1552 4117 οῖδε
1565 4071 1588 4117 οἱ
1596 4073 1636 4117 νῦν
1650 4069 1685 4117 ἐτι

79 4145 144 4201 ὄντες
154 4145 254 4207 μάλιστα
262 4148 287 4195 ἐν
295 4153 325 4211 τῇ
340 4148 499 4210 καθεστηκυίᾳ
507 4147 595 4211 ἡλικία,
613 4146 623 4210 Ι]
637 4147 788 4209 -ᾰλλ’ύψις
807 4144 895 4208 ταῦτα]
912 4144 951 4193 Ob
964 4141 1050 4191 oeulos
1065 4142 1152 4190 auctor
1169 4138 1255 4205 nouit
1275 4138 1352 4221 veroa
1369 4136 1520 4201 Thucydidis
1534 4144 1556 4197 1,
1574 4142 1613 4198 73,
1628 4146 1642 4189 2
1657 4139 1683 4187 in

81 4216 193 4266 oratioue
213 4216 349 4280 legatorum
372 4218 553 4268 Atheniensium
571 4238 577 4268 ε
599 4220 629 4268 τά
642 4219 683 4281 μὲν
692 4218 753 4269 πάνυ
767 4218 857 4267 παλαιὰ
876 4215 899 4265 τί
915 4216 950 4264 δεῖ
967 4216 1058 4274 λέγειν,
1071 4213 1104 4262 ὧν
1121 4212 1181 4287 ἀκοὴ
1200 4211 1286 4273 μᾰ>λον
1305 4210 1383 4270 λογων
1405 4209 1516 4273 μάρτυρες
1538 4209 1625 4272 illo<
1637 4216 1685 4259 τῶν

81 4284 257 4335 ἀκουσομένων.
271 4285 282 4349 1]
294 4313 325 4324 -
338 4288 354 4351 §
371 4294 385 4337 2
395 4287 609 4351 κατεσκαμμένων]
626 4287 665 4337 Sic
674 4301 761 4336 munus
772 4294 836 4346 2,...
851 4288 892 4335 ένα
901 4299 936 4335 m..
950 4282 993 4346 1.]
1004 4281 1202 4345 -άετα]ἐυμειι
1210 4278 1339 4342 scriplum.
1350 4277 1361 4342 Ι]
1371 4306 1390 4315 -
1410 4277 1459 4341 53.
1468 4280 1524 4342 ὅπερ
1533 4278 1599 4344 έρην]
1609 4278 1682 4329 τελέειν

80 4356 161 4419 ὥσπερ
170 4356 210 4405 vel
224 4368 256 4405 ex
272 4360 341 4407 more
353 4358 436 4408 Nostri
450 4358 509 4422 ἢπερ
524 4358 608 4423 [μην]
624 4382 654 4395 -
665 4359 782 4423 Ταῦρος...
798 4358 911 4421 παρήκων
922 4356 991 4418 μέχρι
1004 4352 1128 4416 Σινώπης]
1144 4351 1252 4401 Eandem
1263 4348 1294 4398 de
1308 4349 1384 4399 Tauri
1392 4353 1475 4400 lruolu
1488 4350 1628 4412 opinionem
1644 4362 1683 4399 re·

81 4425 143 4488 pellt
157 4424 200 4475 lib.
213 4429 237 4486 4,
249 4438 271 4476 o.
284 4430 309 4485 4,
321 4434 344 4476 2.
362 4426 372 4489 Ι]
386 4458 415 4469 -
432 4428 447 4491 §
463 4431 488 4478 4.
507 4428 626 4492 βασίλειόν
638 4429 714 4486 τετὴν
733 4428 852 4492 Προυσίαν
872 4422 1055 4487 καθιστάμενα]
1066 4422 1153 4473 Paullo
1165 4424 1325 4485 postumum
1343 4424 1417 4480 13211,
1432 4432 1483 4482 quo
1501 4432 1566 4469 enno
1580 4419 1640 4469 urbe
1649 4419 1685 4486 μθ

81 4494 198 4545 Unchane
217 4495 265 4545 sub
285 4498 389 4547 osmene
409 4500 420 4548 1
438 4510 494 4561 rogo
513 4501 584 4562 euple
596 4502 642 4548 est.
658 4498 713 4548 Vid-
735 4496 880 4547 Seadeddin.
896 4500 917 4555 1,
932 4508 958 4559 p.
979 4497 1018 4543 23.
1033 4493 1121 4544 obiter
1135 4506 1188 4542 nem
1207 4491 1344 4540 memorant
1356 4488 1497 4552 Byzantini,
1517 4488 1683 4552 Nioephorus,

80 4564 289 4628 chuleooondylas
302 4567 327 4615 et
338 4566 477 4619 Phruntees.
491 4568 529 4618 cl.
553 4568 678 4619 Zinleinen
689 4569 704 4618 l.
718 4568 735 4617 l.
748 4573 768 4631 1,
779 4582 804 4632 p.
820 4574 859 4619 95.

88 4697 93 4705 ὁ
113 4634 162 4698 §5.
175 4636 225 4698 Πρδ
240 4640 282 4685 τοῦ
295 4638 398 4700 σήματος
411 4644 452 4697 τῆς
470 4637 571 4701 Ἕλλης]
589 4638 669 4689 schol.
683 4638 792 4703 Apollon.
802 4638 883 4690 Rhod.
902 4644 925 4697 2,
944 4639 1003 4685 1144
1020 4655 1027 4684 ε
1039 4637 1183 4694 Τελευτῆσαι
1200 4636 1225 4684 δέ
1248 4636 1290 4694 τὴν
1306 4635 1392 4691 Ἕλλην
1413 4632 1475 4681 κατὰ
1491 4630 1604 4686 Πακτύην
1615 4629 1684 4690 φησὶν

79 4706 223 4762 'emotum
242 4708 331 4770 Ρεοῑγε
342 4710 424 4757 aulem
444 4708 477 4758 nd
489 4708 609 4759 isthmum
623 4707 769 4759 chersonesi
779 4709 903 4759 Thracium
923 4706 971 4756 sile
986 4710 1032 4757 est.
1052 4710 1088 4756 Ee
1104 4706 1129 4756 in
1148 4705 1244 4767 regione
1259 4705 1333 4755 Turni
1355 4718 1395 4754 an.
1413 4707 1472 4752 1350
1495 4699 1622 4751 castollum
1631 4710 1684 4747 mu·

82 4776 194 4825 ultimum
213 4779 381 4839 occuparunt,
395 4780 424 4827 30
443 4778 495 4828 lere
514 4778 594 4828 slodiu
615 4791 630 4828 ε
647 4778 756 4843 callipoli
769 4779 879 4838 distans,
892 4776 961 4841 quod
976 4778 1087 4840 szmpe
1097 4789 1137 4839 ap.
1151 4777 1281 4825 Guntneuz.
1294 4777 1337 4836 lv,
1353 4779 1393 4831 33,
1409 4774 1511 4821 clunem
1527 4784 1566 4833 up.
1580 4767 1686 4818 sennen·

82 4846 134 4895 diu.
148 4858 213 4895 vers.
228 4846 349 4906 Βιαιυίῑῖ,
366 4860 431 4897 nuno
443 4845 536 4899 Tchiol
546 4848 586 4899 vel
601 4848 675 4899 eliam
694 4848 861 4901 uelamento
878 4850 991 4899 vocatur.
1004 4851 1073 4896 Anno
1086 4845 1200 4910 sequenti
1213 4846 1267 4909 ipse
1278 4846 1352 4896 elium
1365 4842 1473 4906 callipoli
1481 4840 1553 4904 potiti
1574 4841 1640 4887 sunl.
1654 4840 1684 4887 v.

81 4914 210 4965 zinleisen
223 4917 243 4977 l,
258 4928 284 4979 p.
298 4922 342 4966 2ου
354 4929 409 4980 sqq.
423 4916 434 4982 Ι]
446 4948 477 4961 -
487 4924 530 4968 τοῦ
538 4924 578 4976 τῆς
594 4918 772 4982 Χερσοννήαον]
781 4924 823 4969 τοῦ
837 4918 934 4977 eddium
947 4916 1006 4967 olim
1018 4916 1094 4966 ellum
1104 4916 1129 4965 in
1139 4915 1223 4965 codiee
1235 4914 1309 4964 luerit
1318 4952 1324 4975 ,
1333 4926 1410 4977 quum
1420 4913 1477 4960 ante
1485 4915 1525 4967 τῆς
1532 4909 1638 4958 duarum
1647 4907 1687 4987 vel

82 4986 161 5035 trium
174 4984 301 5034 literarum
311 4986 418 5048 spetlum
427 4986 581 5038 vacuumeil.
597 4987 608 5050 Ι]
620 5015 649 5029 -
658 4987 673 5050 §
681 4994 703 5037 o.
715 4988 874 5052 ξύνεγγνς]εἰο
885 5002 919 5037 m.
929 4994 952 5047 2,
963 4986 1031 5049 ἐγγὺς
1039 5000 1073 5035 m.
1087 4992 1108 5035 1.
1123 4985 1134 5050 Ι]
1142 4986 1201 5041 ..ἐξ
1211 4984 1336 5047 ἐπιδρομῆς
1347 4978 1476 5041 illelmi]
1486 4976 1598 5042 Amplflm
1608 4975 1687 5026 (10¹1ss

84 5054 248 5116 nemllonem
263 5052 340 5103 nabes
351 5055 417 5118 opud
427 5054 572 5106 sendeddln.
588 5068 612 5119 p.
624 5060 652 5105 61
667 5070 704 5118 sq.
717 5057 728 5120 Ι]
740 5058 837 5107 *oilie
845 5074 870 5107 τε
880 5060 935 5120 γε’νη
947 5055 1032 5119 πολλὰ]
1040 5058 1099 5105 Hoc
1111 5056 1137 5104 in
1147 5054 1256 5118 margine
1267 5052 1399 5102 adduntur.
1418 5048 1428 5112 ΙΙ
1443 5046 1528 5109 -§7.
1548 5047 1649 5127 ἼστρωνΙ
1662 5062 1688 5095 τε

82 5126 123 5171 καὶ
136 5123 283 5188 Δαλματῶν]
297 5138 323 5173 ιιι
333 5124 444 5188 margine
461 5125 594 5176 adduntur.
612 5126 623 5190 ΙΙ
636 5154 668 5163 -
684 5127 699 5189 §
719 5132 788 5176 υτοῡ
805 5129 901 5192 πρόσω]
918 5127 1001 5177 Verba
1015 5125 1157 5176 transducit
1178 5124 1241 5175 linei
1254 5122 1343 5182 deleta,
1353 5118 1414 5171 adeo
1423 5120 1450 5169 ut
1463 5117 1490 5168 in
1502 5118 1579 5168 είλετο
1595 5128 1689 5178 ιοωοι,

83 5194 129 5254 qni
142 5206 200 5245 cum
210 5198 296 5244 nostro
307 5194 411 5245 collatus
424 5198 476 5258 est,
493 5210 540 5246 non
552 5196 675 5247 exstitisse
686 5196 825 5247 videantur.
