3809 5859
194 432 220 499 δς
234 430 365 501 δλλήλοος
375 430 424 489 καὶ
435 430 481 489 τόν
493 429 597 507 ’δασμόν
611 430 750 491 ἀπεδίδουν
767 433 814 491 καί
829 433 965 514 νεισσίριιν

192 518 356 597 πραγμάτων
376 518 427 596 οθχ
446 516 576 589 ήπτοντο,
597 516 743 596 ε’τόγχανον
759 518 805 577 καλ
822 520 897 579 αθτοί
921 525 968 580 τοῦ

192 607 322 687 βασιλέως
339 607 481 684 εἰρηνικοῦ·
497 605 553 665 ἔπελ
567 605 595 663 δὲ
610 604 686 665 αιίτοί
697 628 727 663 τε
738 608 765 664 ἐν
779 608 903 677 ἀλλήλοις
913 608 967 666 διε·

192 694 339 754 στασίασαν
353 694 399 753 καί
413 695 457 752 τὸν
472 692 572 769 δασμόν
586 697 617 753 οὐ
630 694 700 752 πάνυ
713 693 809 774 ῥαδίως
824 705 967 776 παρεῖχον,

192 781 257 861 πρός
277 802 306 839 τε
320 780 380 848 τοὺς
401 780 600 859 πλησιοχώρους
623 784 708 847 αὐτοῖς
723 783 839 859 βασιλεῖς
861 787 913 841 τῶν
937 805 966 841 τε

189 868 405 947 Τιγρανοκέρτων
424 868 470 926 καί
487 866 628 945 Ἀρμενίων
647 867 692 926 καὶ
715 868 816 938 Μήδων
837 868 965 930 Χοισάνεα

189 955 234 1014 τὸν
248 958 274 1015 Τ
275 956 382 1033 ομήριος
394 955 440 1013 καλ
451 953 483 1026 δὴ
498 954 544 1013 καὶ
559 953 669 1033 Ἰῦήρων
685 958 829 1033 ἐπιγαμίαν
842 958 963 1038 ἔχοντες,

188 1043 293 1101 ίδόκουν
305 1042 442 1121 καινότερά
457 1064 515 1101 τινα
530 1044 654 1121 πράττειν
672 1044 718 1102 καὶ
733 1050 861 1124 νεοχμοῦν
876 1048 903 1113 ἐς
915 1044 964 1111 τδς

189 1130 258 1209 μιτδι
271 1136 318 1190 τοῦ
334 1130 462 1210 βασιλίδος
479 1130 594 1199 σπονδὰς
608 1133 647 1211 (οὐ
662 1131 714 1211 γὰρ
728 1133 868 1192 ἐλάνθανον
879 1138 965 1192 ταῦτα

188 1222 349 1293 ποιοῦντες),
362 1224 507 1291 τηνικαῦτα
518 1217 551 1291 δή
560 1220 630 1276 καὶὸ
643 1219 765 1299 βασιλεὺς
779 1222 844 1301 ὀργῇ
858 1220 965 1299 ληφθείς

187 1305 236 1379 τήν
252 1306 423 1385 ἐκστρατείαν
436 1310 496 1365 κατ’
512 1307 597 1364 αὐτῶν
612 1308 742 1385 ἐποιεῖτο,
752 1306 966 1388 προκαταλαῦεῖν

186 1418 216 1453 τε
230 1396 277 1455 καλ
291 1403 489 1475 προκατασχεῖν
507 1394 613 1462 τούτους
629 1396 786 1475 βουλόμενος
796 1396 858 1478 πρίν
872 1420 899 1457 τι
917 1397 964 1457 καί

186 1484 311 1564 νεώτερον
325 1482 432 1563 πρᾶξαι.

227 1572 268 1635 li.
288 1571 564 1653 Παρασκευασάμενος
574 1562 618 1631 οῦν
627 1576 757 1650 χειμῶνος
766 1575 863 1645 καλῶς,
871 1573 962 1647 ἐπειδή

172 1660 234 1741 ,ἐαρ
248 1662 389 1741 ὑπέφαινεν
409 1659 476 1733 ήδη,
490 1664 584 1742 πρῶτα
598 1659 646 1737 μὲν
667 1660 713 1718 τόν
736 1660 805 1720 κατόι
824 1664 963 1723 θάλασσαν

188 1750 281 1809 στολου
307 1749 428 1828 ε’ξήρτυεν
450 1752 476 1815 ἐς
500 1748 656 1827 ἀναγωγήν·
678 1740 746 1820 ἦσαν
768 1750 795 1807 δὲ
818 1750 967 1828 τριακόσιαι

186 1836 303 1914 μάλιστά
327 1859 378 1896 που
400 1840 452 1895 τῶν
483 1839 547 1895 νεῶν
571 1836 757 1915 στρατιώτιδες
783 1837 829 1895 καὶ
852 1837 967 1916 μάχιμοι

185 1924 299 2004 τριήρεις
325 1946 353 1981 τε
371 1924 471 2003 μακραὶ
485 1923 531 1982 καί
546 1924 746 2003 πεντηκόντοροι
760 1923 806 1983 καλ
819 1925 900 1983 πλοῖα
913 1948 966 1983 κα-

186 2014 327 2093 τάφρακτα
340 2010 427 2092 παρὲκ
441 2014 492 2070 τῶν
516 2015 691 2093 σκιυαγωγῶν
706 2012 751 2071 καί
768 2014 820 2069 τῶν
836 2012 966 2092 φερόντων

186 2100 234 2168 τίς
248 2099 371 2180 μηχανάς
400 2103 452 2157 τῶν
468 2124 497 2158 τι
515 2100 573 2159 κατ’
585 2099 727 2179 ἐμπορείαν
742 2097 759 2169 ἢ
774 2097 865 2178 χρείαν
880 2099 964 2172 ἄλλην

176 2189 393 2271 ’άφικνουμόνωκ
437 2188 469 2268 [a]
484 2188 610 2261 Ἐνίθηκε
623 2188 647 2247 δ’
659 2189 750 2255 αὐτοῖς
762 2189 832 2246 ὅπλα
849 2196 963 2246 παντοῖα

185 2276 232 2336 κοιλ
245 2278 371 2347 πλεῖστα,
392 2275 506 2342 ἀσπίδας
520 2298 549 2333 τε
569 2275 616 2334 καὶ
629 2273 733 2356 θυρεοὺς
747 2275 792 2334 καὶ
814 2276 898 2353 κράνη
918 2274 964 2333 καί

185 2366 350 2446 δόρατα,ἔτι
374 2364 402 2423 δὲ
421 2363 541 2445 θώρακάς
563 2386 592 2423 τε
615 2365 661 2423 καὶ
683 2364 791 2424 άκόντια
812 2362 858 2422 καί
880 2367 963 2443 βελῶν

186 2454 317 2534 διαφόρων
328 2450 396 2511 πολό
406 2474 432 2509 τι
441 2456 536 2533 χρῆμα
550 2454 602 2510 τῶν
616 2475 644 2511 τε
657 2452 711 2511 ἀπὸ
722 2452 803 2520 τόξων
816 2451 963 2533 ἀφιεμένων

184 2541 231 2602 καλ
242 2544 293 2599 τῶν
306 2540 392 2599 ἄλλοιν
404 2544 531 2619 μηχανῶν
546 2538 593 2599 καλ
602 2538 635 2611 δὴ
651 2540 697 2599 καί
712 2540 840 2621 ἀφετήρια
851 2542 963 2599 πλεῖστα

187 2629 233 2687 καί
256 2627 342 2687 πολλὰ
368 2630 437 2687 άλλα
465 2633 517 2688 τῶν
543 2630 567 2696 ἐς
591 2630 767 2709 τειχομαχίαν
795 2628 960 2701 ἐπιτηδείων.

186 2714 343 2786 Ἐνεόίόαζε
357 2716 384 2777 δὲ
399 2719 446 2778 καὶ
465 2717 561 2797 ἄνδρας
582 2716 623 2777 ότι
642 2719 780 2784 πλείστους
799 2716 962 2797 εὖρωστοτά·

183 2829 242 2873 τους
252 2829 281 2864 τε
293 2805 339 2865 καλ
348 2806 545 2872 εὖοπλωτάτους
558 2806 604 2863 καί
617 2804 651 2864 τό
661 2805 725 2886 πρὸς
736 2808 851 2882 πόλεμον
863 2808 961 2872 ἱκανῶς

184 2896 445 2975 παρεσκευασμένους
459 2894 505 2953 καλ
518 2892 739 2972 ἐμπειροτάτους,
755 2892 900 2965 ἐπιστήσας
913 2896 960 2953 αιἰ-

184 2992 237 3049 τοίς
250 2982 296 3041 κοιλ
310 2984 442 3059 ήγεμόνας
455 2988 502 3043 τοῦ
516 2981 610 3043 στολου
624 2980 721 3048 παντὸς
736 2980 782 3040 καὶ
796 2980 959 3061 στρατηγοὺς

183 3071 377 3150 αὐτοκράτορας
395 3068 518 3148 Ιίασίμην
533 3092 562 3128 τε
576 3070 620 3129 τόν
637 3070 777 3149 σατράπην
790 3068 960 3130 Καλλιουπό·

182 3160 248 3226 λεως
271 3159 316 3218 καλ
331 3159 490 3237 ’ίαγοόιι-ην,
509 3158 592 3236 ἄνδρα
613 3158 647 3216 τά
663 3180 691 3217 τε
710 3158 821 3218 ναυτικά
836 3155 960 3234 ίμπιιρό-

181 3269 260 3306 τατον
287 3247 333 3307 καὶ
354 3252 407 3305 τῶν
429 3246 499 3306 κατδι
519 3247 656 3305 θάλασσαν
680 3246 826 3325 στρατηγόν
843 3246 958 3325 ἄριστον.

181 3336 215 3411 (a)
231 3332 395 3414 Ἐξαρτύσας
418 3324 462 3394 οῦν
487 3334 533 3393 καλ
553 3332 663 3398 δπλίσας
686 3333 773 3392 πάντα
797 3333 840 3391 τὸν
864 3334 956 3391 στολον

180 3424 284 3492 καλῶς,
298 3421 451 3497 ἐξέπεμπεν·
461 3427 475 3482 ό
487 3423 511 3481 δ’
522 3421 634 3499 άνήγετο
647 3418 691 3479 διδι
704 3426 750 3481 τοῦ
764 3421 901 3501 Βοσπόρου
913 3419 957 3478 irai

179 3509 225 3569 τόν
244 3510 381 3586 Εὔξεινον,
393 3508 470 3590 τάχει
482 3534 511 3569 τε
525 3511 616 3590 πολλῷ
630 3508 676 3568 καλ
692 3509 738 3588 βία
758 3508 804 3567 καὶ
820 3508 890 3587 ῥύμῃ
910 3530 955 3581 pa·

623 297 828 360 OEJTOBULI
848 300 1117 362 ursuouauuuu
1135 302 1210 363 uu
1231 302 1284 377 IV,
1305 304 1369 364 Η.

1023 434 1144 513 ρόμιιυς,
1161 440 1212 516 βοῇ
1225 460 1254 494 τε
1268 435 1394 515 ξυμμιγεῒ
1405 436 1450 497 καί
1465 440 1614 519 ἀλαλαγμῷ
1634 440 1685 499 καὶ
1711 438 1824 517 εἰρεσία

1021 525 1067 584 καί
1079 524 1306 607 οίντιφιλοτιμήσει
1321 526 1346 591 ἐς
1358 526 1488 598 ἀλλήλους
1501 530 1651 605 χρωμένων
1670 531 1732 586 τῶν
1758 531 1823 586 ἐπι.

1025 610 1129 687 δαπῶν,
1140 611 1186 671 καί
1199 612 1279 692 φόῦον
1300 612 1380 672 πολθν
1396 614 1441 673 καὶ
1464 616 1579 693 ἀγωνίαν
1592 616 1732 695 ταρίχων
1757 615 1822 673 καθ’

1024 698 1068 765 οθς
1082 700 1113 760 διν
1131 701 1232 778 γίνοιτο
1237 746 1246 773 ,
1261 700 1307 761 καί
1318 703 1420 769 πάντας
1435 702 1588 776 ἐκπλήττων
1603 708 1645 785 τῷ
1659 690 1822 783 πάραλάγιρ

1019 793 1066 860 τῆς
1082 788 1149 855 θίας.
1167 791 1220 849 Καὶ
1237 792 1311 867 όμίν
1325 790 1393 850 κατὰ
1408 792 1542 851 θάλασσαν
1558 793 1656 859 στόλος
1671 792 1776 857 οὕτως.

1059 874 1112 938 ΙΙΙ.
1137 877 1266 943 Βασιλεὺς
1281 876 1309 935 δὲ
1325 876 1372 943 τόις
1396 878 1555 956 Εὗρωπαίας
1571 880 1712 955 Ιδυνάμεις
1737 878 1818 947 ξυνε-

1024 964 1110 1041 κρότει
1121 986 1151 1021 τε
1163 964 1206 1023 καὶ
1221 963 1368 1033 διεόίόαζεν
1383 966 1408 1031 ἐς
1422 966 1471 1037 τήν
1486 966 1573 1027 Ἀσίαν
1584 970 1707 1035 ίπιτικάς
1723 992 1756 1027 τε
1772 972 1820 1027 καὶ

1022 1049 1145 1120 πεζικὰς,
1162 1050 1200 1108 ἐτι
1213 1050 1240 1109 δί
1253 1050 1343 1109 ἵππων
1358 1074 1386 1111 τε
1401 1051 1446 1111 καὶ
1468 1053 1611 1131 ὑποζυγίων
1625 1053 1676 1115 καί
1689 1055 1819 1127 ἡμιόνων

1023 1138 1175 1218 ἀχθοφόρων
1189 1137 1235 1197 καὶ
1257 1140 1386 1215 καμήλων
1406 1141 1474 1199 πολύ
1494 1164 1520 1199 τι
1538 1147 1633 1221 χρῆμα
1651 1144 1704 1201 καλ
1721 1152 1820 1202 πᾶσαν

1023 1226 1105 1296 ἄλλην
1122 1232 1167 1285 τοῦ
1180 1225 1296 1303 πολέμου
1311 1226 1403 1306 χρείαν
1418 1252 1448 1286 τε
1465 1229 1512 1286 καί
1530 1231 1697 1301 ἀποσκευήν.
1714 1228 1769 1297 Ὦς
1791 1232 1818 1289 δὲ

1023 1312 1081 1379 ἅλις
1091 1302 1148 1393 εἶχε
1164 1318 1212 1385 τ’ής
1224 1314 1323 1373 τοίιτων
1345 1314 1506 1388 διαδόσεως,
1518 1318 1572 1376 τότ’
1585 1318 1640 1391 ήδη
1658 1318 1713 1377 καὶ
1735 1318 1816 1387 αὐτὸς

1020 1400 1164 1475 διαῦαίνει,
1182 1402 1227 1461 καὶ
1251 1404 1417 1484 προελαόνων
1449 1404 1492 1463 θιδι
1517 1410 1563 1477 τῆς
1584 1407 1720 1473 Βιθυνίας
1751 1411 1817 1488 ἅφι·

1022 1490 1120 1549 κνεῖται
1134 1492 1160 1557 ἐς
1180 1490 1228 1561 τήν
1249 1483 1440 1568 Προυσίου,οθ
1455 1492 1487 1564 δή
1510 1493 1555 1551 καί
1574 1494 1623 1561 τδς
1647 1500 1702 1565 τῆς
1717 1496 1816 1563 Ἄσίας

1020 1577 1141 1653 δυνάμεις
1162 1570 1220 1659 κῦρε
1243 1580 1330 1646 πάσας
1350 1579 1574 1659 ξυνηθροισμίνας.
1595 1584 1635 1661 (ε)
1654 1582 1813 1661 Διαγαγών

1021 1664 1049 1723 δὲ
1065 1668 1095 1723 οὗ
1110 1666 1210 1734 πολλδς
1223 1667 1323 1742 ἡμέρας
1337 1670 1432 1744 αὐτοῦ,
1452 1669 1499 1727 καί
1517 1692 1575 1726 τινα
1598 1674 1654 1728 τῶν
1674 1673 1704 1729 ἐν
1730 1673 1814 1751 χρεία

1021 1754 1256 1829 καταστησάμενος
1267 1754 1313 1813 καλ
1325 1754 1369 1813 τόν
1384 1755 1495 1835 στρατὸν
1514 1756 1660 1836 ἐξαρτύσας
1675 1756 1809 1829 ἅπαντα,

1021 1839 1131 1907 σπείσας
1143 1862 1172 1899 τε
1184 1845 1223 1920 τῷ
1241 1841 1317 1921 τάφιρ
1329 1848 1374 1901 τοῦ
1390 1842 1488 1921 πατρὸς
1501 1843 1547 1901 καί
1569 1844 1603 1903 τό
1622 1846 1811 1921 νενομισμένα

1020 1926 1127 1994 τελέσας
1142 1929 1213 2009 αὐτῷ
1226 1930 1447 2008 μεγαλοπρεπῶς,
1461 1932 1506 1990 καὶ
1519 1928 1611 2009 δώροις
1625 1930 1668 1989 ὅτι
1682 1956 1716 2010 γε
1732 1934 1810 1991 siri·

1021 2038 1090 2079 στοις
1100 2014 1145 2073 καὶ
1158 2014 1309 2090 ἀναθήμασι
1319 2014 1512 2088 κοσμήσαςκαλ
1523 2018 1697 2096 στεφανώσας
1711 2020 1807 2097 αὐτὸν,

1019 2102 1085 2183 άρας
1095 2104 1191 2161 ἐκεῖθεν
1203 2104 1245 2181 ήει
1256 2101 1299 2161 διδι
1308 2106 1355 2173 τῆς
1366 2105 1495 2163 Γαλατῶν
1504 2127 1533 2161 τε
1545 2106 1593 2163 καὶ
1603 2108 1807 2187 Παφλαγόνων.

1019 2189 1053 2269 (a)
1067 2180 1122 2249 Ἦν
1137 2189 1165 2247 δι’
1177 2193 1231 2262 οίή
1247 2192 1373 2270 στρατιὰ,
1385 2193 1421 2257 ὡς
1440 2190 1559 2268 ίλίγετο,
1571 2190 1652 2257 ίππσς
1674 2194 1726 2269 μὲν
1742 2194 1805 2262 ἐξα-

1018 2278 1160 2357 κισμυρία,
1172 2276 1248 2345 πεζός
1262 2278 1289 2335 δὲ
1306 2278 1354 2335 οθκ
1375 2277 1493 2335 ἐλάσσων
1508 2280 1719 2359 δκτακισμυρίων
1735 2280 1804 2339 ἄνευ

1019 2363 1107 2440 με’ντοι
1127 2387 1158 2441 γε
1177 2368 1229 2422 τῶν
1252 2364 1417 2447 σκευοφόρων
1431 2366 1543 2424 καὶτῶν
1559 2366 1639 2433 άλλως
1653 2370 1800 2445 ἑπομένων

1017 2456 1050 2531 τῇ
1066 2462 1185 2534 στρατιᾷ.
1201 2454 1331 2520 Διιλάσας
1345 2455 1372 2511 δὲ
1386 2452 1483 2521 ταύτας
1496 2478 1526 2513 τε
1541 2454 1585 2513 καὶ
1602 2456 1645 2528 τήν
1666 2460 1797 2516 Kana·

1019 2540 1102 2599 δοκῶν
1117 2538 1162 2599 καὶ
1184 2539 1276 2606 διαῦδις
1291 2542 1334 2601 τὸν
1345 2538 1425 2600 Ἅλυν
1444 2538 1547 2618 γίνεται
1566 2541 1632 2601 ιιατίι
1648 2544 1797 2619 Σινώπην,

1016 2630 1093 2687 πόλιν
1108 2628 1237 2707 παράλιον
1256 2630 1399 2702 καλλίστην
1418 2652 1447 2689 τε
1465 2630 1511 2689 καὶ
1525 2632 1725 2705 πλουσιωτάτην
1742 2638 1800 2693 τῶν

1018 2719 1044 2775 ἐν
1058 2720 1096 2795 τῷ
1111 2715 1225 2796 Εὐξείνῳ
1245 2718 1350 2797 πόντῳ,
1369 2718 1416 2776 καλ
1430 2718 1558 2791 πλείστης
1572 2720 1605 2790 δι]
1629 2720 1674 2779 καὶ
1688 2720 1802 2801 ἀρίστης

1016 2802 1107 2883 χώρας
1122 2804 1304 2883 ἐπάρχουσαν,
1320 2806 1338 2876 ἢ
1356 2807 1388 2876 δή
1409 2807 1494 2866 κοινὸν
1515 2806 1643 2887 ἐμπόριον
1665 2800 1733 2868 οῦσιι
1753 2814 1801 2875 τῖς

1016 2891 1171 2969 περιοικίδας
1185 2892 1291 2963 ἁπάσης
1307 2893 1352 2951 καὶ
1365 2892 1398 2963 δὴ
1412 2894 1457 2952 καί
1472 2894 1567 2974 μέρους
1584 2896 1634 2953 οὐκ
1649 2897 1741 2973 ὀλίγου
1753 2901 1800 2966 τῆς

1015 2980 1089 3038 κάτω
1112 2978 1215 3052 Ἀσίας,
1238 2979 1283 3039 καί
1308 2983 1414 3049 πολλοῖς
1446 2981 1624 3059 εθθηνουμίνη
1650 2992 1706 3052 τοῖς
1732 2987 1800 3061 ὦγα-

1015 3072 1082 3142 θοίς,
1098 3064 1147 3126 όσα
1159 3067 1279 3148 φίρουσιν
1294 3059 1363 3148 ώραι
1379 3069 1424 3129 καὶ
1440 3074 1475 3147 γῆ
1489 3070 1535 3128 καὶ
1550 3070 1676 3131 θάλασσα
1691 3072 1734 3151 (τό
1748 3071 1798 3149 με’·

1016 3177 1104 3232 γιστον
1125 3158 1140 3213 δ
1162 3154 1260 3235 χαλκός
1281 3157 1368 3235 ἐστιν,
1396 3155 1423 3223 δς
1451 3156 1559 3233 ἄφθονος
1591 3159 1800 3238 ἄνορυττόμενος

1017 3244 1098 3301 αὐτοῦ
1120 3250 1290 3319 γεωργεῖται,
1310 3245 1356 3302 καὶ
1383 3246 1561 3321 διαδιδόμενος
1583 3254 1726 3327 πανταχοῦ
1751 3252 1798 3319 τῆς

1017 3330 1103 3399 Ἀσίας
1113 3353 1142 3390 τι
1155 3332 1201 3390 καὶ
1216 3331 1345 3410 Εὐρώπης
1362 3332 1408 3391 καλ
1429 3330 1633 3411 διατιθέμενος),
1652 3337 1796 3413 προσόδους

1017 3419 1133 3499 μεγάλας
1152 3424 1252 3498 χρυσοῦ
1273 3420 1319 3478 καλ
1342 3419 1455 3499 οἷργιίρου
1474 3419 1588 3501 ταρίχει
1601 3432 1655 3489 τοῖς
1671 3428 1697 3484 ἐν
1711 3428 1792 3502 αὐτῇ,

1016 3505 1047 3583 (a)
1065 3497 1131 3585 Εἶχε
1153 3508 1179 3566 δὲ
1204 3508 1284 3579 αὐτῆς
1306 3510 1355 3579 τήν
1379 3508 1465 3588 ἀρχὴν
1486 3509 1538 3588 πρὸ
1561 3510 1662 3590 χρόνων
1685 3513 1789 3569 πολλῶν

180 3680 242 3727 300⁰
258 3691 348 3727 aureos
364 3676 529 3740 pependerat,
541 3689 594 3726 sec.
613 3675 698 3725 chalo.
709 3690 735 3740 p.
747 3678 803 3734 467,
823 3681 847 3725 5.
868 3673 908 3723 ci.
927 3675 1010 3723 uncas
1021 3687 1046 3736 p.
1060 3676 1114 3732 314,
1139 3676 1176 3721 17.
1190 3672 1343 3723 ziuieisenu
1360 3688 1385 3738 p.
1408 3678 1463 3724 328.
1477 3675 1487 3737 il
1497 3702 1530 3713 —
1553 3677 1612 3741 πρός
1623 3695 1649 3728 ιε
1659 3682 1711 3735 τοις
1729 3680 1793 3736 τλη-

179 3746 320 3812 σιοχώρσνς]
334 3748 371 3797 Do
388 3746 429 3796 his
442 3744 579 3796 ioedoribns
592 3760 620 3795 ν.
633 3745 748 3796 Cheimo.
759 3759 785 3810 p.
795 3749 851 3805 ini,
867 3744 1030 3805 Failmerayor
1039 3742 1056 3792 i.
1067 3743 1084 3792 l.
1093 3755 1119 3806 p.
1140 3746 1260 3793 nouzon.
1274 3746 1390 3793 Ηιιιιιιιιοι·
1403 3752 1426 3805 2,
1438 3759 1463 3809 p.
1475 3750 1513 3805 57,
1532 3747 1662 3798 linireisen
1675 3756 1698 3807 ν,
1708 3762 1735 3811 p.
1746 3753 1797 3800 328

180 3831 234 3880 sqq.
251 3820 261 3881 ΙΙ
279 3847 306 3858 η
320 3816 440 3881 Χασὰνια]
457 3816 685 3877 Usum-Humorem.
697 3830 721 3867 e.
734 3817 826 3879 inopus
844 3820 962 3875 Hannon,
974 3816 1186 3862 Turuomauorum
1201 3814 1312 3863 alborum
1326 3815 1455 3879 princeps,
1476 3818 1587 3875 Χασιίνης
1605 3820 1619 3867 δ
1638 3823 1727 3882 μακρὸς
1748 3833 1790 3883 ap.

178 3886 275 3945 Chalc„
291 3891 379 3944 Οίιζοθν
393 3891 476 3938 Χασᾰν
489 3891 503 3937 ό
514 3888 634 3945 δεσπόζων
645 3888 675 3936 τὰ
687 3888 744 3950 μέρη
755 3894 797 3944 τῆς
808 3886 926 3949 Ἀρμενίας
937 3886 977 3933 καὶ
995 3885 1129 3947 γειτνιάζων
1141 3890 1189 3941 τοῖς
1210 3888 1308 3949 Κολχοίς
1327 3899 1366 3948 ap.
1381 3889 1476 3935 Ducam
1497 3901 1522 3951 p.
1537 3892 1590 3939 339.
1605 3889 1670 3939 Huic
1684 3890 1792 3940 Humili

179 3956 301 4019 uirides,
310 3960 381 4021 Trnp.
392 3960 462 4022 imp,
472 3960 643 4021 catharinam,
655 3959 756 4009 ioannis
769 3957 853 4007 fratris
866 3955 992 4016 1ι1ίειιι,ίιι
1001 3952 1184 4005 matrimonium
1199 3952 1310 4005 dederat.
1327 3956 1409 4005 Verba
1425 3958 1465 4005 εον
1476 3960 1591 4021 Τομήριος
1607 3958 1634 4021 (i.
1646 3972 1661 4008 ε
1674 3960 1792 4021 rimaris)

179 4028 237 4091 add.
250 4042 342 4093 margo.
351 4032 432 4093 caput
441 4030 564 4080 Ατωοιιίω
572 4033 626 4081 erat
640 4031 742 4093 Arsinga
752 4029 805 4079 sire
817 4033 977 4089 Εικονοιιιπ,
987 4039 1063 4090 quam
1070 4024 1157 4075 urbem
1165 4026 1317 4089 Critobulus,
1326 4027 1419 4087 vetoris
1425 4029 1579 4092 geographia
1589 4030 1690 4081 numina
1699 4036 1794 4083 temere

179 4113 319 4164 aucupans,
332 4101 507 4163 Tigranocerta
518 4105 600 4151 vocat.
614 4102 624 4164 Ι]
639 4128 672 4137 -
682 4099 806 4165 νεοχμοῦν]
818 4116 889 4162 νεωχ.
901 4097 958 4149 uod.

213 4173 246 4221 11.
263 4170 278 4234 §
294 4176 315 4220 1.
330 4171 470 4236 τριακόσιοι]
482 4171 566 4222 Chalc.
583 4186 608 4235 p.
622 4175 677 4226 485,
690 4179 720 4221 22
734 4192 740 4220 :
753 4171 880 4232 πληρώσας
889 4175 944 4225 ναῦς
954 4170 1025 4218 πλοίοί
1036 4184 1063 4217 τε
1082 4168 1123 4215 καὶ
1138 4168 1236 4229 τριήρεις
1250 4164 1308 4227 ἀμφὶ
1327 4167 1357 4214 τὰ
1368 4169 1514 4226 πεντήκοντα
1530 4170 1573 4217 καί
1592 4172 1688 4222 ἐκατὸν.
1706 4174 1791 4222 Duras

179 4257 205 4307 p.
216 4246 262 4292 340
275 4262 282 4291 a
295 4243 394 4300 ἐποίησε
405 4243 488 4293 στόλον
500 4244 610 4306 τριήρεσιν
619 4245 659 4291 καί
671 4243 768 4306 διήριων
778 4242 845 4303 μέχρι
856 4257 903 4288 που
913 4240 943 4288 τὰ
953 4240 975 4289 σ’
984 4242 1028 4288 καὶ
1043 4244 1099 4298 νῆας
1110 4238 1133 4287 ι’.
1144 4233 1291 4285 Soadedrliu.
1306 4242 1328 4298 2,
1340 4250 1365 4299 p.
1379 4241 1422 4287 ίθθ
1432 4257 1438 4285 ι
1450 4239 1584 4288 annuendo
1596 4244 1625 4289 ιἰι
1639 4242 1735 4291 ordine
1748 4243 1793 4291 τιν’

178 4315 287 4363 armaio
300 4311 329 4362 dr
341 4314 418 4362 cento
430 4312 529 4375 quiere.
543 4310 555 4375 Ι]
566 4338 598 4347 -
608 4311 624 4375 §
635 4319 659 4361 2.
672 4313 707 4361 ὅτι
722 4310 855 4375 πλείστους]
868 4313 927 4361 Post
939 4308 994 4361 haec
1003 4310 1080 4361 verba
1088 4307 1185 4359 dimidii
1196 4320 1282 4356 versus
1291 4308 1398 4371 spaiium
1411 4320 1516 4358 vacuum
1526 4311 1575 4367 est;
1586 4324 1644 4372 qum
1655 4311 1691 4361 ibi
1700 4314 1792 4377 scripta

180 4386 263 4442 oraui,
275 4381 391 4445 deinceps
414 4394 483 4431 erasa
496 4384 564 4431 suni.
576 4381 587 4444 11
600 4409 632 4422 -
641 4384 728 4438 ἱκανῶς
739 4379 982 4446 παρεσκευασμένους]
996 4380 1032 4429 sic
1042 4392 1141 4442 margo,
1152 4377 1178 4427 εὖ
1190 4378 1287 4442 ἔχοντας
1298 4380 1359 4426 iexi.
1375 4376 1386 4440 Ι]
1398 4402 1430 4414 -
1443 4378 1553 4440 Ιίασίμην
1602 4382 1643 4428 καί
1653 4378 1790 4445 Ἰαγοῦιιην]

179 4455 232 4503 iios
244 4452 307 4502 alins
318 4464 392 4502 nemo
404 4454 533 4501 memorat.
548 4449 560 4515 ii
573 4477 606 4489 -
621 4453 660 4500 καί
678 4451 801 4509 ‘inperium
852 4453 982 4515 στρατηγὸν
997 4450 1102 4515 ἄριστον]
1117 4448 1174 4499 ειίιί.
1186 4462 1279 4513 margo.
1466 4516 1468 4519 .

211 4526 258 4575 111.
272 4521 288 4585 β
302 4527 323 4573 1.
339 4525 472 4586 συνεκρότει
483 4540 508 4572 τε
521 4521 573 4585 καί]
581 4521 639 4571 adu.
649 4534 715 4584 iugo.
726 4521 737 4585 ΙΙ
747 4548 780 4557 -
789 4523 951 4588 παρασκευήν]
965 4536 1034 4587 mgo3
1045 4522 1179 4585 ἀποσκευήν
1188 4521 1249 4568 texi.
1262 4516 1273 4581 ΙΙ
1284 4520 1357 4575 -είς
1368 4518 1410 4578 τήν
1421 4517 1552 4583 Προυσίου]
1561 4522 1646 4571 Duces
1654 4534 1680 4585 p.
1688 4526 1748 4581 aii,
1759 4528 1769 4573 1

179 4597 248 4649 αὐτὸς
263 4596 288 4643 δὲ
301 4599 336 4655 τῷ
347 4595 397 4659 ίαρι
412 4595 453 4644 τὸν
465 4594 569 4655 πορθμὸν
583 4592 663 4647 oraui:
682 4592 738 4651 ήκεν
753 4595 784 4649 είς
798 4594 908 4654 Προῦσαν
918 4600 960 4652 τῆς
973 4593 1090 4653 Βιθυνίας,
1105 4594 1136 4653 μή
1153 4590 1307 4651 ἐπισταμένου
1320 4590 1382 4645 τινὸς
1404 4590 1462 4652 μηδὲ
1483 4593 1611 4648 νοήσαντος
1631 4596 1673 4650 τήν
1692 4595 1789 4656 βουλήν.

179 4665 325 4716 Saadoddin.
342 4672 365 4723 2,
379 4678 403 4728 p.
419 4667 462 4714 196
477 4664 521 4713 :it
537 4663 567 4712 ri
586 4661 641 4711 κοίν’
658 4662 730 4712 ando
751 4676 799 4726 per
815 4666 861 4713 σία
872 4663 900 4713 di
911 4662 1044 4712 undamn
1060 4676 1077 4712 ο
1095 4664 1208 4719 Bruma,
1220 4660 1286 4709 done
1298 4662 1321 4708 si
1334 4662 1454 4709 ίταίειιιιε
1468 4674 1517 4709 con
1532 4661 1552 4709 li
1567 4665 1628 4711 εαοι·
1641 4666 1761 4715 ministri
1776 4678 1790 4714 ε

179 4735 309 4784 οαιυὶἱσνι·
319 4730 358 4796 fin
369 4731 511 4785 ali‘urrino
522 4733 549 4783 di
562 4732 695 4785 Moumnd
707 4736 791 4785 Bassa
801 4746 850 4781 ano
863 4734 940 4791 οειίν,
954 4732 974 4781 il
986 4730 1068 4796 quale
1078 4728 1210 4795 passando
1220 4728 1241 4778 ii
1252 4741 1327 4777 mora
1337 4744 1354 4776 π
1370 4728 1497 4791 callipoli
1507 4742 1555 4779 οοιε
1566 4744 1604 4780 αα
1613 4732 1788 4793 mundissimo

181 4808 288 4855 eserniio
301 4804 447 4867 s’accompo
459 4805 533 4855 neila
546 4815 696 4867 cumpnpno
712 4803 740 4853 di
754 4806 865 4853 Βναιιο.
879 4805 907 4853 si
920 4807 1064 4866 σοαριιιοεε
1074 4815 1140 4852 anco
1152 4799 1276 4851 i'eserciio
1289 4800 1319 4847 di
1332 4799 1451 4850 Ii'nloiiu.
1466 4799 1477 4862 ΙΙ
1492 4828 1524 4836 -
1534 4800 1597 4865 εὗρε]
1609 4802 1646 4851 sic
1656 4816 1726 4867 ugo,
1737 4806 1788 4866 εἶχε

181 4878 242 4925 texi.
256 4876 268 4937 ΙΙ
280 4874 338 4937 -§
352 4880 375 4925 3.
390 4875 471 4931 διαβὰς
486 4875 527 4923 τὸν
538 4872 616 4937 Ἅλυν]
628 4875 688 4923 Ἆλιν
699 4873 754 4923 ood.
769 4879 788 4923 Α
800 4876 879 4923 Prusa
895 4886 939 4921 rex
950 4874 1078 4936 proiectus
1089 4875 1127 4921 osi
1141 4874 1275 4932 Aneyram,
1290 4872 1353 4919 lesio
1366 4872 1437 4920 Duce
1454 4874 1480 4921 et
1499 4872 1653 4922 Seadeddirro
1668 4874 1687 4923 ii
1709 4876 1734 4924 ii.
1750 4876 1787 4925 ihi

179 4945 205 4995 in
224 4949 305 4996 eastra
323 4947 391 4996 venii
403 4946 514 4996 Ismaeiis
533 4942 703 5009 Sinopensium
717 4943 872 5007 nepisinos,
887 4956 961 5005 quem
979 4940 1161 5001 nicomatus,
1176 4954 1226 4991 seo.
1244 4940 1438 5001 sentiendium,
1449 4942 1475 4991 in
1489 4941 1586 4993 rincuia
1599 4945 1718 5007 conjecit,
1732 4958 1785 4995 sec.

178 5023 272 5069 Ducam
286 5030 346 5065 nero
359 5016 391 5065 ad
403 5021 497 5080 patrem
509 5016 604 5065 remisit
616 5013 767 5065 deditionem
779 5014 881 5078 Sinopes
893 5013 1027 5076 postulans.
1043 5012 1080 5062 Ab
1091 5016 1186 5075 Ancyra
1203 5024 1275 5075 porro
1289 5011 1483 5062 chisil-‚rumor
1500 5014 1606 5063 emissus
1622 5020 1677 5079 esi,
1691 5021 1719 5067 ni
1732 5018 1784 5067 Ca-

178 5086 308 5145 οιίιιιοιιίι,
319 5085 439 5149 sinopinm
450 5085 550 5136 ditionis
561 5083 840 5149 urbe‚poriretur.·1pse
851 5085 1016 5135 Mechemetes
1028 5085 1134 5147 Sinopen
1148 5086 1233 5148 petens
1243 5082 1264 5133 si
1275 5082 1364 5147 iiaiym
1376 5084 1484 5146 traiecit,
1499 5088 1528 5136 ni
1538 5084 1682 5137 Critobulus
1694 5088 1783 5149 resen,

180 5172 223 5223 per
237 5157 332 5207 riarum
351 5156 467 5221 ambages
486 5170 517 5208 eo
538 5170 565 5207 se
587 5154 725 5221 οοιι1ιι]ίί.]
749 5182 782 5194 -
804 5154 968 5221 cumimpiis]
986 5156 1140 5219 εὺίννουμένη
1152 5154 1239 5205 οοιίοιι.
1263 5154 1318 5217 il-
1337 5152 1351 5218 §
1367 5159 1382 5206 4
1416 5154 1442 5205 ἐν,
1462 5156 1610 5221 ξυνθήματος]
1635 5159 1694 5208 iia-c
1714 5158 1783 5209 addii
