3809 5859
396 334 645 397 nuensnuns
665 336 795 397 nunus
812 334 895 397 4444..
916 338 997 403 sors
1019 334 1201 411 (iussuros
1224 332 1260 395 4.
1282 330 1340 413 op.
1621 330 1681 393 ssa

73 473 188 540 αασθαι,
207 467 284 536 αθτδς
302 469 343 529 di>
355 468 452 549 ζθντῇ
468 471 549 548 λοιπῇ
566 477 677 550 στρατιᾷ
699 466 725 538 ές
747 491 778 527 τε
802 469 850 539 τήν
905 472 1001 527 νἀσθαι
1024 472 1155 546 βοηθῆσαι
1169 466 1315 547 -τῷᾶστει,
1332 462 1439 544 πέμψας
1462 460 1573 542 ἄγγελον
1595 458 1682 543 κρόφα

74 556 161 628 ἄλλην
175 556 267 636 χῶραν
282 557 405 617 ίσόαλεῖν
423 556 467 616 ἐπί
480 556 516 616 εδ
536 556 689 617 ἀποστάντα
702 560 754 616 τῶν
770 578 849 639 φρου·
908 556 1041 636 διειλέχθη
1055 564 1108 623 τοῖς
1123 558 1157 615 ἐν
1166 557 1238 637 αὐτῷ
1253 554 1374 633 ἀντέχειν
1388 574 1416 611 τε
1432 550 1478 610 καλ
1494 552 1619 628 μηδαμοῦ
1638 553 1684 609 ἐν·

77 646 156 728 ρίων,
174 645 241 704 ἀλλά
257 643 290 716 δή
303 645 350 706 καί
364 648 390 713 ίς
402 642 449 724 τήν
462 644 595 706 Παιόνων.
825 690 830 697 ,
909 648 1019 721 διδόναι,
1029 649 1064 713 ὡς
1075 644 1183 725 ταχείας
1197 667 1225 702 τε
1235 642 1313 714 οὔσης
1324 647 1371 713 τῆς
1382 646 1428 700 τοῦ
1443 639 1571 719 βασιλέως
1582 642 1685 720 ἀναχω·

119 736 171 795 Vl.
186 733 234 795 Ἐν
248 734 334 817 τούτῳ
347 733 375 794 ei
387 726 453 807 ἧκεν
465 732 576 812 ἀγγελία
591 734 725 813 φράζουσα
738 732 783 792 τίνν
800 738 852 811 βα·
894 734 1010 815 ,ρήσεως
1022 734 1113 807 πάλιν,
1123 730 1174 792 καί
1185 730 1262 799 αὐτὸς
1277 730 1305 789 δέ
1316 733 1345 790 οῦ
1358 732 1497 809 περιιδεῖν,
1512 726 1582 786 ἀλλά
1592 732 1685 807 καιροῦ

77 821 155 881 σιλία
172 821 295 882 Παιόνων
311 820 486 902 στρατιάνότι
500 821 627 892 πλείστην
639 825 780 900 ἀγείραντα
792 822 851 879 ὅσον
906 826 1049 890 καλοῦντος
1063 820 1108 881 καί
1122 820 1212 902 χρείας
1224 818 1372 897 ἀναγκαίας
1380 815 1607 893 κατεπειγούσης,
1622 820 1685 896 βοη·

78 915 130 971 ῡῦκ
143 910 195 984 ἤδη
207 909 308 970 ἕπῑὲναῑ
322 910 405 989 αὐτῷ·
418 899 502 975 Οὗτος
516 900 568 990 tab
587 908 660 975 ῑῦθθς
671 913 706 975 ὣς
719 907 788 985 ἔγνω
800 906 849 978 τὴν
908 912 995 983 θήσειν
1009 908 1046 977 τθι,
1059 909 1177 981 δυνατδι,
1195 904 1273 985 έγγῦς
1293 909 1442 965 αὖτοῦπου
1457 904 1608 984 τυγχάνων.
1628 907 1686 965 lfa·

76 1001 105 1065 ἀς
124 998 173 1069 τήν
192 999 316 1077 Βόστρων
331 998 444 1070 ε’σόολήν
460 1002 505 1057 τοῦ
529 997 658 1077 βασιλέως
674 997 721 1059 καλ
737 997 787 1071 τήν
804 1002 851 1056 τοῦ
906 996 1057 1077 κείνοιςμέν
1067 1002 1163 1056 ταῦτα.
1179 994 1261 1061 Αὐτὸς
1276 992 1304 1052 δὲ
1317 993 1347 1052 τὸ
1358 992 1535 1073 στρατόπεδον
1544 992 1686 1072 ἐμπρήσας

76 1088 171 1155 ἄστεος
185 1081 297 1157 Ίαίτζης
305 1088 368 1146 πολι
399 1085 475 1162 κίαν,
490 1088 615 1165 στρατιάν
631 1086 749 1165 μεγάλην
764 1084 853 1164 ἀθροί-
906 1086 998 1152 νυκτδς
1012 1084 1115 1163 ἀπάρας
1131 1082 1217 1164 ᾤχετο
1232 1080 1275 1150 Ebu
1300 1084 1472 1161 τῇστρατιᾷ,
1518 1083 1552 1157 (s)
1572 1082 1688 1159 Μαχω.

76 1198 129 1243 σας
146 1174 193 1235 καὶ
213 1184 295 1235 πᾶσιν
317 1164 355 1242 οἷς
368 1108 447 1254 οᾶχεν
466 1177 562 1241 ίκανῶς
582 1173 853 1256 παρασκευασάμενος
907 1171 1006 1249 μοότης
1017 1174 1040 1231 δ’
1054 1174 1089 1238 ῶς
1102 1170 1212 1251 ήσθετο,
1226 1168 1296 1228 κατά
1308 1167 1389 1247 τάχος
1402 1167 1496 1234 διαόδς
1511 1167 1555 1227 τὸν
1567 1164 1687 1240 ποταμθν

77 1264 150 1343 ἐξήει
163 1263 266 1324 ίναντία
277 1266 315 1343 τῷ
331 1263 450 1343 βασιλεῖ,
461 1263 571 1338 νομίσας
583 1262 666 1331 οὕτως
678 1261 792 1333 ήλόσειν
804 1260 852 1335 τήν
907 1262 1007 1334 ήλαυνε
1031 1261 1100 1321 κατθι
1124 1259 1241 1331 σπουδὴν
1257 1257 1374 1334 διώκειν,
1390 1258 1436 1316 καλ
1460 1256 1622 1349 καταλαθὼν
1640 1257 1689 1314 αὖ·

76 1353 234 1430 πολιορκίαν
257 1357 303 1411 τοῦ
321 1352 426 1426 ἄστεος,
448 1350 581 1432 τρίψαντα
599 1353 625 1419 ίς
644 1351 737 1411 έαυτδν
758 1350 803 1408 τόν
825 1372 854 1407 τε
911 1349 989 1421 τοῦς,
1006 1348 1153 1427 ζυμόάλλει
1170 1355 1223 1414 τοῖς
1237 1346 1363 1421 ὄπισθεν,
1384 1345 1462 1425 μέρος
1473 1350 1531 1403 οὖσι
1546 1348 1593 1415 τῆς
1607 1365 1689 1423 στρα·

79 1440 196 1520 βασιλέα
216 1440 262 1499 καί
280 1440 328 1509 τὴν
343 1438 486 1518 στρατιάν,
507 1438 603 1519 ήδίχα
623 1438 795 1519 διαιρεθείσης
808 1442 855 1509 τῆς
909 1446 968 1503 τεᾶς
993 1438 1040 1495 ota
1066 1435 1154 1513 ὀλίγον
1179 1438 1204 1501 ίς
1222 1433 1341 1515 φυλακήν
1361 1436 1413 1491 τῶν
1438 1433 1619 1513 σκευοφόρων,
1643 1430 1689 1489 καί

81 1537 209 1608 στρατιᾶς
221 1527 247 1595 ές
261 1550 289 1585 τε
303 1527 418 1602 πολεμον
434 1526 481 1585 καί
494 1526 663 1607 πολιορκίαν,
677 1526 855 1605 ἀσθενεστέρῳ
907 1524 1070 1607 τρεψόμενος
1086 1522 1177 1581 ἐδίωκε
1202 1524 1282 1603 μέχρι
1302 1527 1349 1593 τῆς
1366 1521 1450 1593 ἄλλης
1464 1530 1604 1601 στρατιᾶς·
1619 1522 1645 1579 οἱ
1666 1522 1689 1579 δ’

78 1619 228 1698 χρήσεσθαι
243 1619 463 1697 προσπολεμῆσαι
482 1618 521 1695 τῷ
538 1618 656 1694 βασιλεῖ’
673 1614 732 1673 ἀλλ’
751 1615 854 1694 ίσφάλη
911 1611 1100 1679 έπεσπεσόντες
1127 1611 1216 1691 ἄφνω,
1239 1609 1394 1688 διετάραξάν
1414 1632 1443 1667 τε
1468 1610 1550 1679 αὐτήν
1573 1606 1619 1667 καὶ
1643 1605 1689 1665 τθν

78 1711 131 1776 τῆς
143 1704 259 1782 γνώμης.
301 1705 339 1784 (ο)
354 1703 483 1771 Βασιλεὺς
498 1702 550 1783 γάρ
564 1708 643 1763 τοῦτο
659 1700 765 1781 μαθὼν,
777 1700 856 1769 αθτδς
913 1699 1042 1782 βασιλέα,
1067 1698 1114 1757 καί
1135 1696 1204 1779 φυγὴ
1219 1697 1318 1774 γίνεται
1338 1696 1470 1776 καρτερδι,
1495 1696 1601 1753 πάντων
1624 1698 1690 1769 ὁμοῦ

80 1792 133 1870 μέν
152 1797 178 1859 ές
195 1792 312 1861 Ἰάϊτζαν
332 1792 419 1869 μένειν
443 1791 549 1871 ίγνόνκει
568 1792 621 1851 δεῖν
641 1794 788 1873 πολιορκῶν
811 1788 857 1847 καί
912 1787 1060 1871 φευγόντων
1076 1786 1195 1853 ἀτάκτως
1210 1808 1239 1844 τε
1253 1784 1298 1843 καί
1313 1783 1355 1853 ζθν
1371 1784 1455 1841 οὐδενὶ
1469 1782 1563 1861 κόσμῳ
1575 1780 1622 1839 καὶ
1638 1784 1687 1840 λο-

79 1883 208 1959 μηδαμοῦ
219 1881 316 1952 ταύτης
330 1883 528 1954 ἀπαναστῆναι,
540 1881 740 1961 Μαχουμοότεα
749 1878 787 1952 δέ,
799 1875 856 1943 iob:
912 1878 1011 1956 γισμῷ.
1056 1873 1091 1953 (7)
1108 1872 1306 1953 Μαχουμούεης
1321 1870 1348 1930 δὲ
1363 1870 1453 1930 εἵπετο
1463 1870 1572 1929 κτείνων
1589 1892 1619 1928 τε
1639 1869 1687 1927 καὶ

81 1970 156 2046 αὐτῷ
177 1966 301 2047 στρατιάν
321 1964 417 2044 ἱκανὴν
437 1966 549 2038 ίππικήν
565 1990 595 2026 τε
617 1966 664 2026 καί
687 1967 796 2039 πεζικὴν
810 1964 859 2026 καί
915 1964 1030 2046 φονεόων
1044 1972 1112 2044 σφᾶς
1131 1960 1247 2039 ἀνσικτλ,
1269 1959 1360 2029 διώξας
1383 1958 1411 2018 δέ
1429 1958 1507 2038 μέχρι
1521 1958 1619 2017 πολλοῦ
1645 1955 1692 2016 καί

82 2054 161 2133 μέρος
175 2057 222 2113 σῦκ
237 2054 324 2131 ὀλίγον
336 2059 383 2125 τῆς
396 2055 463 2122 ἰδίας
477 2058 576 2129 αὐλῆς,
591 2054 736 2137 ἐξέπεμψεν
751 2054 856 2115 ἐναντία
914 2053 990 2134 φόνον
1002 2051 1084 2111 πολὺν
1099 2048 1276 2128 ἐργασάμενος
1287 2046 1332 2107 καλ
1344 2048 1455 2115 πολλοὺς
1467 2046 1604 2129 ζωγρήσας
1629 2047 1690 2105 ἀνε-

83 2148 124 2223 τῷ
136 2143 240 2222 βασιλεῖ
255 2144 390 2203 Παιόνων·
405 2145 434 2203 οὗ
445 2143 496 2223 γάρ
506 2145 583 2212 αθτός
593 2168 622 2220 γε
633 2145 706 2215 ήξίου
718 2142 761 2203 iol
771 2142 860 2222 μάχης

85 2229 171 2308 τούτῳ
192 2230 271 2289 ἰέναι.
315 2229 351 2311 (r)
379 2232 578 2309 Μαχουμσότης
607 2231 634 2290 δέ
658 2230 706 2302 τήν
733 2228 858 2310 στρατιδιν

88 2316 231 2375 ἀναλαόῶν
247 2317 345 2389 ήλοιυνε
358 2316 429 2377 κατὰ
448 2316 581 2389 σπουδήν·
596 2316 643 2377 καλ
661 2316 798 2397 γενόμενος
814 2316 861 2391 ἔγ-

84 2410 164 2485 γιστά
179 2429 230 2464 που
243 2407 296 2464 τῶν
305 2404 438 2481 πολεμίων
453 2405 689 2486 στρατοπεδεύεται
704 2409 795 2466 αὐτοῦ.
807 2395 860 2466 Ἦν

87 2496 114 2554 δέ
128 2494 158 2554 τὸ
174 2493 270 2571 μεταξὺ
285 2502 340 2553 τοῖν
355 2495 542 2573 στρατοπίδσιν
561 2493 657 2553 στάδιά
672 2516 724 2553 που
743 2495 861 2573 μάλιστα

92 2584 172 2643 πέντε
195 2581 242 2642 καλ
265 2580 378 2655 εἴκοσιν,
398 2579 467 2640 ὥστε
483 2580 612 2653 ἀλλήλους
626 2585 704 2662 δρᾶν·
725 2583 821 2659 διεῖργε
835 2581 863 2642 δέ

87 2670 180 2737 αὐτοῦς
191 2668 269 2747 μίσος
283 2672 330 2729 ἀπ’
343 2668 466 2741 ἀλλήλων
480 2667 600 2748 Ἔρυγὼν
620 2668 764 2745 ποταμδς,
783 2668 810 2735 δς
827 2672 862 2746 τῇ

91 2757 225 2838 ἀπιχωρίῳ
236 2762 311 2837 φωνῇ
321 2762 365 2817 νῦν
379 2758 480 2835 Βρῦνος
493 2758 630 2819 καλεῖται·
640 2757 752 2815 ένταῦθα
767 2754 818 2835 γδρ
829 2747 862 2828 ήν

89 2845 334 2926 ίστρατοπεδευκῶς
348 2844 431 2925 πέραν
449 2850 496 2903 τοῦ
510 2849 631 2922 ποταμοῦ
647 2849 661 2904 θ
675 2848 727 2904 τῶν
740 2845 862 2905 Παιόνων

88 2932 221 3012 βασιλεῦς.
264 2933 299 3012 (ι)
310 2930 506 3014 Μαχουμοότης
518 2933 565 3009 μὲν
574 2923 619 2991 σῦν
633 2932 760 3007 ,ἐόσόλετσ
771 2931 865 3000 διαόδις

86 3021 133 3081 τὸν
165 3019 286 3095 ποταμθν
310 3019 437 3098 ζυμμίζειι
456 3028 511 3088 τοῖς
551 3019 668 3093 Παίοσι,
691 3016 814 3099 βασιλεῦς
835 3020 863 3079 δὲ

86 3109 201 3187 πέμπων
220 3106 359 3167 διεκώλυεν
386 3106 483 3178 αθτδν,
502 3105 634 3184 μηδεμίαν
659 3105 776 3184 ἀνάγκην
796 3096 864 3165 είναι

86 3196 187 3276 λέγων,
205 3198 235 3257 τό
248 3219 278 3273 γε
289 3202 336 3256 νῦν
349 3194 426 3275 ἔχον,
440 3199 487 3267 τῆς
502 3200 550 3254 τοῦ
562 3200 683 3273 ποταμοῦ
698 3194 862 3268 διαόάσεως,

87 3285 149 3345 ἀλλ’
161 3290 249 3365 ἀρκεῖν
262 3284 374 3363 μένοντα
389 3283 479 3343 αι’ντόθι
493 3281 641 3363 ἐφεδρεόειν
655 3284 709 3351 τοῖς
719 3286 771 3342 τῶν
784 3285 863 3343 πολε-

88 3374 157 3451 μίων
171 3372 320 3454 πράγμασι.
332 3371 531 3452 Μαχουμοότης
543 3371 590 3448 μὲν
605 3360 649 3429 οῦν
661 3370 752 3447 ἔμενεν
763 3371 865 3452 ἡσυχά-

87 3466 141 3530 ζων
154 3460 201 3519 καί
214 3458 248 3519 τὰ
256 3463 308 3519 τῶν
320 3458 453 3536 πολεμίων
468 3462 637 3520 ἀποσκοπῶν.
680 3460 716 3539 (ε)
732 3458 766 3520 Ὁ
778 3458 805 3519 δὲ
812 3465 864 3519 τῶν

88 3548 215 3612 Παιόνων
235 3546 361 3627 ἡγεμὼν,
380 3551 415 3615 ὡς
434 3546 502 3624 ίγνω
522 3546 566 3607 τόν
583 3570 612 3605 τε
629 3548 740 3625 βασιλέα
760 3553 865 3630 πολιορ-

89 3642 188 3697 κοῦντα
201 3635 232 3694 τδ
246 3636 312 3696 ἄστυ
325 3634 372 3695 καί
387 3636 511 3713 μηδαμοῦ
526 3633 618 3694 τούτου
636 3636 862 3713 ἀπανιστάμενον,

91 3725 202 3785 καὶτὸν
222 3722 421 3804 Μαχουμοότια
440 3722 508 3801 μετὰ
526 3732 651 3801 στρατιᾶς
673 3722 713 3781 δτι
735 3724 862 3796 πλείστης

89 3812 261 3892 ἐφεδρεύοντα
279 3813 367 3891 αὐτῷ,
386 3809 515 3890 ἀπογνοὺς
532 3810 599 3878 δλως
621 3816 666 3871 τοῦ
688 3814 804 3891 φανερῶς
818 3812 863 3870 ti·

914 2140 1022 2219 χάρητε
1034 2139 1080 2198 καὶ
1093 2129 1156 2210 ήκεν
1167 2138 1192 2205 ές
1207 2136 1328 2216 βασιλέα,
1342 2136 1433 2195 λαθὼν
1446 2145 1535 2195 πᾶσαν
1547 2137 1632 2194 αὐτῶν
1643 2134 1692 2208 τήν

914 2226 1064 2298 ἀποσκευήν
1080 2226 1126 2285 καί
1140 2224 1186 2292 τδις
1202 2222 1306 2303 ἀμάξας
1318 2224 1364 2284 καί
1385 2224 1455 2284 δπλα
1470 2224 1515 2283 καλ
1535 2219 1632 2287 ίππους
1645 2222 1691 2280 καί

914 2313 973 2380 τοὺς
987 2313 1158 2393 σκευοφόρους
1170 2312 1272 2379 αὐτούς.
1288 2309 1426 2370 Ἀπέθανον
1442 2308 1470 2369 δὲ
1485 2314 1536 2368 τῶν
1551 2308 1687 2387 πολεμίοιν

914 2404 1050 2474 πλεῖστοι,
1071 2400 1221 2479 ἐλήφθησαν
1245 2398 1273 2457 δέ
1292 2399 1337 2459 καί
1360 2402 1453 2467 ζῶντες
1467 2398 1548 2477 ὀλίγῳ
1564 2398 1691 2464 ἐλάσσους

916 2488 1067 2560 διακοσίων,
1091 2486 1134 2555 σῦς
1157 2486 1264 2565 ὓστερον
1284 2484 1390 2563 ἀγαγὼν
1412 2488 1438 2545 έν
1463 2483 1598 2563 Βυζαντίῳ
1620 2485 1688 2545 πάν-

916 2600 964 2643 τας
979 2576 1128 2637 ἀπέκτεινεν
1143 2578 1157 2633 θ
1174 2574 1304 2653 βασιλεύς.
1347 2576 1380 2652 (s)
1402 2574 1487 2641 Αὐτὸς
1504 2573 1531 2631 el
1546 2572 1647 2653 ἡμέρας
1661 2575 1690 2633 οθ

918 2663 1020 2731 πολλάς
1053 2664 1188 2738 ἐπιμείνας
1216 2666 1249 2742 τῇ
1281 2662 1421 2743 πολιορκία
1444 2663 1489 2721 καί
1522 2660 1695 2742 πολυτρόπως

917 2751 1045 2832 πειράσας
1062 2756 1109 2810 τοῦ
1125 2751 1231 2823 ἄστεος,
1246 2752 1280 2817 ὡς
1295 2751 1368 2809 οὐδὲν
1388 2750 1479 2825 ἤνυεν,
1498 2750 1627 2831 ἀπογνοὺς
1642 2749 1691 2823 τήν

918 2840 1017 2922 αἵρεσιν
1027 2838 1130 2916 τούτου,
1144 2839 1283 2898 ἀναλαόδιν
1294 2837 1342 2911 τήν
1357 2838 1482 2919 στρατιὰν
1491 2838 1613 2918 τρέπεται
1626 2836 1690 2918 πρδς

917 2929 951 2989 τὰ
969 2926 1049 2987 λοιπδ
1062 2931 1113 2987 τῶν
1129 2926 1274 3009 φρουρίων,
1287 2926 1332 2985 καί
1346 2926 1585 3007 παραστησάμενος
1603 2930 1686 2985 ταῦτα

918 3021 944 3077 ίν
957 3019 988 3077 οῦ
1000 3018 1109 3085 πολλαῖς
1120 3018 1231 3097 ἡμέραις
1242 3059 1250 3088 ,
1262 3020 1315 3083 τοῖς
1328 3014 1387 3093 μέν,
1400 3014 1451 3075 δσα
1465 3039 1495 3095 γε
1510 3015 1593 3075 ἐδόκει
1607 3016 1691 3095 αὐτῷ,

921 3104 1035 3188 φρουρδις
1050 3105 1235 3185 ίγκαθίστησιν
1254 3103 1380 3186 ἰσχυράς,
1402 3103 1472 3165 ἔστιν
1494 3104 1511 3164 δ
1530 3105 1558 3164 δὲ
1579 3105 1625 3165 καὶ
1637 3128 1694 3165 οια-

919 3194 1052 3274 τέσκαψε·
1071 3192 1130 3260 τοὺς
1151 3192 1179 3251 δέ
1203 3192 1302 3274 ἄνδρας
1323 3192 1475 3267 ἀπέκτεινε,
1489 3194 1585 3260 παῖδας
1603 3192 1632 3252 δέ
1650 3192 1696 3251 καὶ

920 3289 1046 3359 γυναῖκας
1063 3280 1286 3357 ἠνδραποδίσατο.
1329 3281 1367 3361 (ν)
1392 3280 1580 3361 Καταδραμθνν
1601 3279 1629 3340 ti
1649 3281 1696 3340 καί

920 3374 967 3441 τῆς
981 3370 1063 3441 ἄλλης
1077 3368 1167 3449 χόνρας
1178 3368 1207 3427 τδ
1217 3371 1350 3443 πλεῖστον,
1359 3370 1427 3428 ἀλλά
1441 3368 1473 3441 δὴ
1488 3369 1534 3427 καὶ
1547 3373 1594 3441 τῆς
1606 3368 1695 3429 Παιό-

920 3481 972 3517 νων
986 3460 1035 3517 οθκ
1051 3457 1212 3536 ἀλίγον,’καλ
1230 3456 1303 3517 λείαν
1323 3458 1418 3525 θλάσας
1432 3458 1472 3516 δτι
1490 3458 1592 3529 πολλὴν
1617 3458 1695 3525 αὐτὸς

920 3546 967 3606 καὶ
985 3551 1018 3626 τῇ
1034 3554 1145 3627 στρατιᾷ
1160 3544 1263 3613 διαδοθς
1281 3545 1328 3605 καί
1347 3545 1488 3624 σατράπην
1502 3550 1535 3625 τῇ
1557 3544 1634 3626 χώρα
1649 3567 1696 3603 κα-

921 3632 1054 3708 ταλιπὼν,
1066 3634 1155 3713 θέρους
1168 3632 1294 3711 λήγοντος
1305 3633 1356 3706 ήδη
1372 3634 1505 3693 ἐπάνεισιν
1521 3636 1546 3699 ές
1555 3632 1603 3705 τήν
1619 3637 1696 3694 Κων-

922 3721 1075 3797 σταντίνσυ,
1090 3722 1135 3779 καί
1150 3720 1251 3780 διέλυσε
1269 3720 1316 3791 τήν
1330 3720 1468 3802 στρατιάν.
1485 3721 1539 3781 Καὶ
1554 3724 1568 3779 θ
1584 3720 1631 3799 μέν
1646 3724 1697 3801 βα-

921 3808 1007 3877 σιλεὺς
1019 3807 1112 3875 οῦτιυς.

124 4060 229 4124 v1.§r.
248 4062 330 4112 verbs
342 4061 410 4116 οῦτοι
425 4062 469 4124 γὰρ
489 4063 555 4120 εὐθὺς
568 4065 616 4113 etc.
631 4076 710 4126 usque
724 4062 756 4113 ad
776 4061 862 4127 ἐσφάλη
876 4068 916 4122 τῆς
926 4062 1020 4125 γνώμης
1039 4061 1165 4113 adduntur
1177 4062 1202 4112 144
1221 4062 1366 4127 margine..ss
1383 4064 1567 4128 -χρήσασθαι]
1581 4064 1696 4129 χρήσαιτο

89 4130 146 4184 cod.
164 4133 174 4195 ΙΙ
187 4158 218 4168 -
232 4131 247 4194 §
262 4138 285 4181 4.
297 4132 342 4194 γὰρ
356 4133 414 4196 post
428 4144 482 4183 voc.
495 4133 602 4194 βεαιὶεὺς
623 4130 682 4182 add.
698 4146 764 4182 man.
778 4140 801 4183 2.
819 4134 873 4195 ss—
885 4134 907 4189 ἐς
923 4132 1037 4194 'litaturi
1054 4132 1114 4182 Deb.
1129 4134 1166 4183 ἐπ’
1183 4133 1222 4183 rel
1233 4134 1319 4183 saitem
1332 4136 1356 4183 tv
1380 4134 1453 4197 (nd).
1467 4134 1583 4184 ceterum
1605 4138 1695 4199 prater

88 4215 178 4253 verum
193 4198 336 4253 cnrobulus
347 4202 430 4250 namot
443 4202 634 4262 Mecbemetem‚
651 4202 753 4252 dimissa
768 4205 853 4253 contra
865 4202 984 4253 llatbiam
998 4202 1121 4253 exercitus
1135 4207 1219 4267 porte,
1237 4204 1319 4254 laitrae
1338 4205 1492 4256 obsidionem
1504 4206 1659 4256 continuasse
1670 4210 1697 4255 et

89 4272 194 4332 deinde,
210 4285 289 4335 quum
307 4271 369 4320 411411
381 4270 526 4335 proficeret,
546 4274 640 4335 reliqua
654 4274 751 4324 Bossia
765 4273 865 4324 metella
887 4273 914 4323 in
929 4276 1078 4338 potestatem
1093 4270 1216 4337 redegisse
1227 4286 1256 4323 ao
1268 4277 1323 4323 tum
1336 4272 1437 4325 demum
1459 4273 1695 4339 Constantinopolim

65 4393 69 4401 ,
90 4357 147 4394 esse
159 4354 295 4392 reversum.
310 4344 344 4389 114
356 4340 467 4391 melioris
484 4344 552 4392 notro
564 4342 727 4406 scriptoribus
741 4344 838 4393 constat
851 4342 1043 4401 blecbemetem,
1063 4342 1177 4393 nuntiato
1191 4341 1292 4392 Matbira
1306 4342 1427 4405 adventu,
1443 4343 1597 4395 obsidionem
1609 4345 1694 4395 statim

90 4414 196 4464 solvisse
213 4425 244 4461 ac
250 4410 343 4461 relictis
360 4410 502 4463 bombardis
515 4413 652 4477 ceterisque
661 4413 842 4477 impedimentis
850 4428 865 4464 σ
873 4414 962 4465 Bosnia
974 4412 1123 4475 decessisse,
1134 4414 1264 4475 ilungaros
1271 4426 1332 4463 sero
1343 4414 1482 4465 serbernlfr
1492 4414 1594 4464 castello
1603 4414 1694 4478 potitos

90 4495 146 4533 csse
159 4484 185 4532 et
198 4480 321 4531 Zrooruifr
338 4478 426 4531 urbem
447 4481 529 4531 Drinae
543 4482 621 4532 fluvio
632 4484 769 4547 appositam
785 4486 890 4537 cinxisse
902 4484 1044 4545 obsidione;
1059 4484 1123 4533 banc
1134 4486 1218 4533 autem
1234 4485 1372 4534 lurcorum
1393 4484 1509 4550 praesidio
1529 4488 1580 4536 tam
1595 4486 1692 4551 egregie

90 4565 148 4603 csse
163 4551 306 4611 defensam,
328 4554 358 4601 ut
372 4563 416 4613 per
436 4551 500 4602 duos
515 4566 612 4605 menses
630 4554 726 4605 obsidio
746 4558 870 4607 incassum
892 4556 1039 4618 traheretur,
1060 4558 1086 4605 et
1106 4553 1216 4617 liungsri
1236 4558 1387 4606 commeatus
1409 4556 1490 4619 inopia
1515 4558 1541 4606 et
1561 4556 1695 4621 appropin-

92 4625 193 4687 quantis
211 4620 300 4672 hiemis
313 4623 460 4685 tempestate
481 4636 634 4688 summopere
649 4625 758 4677 laborare
777 4627 918 4691 cepissent.
934 4630 1031 4679 interea
1045 4624 1228 4675 blachumutem
1242 4624 1403 4690 quadraginta
1424 4626 1551 4676 bominum
1572 4624 1648 4676 millia
1664 4639 1695 4677 ex

91 4700 197 4757 Europe
214 4692 346 4758 moriuciis
359 4693 484 4757 collegisse
492 4697 518 4744 et
533 4708 618 4745 mense
631 4696 761 4746 Novembri
776 4697 883 4747 obsessis
898 4696 1029 4748 adduxisse
1041 4696 1139 4747 ambio.
1160 4694 1258 4753 Quibus
1268 4696 1442 4748 accedentibus
1454 4694 1553 4748 territos
1565 4697 1695 4761 ilungaros

91 4778 180 4817 versus
192 4766 285 4817 savum
298 4762 389 4827 fugisse
399 4764 425 4813 iu
434 4778 510 4828 esque
521 4764 579 4829 fuga
594 4766 626 4816 ab
638 4766 782 4829 insequente
794 4767 865 4818 boste
874 4768 1019 4832 gravissima
1029 4769 1110 4831 strage
1121 4766 1224 4816 affectos
1238 4779 1301 4818 esse.
1311 4766 1369 4817 vid.
1384 4770 1477 4824 cetone
1487 4767 1504 4817 1.
1516 4767 1533 4818 l.
1543 4780 1567 4830 p.
1581 4770 1692 4818 fas-7³³.

92 4837 137 4888 cf.
151 4833 318 4886 Seadeddinus
335 4847 360 4896 p.
382 4839 436 4894 235,
455 4836 500 4898 qui
517 4836 694 4886 blechemetem
709 4837 769 4887 dicit
785 4837 891 4889 voluisse
904 4839 1005 4902 quidem
1024 4836 1056 4888 ab
1073 4836 1146 4889 laitza
1163 4836 1225 4887 urbe
1240 4842 1325 4888 contra
1348 4836 1472 4889 Zwornii·
1489 4836 1625 4889 exercitum
1645 4836 1692 4888 dn·

89 4920 159 4967 cere,
175 4905 219 4955 sed
232 4906 332 4969 propter
344 4904 392 4954 ries
408 4896 565 4956 difficultates
579 4919 593 4956 s
607 4906 709 4955 oonsilio
727 4908 887 4959 desistentem
907 4910 1022 4973 sopiriam
1038 4908 1130 4959 abiisse
1146 4907 1231 4969 ibique
1248 4907 1382 4967 hiemasse,
1407 4907 1573 4959 Alexandrum
1593 4911 1691 4965 numm.

89 4976 188 5028 Turcici
206 4973 314 5039 presidii
326 4974 353 5023 in
366 4976 491 5027 ΖιευινιίΙι
506 4975 568 5027 urbe
590 4978 750 5040 prefectum,
767 4982 868 5029 strenue
885 4979 1036 5030 obsidionem
1053 4978 1172 5029 tolerasse
1192 4991 1270 5041 usque
1292 4977 1323 5028 ad
1341 4977 1474 5030 adveutum
1491 4978 1664 5031 Macbumutis.
1681 4981 1692 5045 ΙΙ

88 5074 121 5085 -
134 5048 149 5112 §
160 5053 185 5098 3.
198 5047 304 5113 'Epopeo
353 5051 393 5095 νῦν
407 5047 505 5111 Βρῦνσς]
518 5047 602 5098 Voluit
615 5048 748 5113 Ἐριγὼν...
759 5053 799 5097 νῦν
813 5055 894 5111 Δρῖνος
908 5050 981 5116 (bod.
996 5049 1095 5113 Drino)
1106 5086 1113 5110 ,
1125 5050 1152 5099 in
1167 5048 1257 5111 quibus
1277 5050 1404 5113 Erigonem
1424 5050 1517 5101 reteris
1535 5052 1689 5117 geographie

88 5118 191 5168 durium
202 5116 276 5181 (θα.
287 5118 439 5178 sara-sou)
449 5131 506 5169 cum
519 5118 596 5168 Drino
606 5119 746 5184 composuit
764 5119 854 5182 inepte.
872 5121 882 5183 11
897 5121 951 5186 -§
968 5126 1032 5186 ειτιῐν
1044 5120 1123 5185 σἰστει]
1138 5118 1196 5170 add.
1214 5133 1305 5184 mergo.
1320 5118 1329 5185 Ι
1346 5120 1405 5185 -§
1425 5127 1449 5171 s.
1464 5121 1604 5189 ξυμθάλλει]
1621 5134 1655 5177 m.
1668 5132 1682 5175 4

32 5234 35 5238 .
89 5188 229 5252 αροσθάλλει
242 5199 281 5255 pe,
294 5186 343 5245 fii
358 5212 385 5221 -
402 5186 455 5249 §s
466 5187 590 5253 λήγοντος]
603 5203 695 5254 margo,
706 5195 831 5254 μεσοῦντος
843 5192 907 5243 text.
1311 5190 1313 5195 '
