3809 5859
642 350 939 414 COMMENTAIRES
961 355 1036 418 SUR
1055 357 1191 418 L’lNllE.
1688 362 1723 418 'il

113 470 319 550 διημερεύοντες
338 472 365 528 ἐν
384 478 437 537 τοῖς
461 472 521 550 περὶ
544 477 591 530 τοῦ
608 472 676 532 θείου
694 473 789 552 λόγοις,
808 473 899 554 ἔχουσι

118 561 149 620 δὲ
167 561 257 627 οἴκους
280 559 326 618 καί
350 559 447 634 τεμένη
468 560 519 618 ὑπὸ
540 565 589 618 τοῦ
609 560 738 640 βασιλέως
758 564 899 640 οἰκοδομη-

119 649 213 721 θέντα,
229 651 256 705 έν
271 637 309 714 οἷς
324 647 456 722 οἰκονόμοι
470 647 534 706 εῖσῖν
547 649 695 708 ἁπότακτόν
710 673 735 707 τι
748 650 899 726 lepidul-

121 762 165 804 τες
188 736 265 817 παρά
286 740 332 794 τοῦ
349 734 477 812 βασιλέως
498 737 533 801 είς
554 735 652 815 τροφὴν
669 740 720 796 τῶν
745 737 895 800 συνιόντων.

117 825 156 887 Ἦ
182 824 211 884 δὲ
236 823 393 903 παρασκευὴ
421 823 520 901 γίνεται
547 825 640 903 ὀρύζης
665 824 711 883 καῖ
740 825 826 908 ἀρτων
854 827 899 886 καί

121 912 229 993 ὀπώρας
253 911 300 970 καί
325 911 461 990 λαχάνων.
506 910 559 970 Καὶ
587 912 755 972 εἰσελθόντων
787 917 823 979 εἰς
853 913 898 972 τδν

114 993 191 1061 οἷκον
206 999 257 1059 ὑπὸ
272 999 428 1078 σημαίνοντι
445 999 547 1058 κώδωνι
560 1002 584 1058 οί
599 1000 636 1075 μὴ
653 1003 805 1079 Σαμαναῖοι
822 1001 896 1070 ἐξία-

121 1115 181 1163 σιν,
203 1092 228 1148 οί
263 1089 291 1148 δὲ
322 1086 525 1167 προσεύχονται.
568 1087 729 1166 Εὐξαμένων
759 1089 787 1148 δὲ
817 1089 897 1148 πάλιν

118 1175 307 1244 διακωδωνίζει
318 1174 364 1234 καὶ
376 1177 400 1233 nl
412 1175 542 1254 ὑπηρέται
556 1175 659 1256 ἑκάστῳ
673 1177 794 1255 τρυόλίον
811 1177 898 1243 δόντες

118 1265 184 1346 (δύο
196 1263 247 1344 γὰρ
262 1265 292 1322 ἔκ
301 1265 396 1323 ταύτοῦ
409 1263 739 1344 ούκέσθίουσιλτρέρουσιν
753 1265 788 1347 (1)
805 1264 898 1332 αὐτοὺς

115 1359 153 1433 τῇ
171 1354 267 1432 όρύζη·
288 1351 371 1430 τῷδέ
391 1350 507 1432 δεομένῳ
528 1351 660 1419 ποικιλίας
676 1353 845 1432 προστίθεται
868 1353 899 1414 τδ

114 1443 237 1520 λάχανον
259 1441 276 1511 ἢ
295 1445 342 1511 τῆς
357 1439 463 1518 όπώρας
479 1463 514 1502 τι.
558 1440 708 1520 Τραρέντες
723 1443 750 1500 δέ
764 1441 899 1516 συντόμως

123 1527 230 1594 ἔπῖτδις
250 1525 329 1593 nord:
353 1526 490 1606 διατριθάς
507 1526 614 1595 ἐξίασιν.
657 1528 787 1604 Ἀγύναιοι
806 1527 829 1587 δ’
848 1529 899 1588 είσῖ

122 1619 222 1683 πάντες
235 1617 280 1675 καί
303 1615 451 1691 άκτήμονες
463 1615 507 1673 καί
523 1621 645 1675 τοσοῦτον
657 1618 741 1674 αὐτῶν
751 1640 780 1674 τε
791 1617 836 1675 καί
846 1620 899 1686 τῶν

122 1705 292 1786 Βραχμάνων
315 1702 396 1768 σέθας
420 1701 524 1782 ἔχουσιν
539 1705 563 1760 οἱ
584 1703 676 1779 ἄλλοι,
699 1704 767 1764 ὥστε
788 1705 897 1764 καὶτὸν

122 1793 235 1871 βασιλέα
252 1795 419 1873 ἀφικνεῖσθαι
431 1794 494 1870 παρ’
513 1791 604 1858 αὐτούς
622 1791 666 1850 καί
682 1792 806 1852 ἱκετεύειν
819 1791 897 1862 εὔξα-

120 1881 183 1940 σθαί
196 1893 228 1940 τι·
237 1881 284 1938 καῖ
297 1882 421 1950 δεηθῆναι
433 1880 499 1958 ὑπὲρ
510 1882 561 1936 τῶν
576 1881 835 1957 καταλαμόανόντων
848 1880 895 1952 τλν

119 1968 214 2049 χώραν
227 1968 246 2040 ἢ
258 1967 450 2044 συμόουλεῖῖσαι
461 1969 492 2028 τὸ
504 1968 647 2042 πρακτέον.

162 2060 228 2134 §la
251 2056 333 2116 Αὐτοὶ
345 2055 371 2114 δέ
386 2055 466 2121 οὕτως
479 2055 543 2134 πρὸς
558 2056 667 2116 θάνατον
690 2057 848 2135 διάκεινται,
863 2083 898 2126 ως

120 2145 168 2204 τὸν
187 2144 235 2218 μὲν
249 2149 295 2203 τοῦ
308 2147 353 2213 ζῆν
365 2142 457 2222 χρόνον
469 2141 559 2224 ὥσπερ
572 2143 720 2221 ἀναγκαίαν
731 2145 789 2205 τινίι
802 2150 836 2224 τῇ
850 2145 897 2226 ρύ-

118 2257 159 2292 σει
176 2232 342 2311 λειτουργίαν
362 2231 490 2299 ἀκουσίως
505 2231 659 2310 θπομένειν,
672 2233 792 2292 σπεύδειν
807 2234 835 2292 δὲ
850 2239 897 2300 τὰς

118 2322 208 2403 ψυχάς
239 2325 374 2380 ἀπολῦσαι
398 2323 451 2379 τῶν
479 2321 621 2398 σωμάτων.
665 2322 720 2381 Καὶ
754 2323 896 2398 πολλάκις,

120 2411 184 2470 ὅταν
199 2402 313 2488 εῧάρειν
331 2410 502 2489 σκέψυνται,
517 2409 628 2486 μηδενὸς
647 2409 739 2477 αὐτούς
752 2410 898 2488 ἐπείγοντος

119 2504 202 2557 κακοῦ
217 2497 285 2575 μηδὲ
300 2497 482 2566 ἐξελαύνοντος
500 2496 582 2565 ἐξίασι
596 2505 641 2557 τοῦ
664 2499 737 2577 βίον,
755 2498 898 2578 προειπόν-

119 2610 161 2653 τες
178 2586 269 2663 μέντοι
282 2594 339 2650 τοῖς
354 2587 457 2651 ἀλλοις·
475 2585 521 2643 καί
536 2585 607 2645 ἔστιν
620 2586 704 2652 οὐδεὶς
726 2591 740 2644 θ
755 2587 897 2658 κωλύσων,

119 2675 190 2732 ἀλλὰ
214 2675 314 2740 πάντες
338 2671 433 2740 αὖτοὺς
456 2673 679 2751 εὐδαιμονίζοντες
694 2674 759 2756 πρὸς
779 2675 839 2742 τοῖς
862 2677 898 2733 oi·

118 2763 206 2828 κείους
226 2765 279 2820 τῶν
303 2761 467 2832 τεθνηκότων
486 2760 680 2832 ἐπισκήπτουσί
694 2786 762 2824 τινα.
807 2763 898 2828 Ούτως

121 2851 236 2928 βεόαίαν
250 2850 296 2908 καῖ
310 2849 491 2921 ἀληθεστάτην
506 2849 579 2908 αὐτοί
590 2873 619 2908 τε
634 2849 679 2909 καὶ
695 2853 718 2910 οἱ
735 2852 828 2910 πολλοὶ
841 2857 899 2918 ταῖς

119 2943 223 3019 ψυχαῖς
241 2939 289 3008 τὴν
305 2943 361 3014 μετ’
378 2937 500 3008 ἀλλήλων
516 2928 582 2996 εἶναι
598 2938 700 2997 δίαιταν
716 2939 896 2998 πεπιστεύκα-

119 3050 176 3086 σιν.
220 3029 256 3086 Οί
277 3027 300 3083 δ’
316 3025 417 3086 ἐπειδάν
438 3026 611 3084 ὑπακούσωσι
631 3031 683 3084 τῶν
704 3028 898 3104 ἐντεταλμένων

117 3115 225 3186 αὐτοῖς,
239 3113 304 3194 πυρί
317 3115 346 3173 τό
360 3115 626 3192 σῶμαπαραδόντες,
644 3114 715 3182 ὅπως
730 3117 762 3188 δὴ
775 3121 895 3194 καθαρω·

116 3202 206 3274 τάτην
223 3201 384 3280 ἀποκρίνωσι
394 3207 438 3260 τοῦ
454 3199 576 3278 σώματος
587 3201 635 3274 τὴν
646 3203 750 3282 ψυχὴν,
768 3206 898 3280 ὑμνούμε-

116 3315 158 3350 νοι
175 3293 336 3350 τελευτῶσι·
359 3295 418 3371 ῥᾷον
434 3289 486 3368 γὰρ
501 3290 613 3356 ἐκείνους
631 3293 666 3357 εἷς
686 3291 729 3349 τὸν
740 3291 856 3351 ’θάνατον
872 3297 897 3351 οἱ

118 3381 242 3460 ριλτατοι
257 3377 461 3454 ἀποπέμπουσιν
476 3377 494 3448 ἢ
507 3381 558 3436 τῶν
574 3379 660 3436 ἄλλοιν
676 3380 818 3458 ἀνθρώπων
834 3379 896 3438 Suu-

119 3491 176 3526 στοι
188 3466 249 3534 τοὺς
261 3466 372 3532 πολίτας
387 3469 422 3533 εἷς
438 3465 475 3542 μὴ
492 3465 621 3542 μηκίστας
634 3467 795 3544 ἀποδημίας.
843 3469 897 3528 Καί

120 3565 186 3637 spii<
200 3555 250 3632 μὲν
263 3553 358 3620 αὐτοὺς
373 3554 529 3634 δακρύουσιν
537 3557 563 3612 ἐν
572 3558 608 3634 τῷ
617 3557 661 3625 ζῆν
672 3557 839 3631 διαμένοντας
854 3557 897 3638 (ε),

121 3645 233 3712 ἐκείνους
248 3641 275 3700 δὲ
291 3642 466 3722 μακαρίζουσι
479 3640 526 3712 τὴν
543 3642 672 3700 ἀθάνατον
685 3643 759 3714 λῆξιν
774 3647 897 3720 ἀπυλαμ·

123 3731 266 3803 θείνοντας,
288 3731 335 3789 καί
358 3729 440 3796 οὐδεὶς
458 3727 517 3788 οὔτε
539 3729 612 3808 παρὰ
630 3729 731 3798 τούτοις
751 3729 811 3789 οὔτε
825 3733 898 3809 παρὰ

124 3828 176 3885 τοῖς
189 3819 280 3885 ἀλλοις
298 3822 353 3884 τοῖς
374 3817 519 3896 εἰρημένοις
539 3817 663 3900 σοφιστὴς
683 3818 834 3898 προελθὼν,
849 3811 898 3880 οἶοι

122 3907 210 3987 βροτοί
237 3913 282 3964 νῦν
314 3907 379 3984 παρ’
400 3905 547 3982 Ἕλλησιν,
572 3909 680 3985 ἀπορεῖν
707 3908 777 3977 ἔδοξε
802 3908 896 3986 λέγων·

122 3995 187 4054 ’lits
210 3998 281 4070 ὑμᾶς
296 3994 392 4059 πάντες
411 3995 596 4072 μιμήσοινται,
612 3995 637 4054 τί
651 4000 715 4071 ἡμῖν
731 3996 820 4070 ἔσται,
839 3995 898 4055 ούτε

116 4081 165 4141 διδ
182 4082 290 4149 τούτους
303 4082 432 4160 συνεχύθη
446 4082 478 4140 τδι
489 4085 541 4139 τῶν
559 4082 714 4163 ἀνθρώπων.
758 4081 830 4143 Ούτε
846 4083 897 4162 γάρ

120 4171 289 4246 ἐμιμήσαντο
301 4169 413 4241 πάντες,
430 4167 455 4228 οἴ
469 4192 497 4226 τε
514 4170 670 4246 μιμούμενοι
691 4170 814 4247 εὐνομίας
829 4175 898 4249 μᾶλ-

120 4261 187 4334 λον,
201 4260 231 4317 οὗ
247 4255 400 4336 συγχύσεως
414 4265 466 4323 τοῖς
481 4257 564 4316 ἔθνεσι
579 4259 715 4338 γεγόνασιν
727 4258 818 4318 αἴτιοι.
844 4261 897 4318 Καὶ

124 4345 179 4420 μὴν
193 4347 251 4405 οὐδὲ
269 4349 283 4403 ό
296 4345 377 4422 νόμος
389 4343 496 4412 τούτους
511 4345 679 4424 ἠνάγκασεν,
700 4345 767 4405 ἀλλά
781 4355 834 4413 τοῖς
850 4347 897 4406 ἀλ-

119 4437 177 4498 λοις
200 4432 344 4513 ἐπιτρέψας
362 4439 489 4492 σιτεῖσθαι
510 4431 603 4512 κρέασι
620 4435 727 4502 τούτους
741 4435 899 4512 αὐτονόμους

119 4521 196 4580 εἴασε
210 4521 257 4580 καί
268 4519 365 4602 ἔσέρθη
377 4524 412 4588 ὣς
425 4525 503 4580 αὑτοῦ
515 4521 680 4602 κρείττονας,
692 4527 721 4582 οὐ
734 4522 787 4598 μὴν
799 4526 833 4589 ὡς
843 4526 899 4581 ἀδι-

119 4609 181 4676 κίας
194 4609 375 4688 κατάρχοντας
391 4609 512 4688 *υπηγαγε
525 4613 558 4688 τῇ
575 4611 639 4688 παρ’
653 4614 732 4668 αὑτοῦ
745 4609 820 4689 δίκῃ,
832 4610 900 4669 ἀλλά

120 4697 185 4764 τούς
197 4697 310 4782 ἑτέρους.
355 4698 429 4779 Πρὸς
447 4697 536 4774 μέντοι
549 4697 608 4765 τοὺς
622 4700 775 4777 ἐρωτῶντας
788 4698 814 4756 τί
826 4697 900 4757 ἔσται

122 4786 321 4863 μιμησαμένων
338 4785 447 4846 πάντων
463 4785 522 4854 τοὺς
539 4787 685 4856 τοιούτους,
701 4787 791 4867 ῥητέον
807 4787 837 4844 τὸ
854 4793 899 4846 τοῦ

120 4873 300 4952 Πυθαγόρου·
321 4874 367 4933 καί
392 4874 443 4954 γάρ
473 4875 602 4951 βασιλέων
625 4875 732 4934 πάντων
754 4875 899 4953 γενομένων

119 4961 330 5029 δυσδιέξακτοςὸ
345 4961 417 5040 βίος,
438 4963 534 5043 ρησίν,
548 4961 621 5021 ἔσται
639 4962 686 5022 καῖ
698 4967 727 5024 οὐ
742 4963 825 5036 δήπου
838 4987 901 5043 ρευ-

114 5049 199 5109 κτέον
215 5049 306 5121 τὸτῆς
323 5050 472 5128 βασιλείας·
490 5051 536 5109 καὶ
550 5050 699 5110 σπουδαίων
716 5051 839 5112 ἀπάντων
853 5055 899 5112 οὐκ

153 5175 192 5242 (ι)
205 5179 332 5242 τρέφοντες.
346 5205 377 5216 -
390 5179 424 5244 (2)
436 5179 606 5243 διαμείναντες.

953 490 982 528 σε
996 481 1076 529 totum
1091 479 1158 530 diem
1174 480 1198 530 in
1213 479 1303 534 divinis
1314 479 1443 542 colloquiis
1455 477 1606 540 traducunt,
1623 478 1668 529 ubl
1680 482 1726 528 do·

953 580 1008 617 mos
1019 571 1045 617 et
1056 567 1112 618 tana
1125 583 1140 618 a
1151 581 1207 632 rege
1216 569 1341 618 exstructa
1350 567 1443 616 habent
1454 566 1495 615 :in
1507 566 1598 630 quibus
1607 568 1727 617 ‹eoonoud

953 659 1023 716 sunt,
1034 657 1077 718 qni
1088 658 1182 706 certam
1197 655 1321 719 quandam
1335 653 1474 706 meroadem
1488 653 1520 704 ad
1531 654 1727 704 convenientium

952 744 1095 794 elimentum
1109 757 1124 794 a
1140 758 1197 808 rege
1210 744 1340 809 areipinnt,
1372 742 1561 823 vietns'eomm
1574 755 1606 791 er
1615 757 1689 806 oryra
1702 750 1728 792 et

952 845 1015 896 pane
1027 832 1142 895 etpumia
1153 835 1179 882 et
1193 832 1300 882 oleribus
1310 835 1448 896 apparatur,
1480 833 1543 880 Nam
1555 844 1613 880 oum
1624 831 1728 894 ingressi

952 923 978 970 in
991 921 1090 970 domum
1104 920 1211 981 luerint,
1223 920 1255 970 ad
1266 919 1421 994 tintinnabuli
1433 919 1657 992 simulo-Samae&
1670 932 1726 982 pre·
1761 907 1835 970 stud
1841 908 1866 962 t
1876 931 1881 941 ’
1893 914 1898 924 ’

952 1021 995 1080 ees
1011 1009 1157 1070 eliandunt;
1175 1008 1242 1071 quod
1262 1008 1306 1058 ubi
1327 1007 1455 1067 tenemnt,
1474 1008 1543 1071 signo
1562 1008 1654 1058 iterum
1669 1007 1728 1057 dato

952 1096 1059 1147 ministri
1070 1097 1172 1160 singulis
1183 1097 1253 1146 lance
1266 1096 1365 1158 oblato,
1382 1095 1431 1144 duo
1443 1095 1509 1144 enim
1524 1109 1555 1145 er
1570 1095 1658 1146 eodem
1668 1108 1728 1145 mse

952 1199 1001 1234 non
1022 1184 1170 1245 oomedunt,
1183 1199 1257 1247 oryza
1275 1185 1342 1248 ipsos
1359 1187 1470 1247 pascunt.
1504 1184 1529 1233 si
1547 1185 1604 1248 quis
1624 1184 1726 1234 vanieta-

953 1277 1004 1323 tem
1018 1273 1125 1337 aliquare
1137 1275 1258 1336 requirat,
1273 1272 1329 1322 olus
1342 1275 1385 1322 ant
1395 1285 1526 1336 pomorum
1542 1271 1670 1336 quidpiam
1680 1285 1724 1334 ap·

951 1363 1052 1426 ponitur
1075 1362 1186 1426 :quibus
1204 1375 1263 1411 sane
1283 1361 1396 1411 ueleriter
1411 1364 1555 1410 vescuntur.
1588 1363 1644 1418 Quo
1662 1360 1727 1409 teoto

951 1453 1041 1501 exeunt
1053 1450 1086 1500 ad
1099 1450 1184 1501 eadem
1195 1449 1276 1500 studia
1289 1461 1344 1500 sese
1357 1448 1508 1498 eonversuri.
1539 1434 1632 1498 Omnes
1642 1450 1727 1497 entem

951 1540 1051 1590 delibes
1067 1541 1125 1589 sunt
1136 1551 1216 1601 neque
1231 1539 1295 1588 ullas
1308 1537 1476 1602 possessiones
1492 1536 1599 1595 habent3
1611 1550 1641 1585 ae
1658 1538 1727 1586 tanta

952 1630 977 1677 et
990 1628 1036 1691 ipsi
1049 1629 1076 1677 et
1088 1627 1251 1676 Brachmeues
1261 1627 1287 1675 in
1295 1624 1452 1676 veneratione
1463 1623 1529 1687 apud
1539 1623 1601 1673 alios
1614 1625 1673 1672 sunt
1681 1661 1688 1684 ,
1697 1625 1727 1673 ut

955 1729 998 1764 rex
1012 1728 1111 1778 quoque
1124 1714 1247 1764 interdum
1260 1713 1293 1763 ad
1307 1727 1351 1763 eos
1367 1712 1483 1773 assedet,
1500 1714 1617 1774 rogetque
1637 1713 1666 1760 ut
1682 1695 1727 1773 pro

952 1804 1019 1850 statu
1034 1801 1140 1866 regionis
1159 1801 1233 1851 deum
1251 1802 1389 1864 proveatur,
1404 1803 1448 1849 ant
1461 1799 1523 1863 quid
1534 1797 1657 1861 agendum
1675 1797 1725 1857 sit,

951 1891 1092 1940 consulant,

983 1977 998 2040 §
1016 1981 1053 2026 18.
1071 1978 1212 2040 ipsiautem
1222 1977 1258 2026 ita
1269 1989 1328 2038 erga
1339 1978 1446 2025 mortem
1464 1973 1549 2023 allecti
1563 1975 1637 2035 snut,
1649 1978 1678 2022 ut
1691 1987 1728 2022 νι-

951 2065 1025 2114 rendi
1041 2069 1140 2128 tempus
1159 2064 1232 2127 qnasi
1247 2063 1413 2116 necessarium
1430 2060 1556 2125 quoddam
1569 2064 1665 2110 natura
1678 2059 1725 2108 mi·

951 2150 1081 2200 nisterium
1096 2150 1167 2200 inriti
1183 2150 1335 2209 sustineant,
1349 2152 1422 2212 atque
1435 2149 1492 2198 ideo
1507 2148 1601 2197 animas
1612 2160 1627 2195 a
1638 2159 1725 2210 norpo

951 2240 1021 2289 ribus
1033 2239 1148 2288 festinent
1161 2238 1297 2288 absolvere.
1330 2243 1366 2303 ae
1379 2250 1445 2301 sepe
1455 2236 1500 2286 ubi
1516 2235 1579 2285 bene
1594 2248 1621 2284 se
1633 2234 1726 2284 habere

951 2329 1134 2392 conspexerint,
1153 2328 1220 2377 nullo
1241 2326 1306 2376 malo
1322 2330 1428 2390 urgente
1442 2339 1457 2375 e
1473 2324 1525 2374 rita
1545 2323 1682 2381 decedunt,
1698 2335 1726 2371 re

951 2421 1035 2466 tamen
1049 2417 1104 2466 aliis
1124 2415 1303 2479 praenuntiato,
1322 2414 1454 2476 nullusque
1473 2412 1506 2462 sit
1524 2412 1567 2474 qui
1582 2409 1725 2474 prohibeat,

951 2505 997 2555 sed
1009 2518 1095 2556 omnes
1105 2518 1149 2554 eos
1159 2504 1245 2553 beatos
1255 2501 1417 2566 predicantes
1426 2503 1479 2552 suis
1493 2501 1597 2564 quisque
1606 2497 1724 2549 domesti-

951 2593 988 2643 eis
1005 2594 1131 2645 morituris
1143 2592 1258 2644 mandata
1269 2591 1384 2656 quedam
1401 2590 1499 2640 tradam
1515 2611 1522 2639 ·.
1539 2589 1600 2638 adeo
1612 2587 1725 2638 stabilem

953 2696 982 2731 ae
995 2696 1080 2733 reram
1089 2685 1115 2731 et
1123 2682 1171 2744 ipsi
1181 2684 1207 2732 et
1214 2680 1326 2744 plerique
1341 2678 1470 2730 ammabus
1483 2679 1547 2727 inter
1561 2691 1588 2726 se
1600 2679 1656 2740 post
1673 2676 1725 2726 obi-

952 2777 1007 2823 tum
1016 2772 1093 2821 uitam
1101 2783 1156 2820 esse
1165 2769 1329 2820 erediderunt.
1361 2768 1399 2818 illi
1411 2771 1496 2816 autom
1504 2766 1547 2815 nbi
1558 2765 1673 2814 mandata
1681 2763 1726 2814 sibi

952 2860 1085 2912 commissa
1106 2860 1284 2924 perueperunt,
1303 2870 1406 2920 corpore
1424 2858 1450 2905 in
1463 2855 1544 2918 ignem
1558 2853 1682 2914 oonjecto,
1699 2855 1727 2901 ut

953 2946 1140 3010 purissimama
1161 2957 1263 3010 corpore
1278 2943 1384 2994 animam
1402 2943 1545 3001 secernant,
1562 2940 1593 2989 ab
1613 2939 1728 2989 omnibus

951 3036 1070 3086 celebrati
1093 3037 1200 3085 mortem
1217 3032 1317 3084 obeunt.
1350 3031 1461 3094 AEquiori
1482 3030 1547 3080 enim
1568 3029 1650 3078 auimo
1673 3027 1728 3076 illos

952 3124 1025 3175 amici
1040 3138 1069 3173 ac
1080 3123 1211 3188 propinqui
1222 3121 1255 3172 ad
1263 3123 1369 3172 mortem
1383 3120 1525 3179 dimittunt,
1543 3131 1618 3182 quam
1630 3117 1671 3167 alii
1680 3116 1725 3165 ho·

952 3213 1032 3262 mines
1048 3225 1106 3261 snos
1126 3212 1232 3274 quisque
1250 3209 1318 3259 eires
1328 3209 1354 3257 in
1367 3222 1416 3257 non
1432 3205 1566 3257 admodum
1583 3205 1727 3267 longinquas

951 3300 1175 3366 peregrinationes:
1192 3311 1222 3348 ae
1236 3298 1342 3361 seipsos
1355 3296 1398 3359 qui
1414 3296 1440 3345 in
1459 3295 1509 3344 uita
1523 3293 1669 3356 superstites
1686 3303 1727 3338 re·

953 3389 1102 3448 manserint,
1113 3387 1256 3451 deplorant,
1275 3386 1330 3435 illos
1348 3385 1436 3441 beant,
1455 3383 1545 3446 quippe
1563 3377 1727 3429 immortalem

952 3480 1044 3526 sortem
1056 3477 1109 3539 Jam
1121 3474 1265 3538 receperint.
1298 3476 1382 3535 Neque
1393 3471 1514 3533 quispiam
1526 3471 1570 3517 aut
1586 3465 1651 3528 apud
1664 3465 1726 3524 lios,

951 3569 996 3616 aut
1010 3565 1076 3628 apud
1092 3565 1153 3614 alios
1166 3576 1229 3626 quos
1241 3561 1353 3625 superius
1364 3557 1568 3616 commemorari,
1579 3554 1690 3617 sophista
1699 3566 1729 3602 as

952 3655 1104 3704 declamator
1120 3651 1269 3716 procedens,
1284 3649 1370 3712 quales
1384 3646 1456 3696 multi
1467 3644 1534 3708 apud
1547 3647 1648 3693 Graecos
1662 3653 1728 3692 nune

953 3746 1026 3803 sunt,
1043 3742 1155 3793 dubitare
1171 3740 1303 3800 vuusest,
1316 3735 1454 3796 aedicere,
1466 3734 1487 3784 si
1499 3746 1549 3782 non
1564 3746 1649 3782 omnes
1666 3731 1726 3780 imi-

953 3830 1080 3887 tabuntur,
1094 3828 1154 3891 quid
1163 3825 1234 3875 nobis
1241 3824 1351 3874 eveniet?
1362 3836 1443 3884 neque
1450 3823 1550 3885 propter
1560 3820 1607 3869 hos
1612 3819 1728 3868 humana

952 3933 993 3969 res
1004 3919 1111 3969 contusae
1123 3919 1189 3966 sunt.
1222 3917 1284 3963 Nam
1299 3925 1378 3974 neque
1389 3923 1475 3960 omnes
1485 3911 1531 3959 lios
1542 3889 1602 3958 sunt
1613 3908 1704 3958 imitati
1720 3926 1727 3956 ι

952 4012 979 4060 ει
1000 4009 1043 4070 qni
1061 4005 1152 4056 imitati
1171 4007 1244 4066 sunt,
1258 4001 1352 4052 ordinis
1370 3992 1454 4064 potius
1473 4001 1501 4049 et
1522 3997 1726 4061 tranquillitatis,

952 4111 1027 4159 quam
1040 4094 1192 4146 contusionis
1205 4091 1301 4156 populis
1309 4090 1335 4138 in
1343 4101 1418 4138 rausa
1427 4088 1586 4137 exstiterunt
1620 4089 1652 4136 λι
1661 4087 1727 4137 enim

952 4201 1032 4251 neque
1050 4187 1091 4237 lex
1105 4185 1145 4234 his
1165 4182 1337 4234 nenessitatem
1355 4180 1430 4229 ullam
1452 4177 1587 4238 atterebat,
1604 4174 1649 4225 sed
1670 4188 1727 4224 cum

952 4277 1008 4326 aliis
1018 4273 1186 4344 permitteret,
1203 4274 1232 4320 ut
1246 4269 1359 4319 carnibus
1370 4268 1536 4326 resuerentur,
1550 4265 1598 4314 lios
1610 4263 1650 4314 sui
1664 4261 1728 4326 juris

952 4368 982 4415 ut
992 4366 1092 4425 essent,
1106 4360 1219 4423 reliquit,
1229 4363 1256 4408 et
1268 4356 1339 4421 quasi
1353 4370 1380 4406 se
1396 4356 1537 4420 superiores
1547 4356 1666 4404 venerata
1675 4353 1726 4402 est.

953 4455 1039 4517 Neque
1055 4450 1121 4501 enim
1141 4450 1188 4498 lios
1199 4447 1272 4511 qnasi
1284 4445 1412 4508 injustitia
1431 4445 1627 4507 perpetratores,
1648 4453 1728 4505 poeuae

953 4555 1029 4603 quam
1043 4536 1280 4602 irrogatmubjeeit,
1296 4534 1341 4584 sed
1356 4532 1425 4582 alios.
1458 4532 1496 4581 Ad
1513 4545 1556 4581 eos
1576 4534 1671 4588 tamen,
1684 4527 1729 4592 qui

953 4627 1013 4702 quid
1026 4629 1176 4677 eventurum
1187 4625 1236 4684 sit,
1254 4623 1397 4686 requirunt,
1411 4621 1433 4670 si
1451 4633 1537 4669 omnes
1556 4615 1728 4682 hujuscemodi

953 4717 1030 4766 vitam
1043 4715 1171 4764 hominum
1184 4713 1320 4771 imitentur,
1340 4709 1401 4760 illud
1413 4709 1558 4771 Pythagora
1575 4705 1726 4780 responden-

956 4804 1017 4853 dum
1030 4805 1084 4853 est:
1118 4801 1143 4850 si
1155 4800 1318 4851 enimomnes
1331 4799 1414 4848 essent
1430 4808 1516 4860 reges,
1526 4794 1676 4851 eliquetur,
1687 4791 1726 4840 in·

955 4892 1021 4955 quit,
1042 4893 1073 4941 ut
1087 4889 1221 4941 dificulter
1240 4887 1292 4937 rita
1313 4884 1411 4936 traduci
1428 4885 1524 4948 posset,
1545 4894 1625 4944 neque
1643 4883 1727 4928 tamen

955 4984 1083 5045 propterea
1095 4977 1239 5042 fugiendum
1251 4988 1354 5039 reginum
1367 4975 1415 5024 est.
1447 4972 1487 5021 sie
1499 4983 1597 5034 quoque
1607 4969 1629 5017 si
1639 4978 1727 5016 omnes

954 5069 1025 5136 probi
1033 5066 1245 5131 sint,reipubllcoe
1253 5061 1353 5127 quidem
1363 5059 1520 5124 expediendse
1530 5052 1726 5119 aoduponende
