3809 5859
664 327 959 390 COMMENTAIRES
981 329 1054 390 SUR
1074 331 1205 391 L'INDE.

122 461 174 520 καί
192 457 278 538 quad,
294 458 341 517 καί
362 461 435 536 ζῶα,
451 458 497 516 καῖ
512 457 602 526 ἁπλῶς
626 456 675 517 ὅσα
697 459 760 519 ἐστί.
803 462 901 520 Τοῦτον

121 549 171 608 τδν
186 545 330 628 ἀνδριάντα
345 545 410 626 φασί
425 544 565 605 δεδωκέναι
577 547 621 606 τὸν
633 547 690 606 θεδν
702 550 739 626 τῷ
759 549 822 627 υἱῷ,
834 552 902 620 tuq·

120 637 186 695 νίκα
202 635 246 694 τδν
262 634 360 712 κόσμον
374 633 489 708 ἔκτιζεν,
502 634 546 693 ἵνα
559 634 637 694 αυτδν
651 634 701 714 ἔχῃ
721 637 900 715 παράδειγμα.

122 724 266 797 Ἔξήτασα
283 724 328 799 δὲ,
350 721 432 802 φησί,
454 722 533 790 ποίας
560 723 631 783 ἐστὶν
651 723 730 796 ὕλης,
753 724 799 783 καί
822 723 903 783 διεθε-

124 813 238 873 6αιοῖιτο
261 817 275 871 δ
295 813 452 886 Σανδάλης,
476 811 638 892 ἐμαρτύρουν
662 812 689 870 δὲ
713 813 786 892 αύτῷ
810 813 856 870 καλ
880 816 904 871 oi

124 903 221 978 ἄλλοι,
247 900 347 979 μηδένα
372 899 470 960 εἰδέναι
492 900 570 966 ποίας
586 899 650 971 ὕλης
669 899 739 958 ἐστὶν
761 904 775 958 δ
797 899 904 980 ἀνδριὰς

124 993 234 1056 ἐκεῖνος.
293 985 363 1049 Οὔτε
393 986 445 1068 γάρ
473 987 584 1068 χρύσεός
614 992 704 1058 ἐστιν,
730 986 789 1047 οὔτε
824 989 904 1066 ἀργύ-

126 1102 202 1157 ρεος,
216 1075 274 1136 οὔτε
289 1076 422 1156 χάλκεος,
437 1075 495 1134 οὔτε
510 1075 621 1149 λίθινος,
642 1075 703 1134 ούτε
722 1074 804 1148 άλλης
825 1075 903 1148 ὓλης·

127 1166 198 1226 elli
222 1166 323 1242 μᾶλλον
347 1163 532 1246 παραπλήσιός
558 1166 614 1223 ἐστι
640 1161 707 1244 ξύλῳ
738 1165 904 1244 στερρατάτῳ

124 1255 172 1315 καὶ
186 1251 380 1334 σἰσηπτοτάτῳ*
397 1253 434 1330 μὴ
450 1243 516 1310 εἶναι
531 1251 558 1311 δὲ
580 1251 665 1320 ξύλον.
709 1252 903 1330 Προσετίθεσαν

126 1343 154 1403 δέ
170 1343 301 1421 λέγοντες,
313 1341 417 1400 ὅτιτῶν
433 1341 564 1420 βασιλέων
574 1364 613 1407 τις
625 1340 746 1420 ἐθέλητον
762 1340 904 1421 ἀφελέσθαι

124 1431 209 1513 τρίχα
232 1434 262 1490 ἐκ
281 1435 334 1489 τῶν
355 1430 417 1508 περὶ
436 1428 479 1487 τὸν
502 1430 636 1509 τράχηλον
654 1431 732 1486 αὐτοῦ
743 1474 752 1502 ,
770 1428 816 1487 καὶ
836 1419 903 1505 αἷμα

128 1524 236 1600 ῥεῦσαι·
251 1518 294 1578 καλ
306 1517 454 1598 φοόηθῆναι
467 1517 511 1576 τὸν
527 1514 639 1596 βασιλέα
653 1518 764 1589 ἐκεῖνον,
779 1519 813 1582 ὡς
829 1516 904 1593 μόλις

128 1606 276 1682 εὐξαμένων
300 1609 353 1664 τῶν
377 1604 545 1684 Βραχμάνων
571 1603 771 1674 ἀνακτήσασθαι
798 1604 916 1670 ἑαυτόν.

128 1695 194 1755 Ἐπί
206 1694 274 1775 dir-‘q’
287 1695 390 1775 κεφαλῇ
404 1694 496 1753 τούτου
508 1691 614 1771 λέγουσι
628 1697 685 1751 θεοῦ
698 1691 807 1768 ἄγαλμα
823 1683 902 1766 εἶναι,

128 1787 163 1849 ὡς
177 1782 221 1841 ἰπὶ
242 1782 331 1863 θρόνου
350 1781 420 1849 τινὸς
437 1781 596 1858 καθήμενον.
640 1779 754 1860 Λέγουσι
769 1777 796 1838 δὲ
810 1779 855 1838 καί
876 1782 903 1838 ἰν

127 1879 182 1938 τοῖς
195 1869 329 1947 καύμασιν
344 1870 431 1949 ίδροῶν
446 1865 506 1927 ύλον
520 1867 564 1926 τόν
582 1868 724 1946 ἀνδριάντα
737 1872 842 1940 τοῦτον,
858 1867 903 1926 καὶ

129 1957 279 2039 ριπίζεσθαι
295 1956 346 2016 barb
363 1961 415 2016 τῶν
430 1955 620 2035 Βραχμάνων,
634 1954 680 2013 καί
700 1954 830 2014 παύεσθαι
844 1953 903 2020 τοὺς

127 2049 260 2126 ἱδρῶτας·
275 2045 321 2103 καὶ
339 2043 411 2120 εἰμὴ
433 2044 566 2124 ριπίζυιεν,
581 2043 663 2104 πολδν
682 2041 769 2123 φέρειν
784 2043 901 2124 ἱδρῶτα,

128 2138 165 2202 ὡς
176 2133 317 2213 βρέχεσθαι
327 2131 375 2204 τὴν
386 2132 446 2213 περὶ
461 2132 538 2192 αὐτὸν
550 2136 610 2210 γῆν.
655 2131 805 2210 Ἐνδότερον
817 2129 844 2188 δὲ
854 2133 902 2190 αὖ·

127 2227 174 2282 τοῦ
197 2225 225 2281 ἐν
239 2226 278 2302 τῷ
293 2220 414 2302 σπηλαίῳ
437 2220 504 2298 μετὰ
532 2220 682 2296 λαμπάδων
701 2221 865 2297 εἰσέρχονται
878 2221 902 2278 ol

127 2311 291 2390 βουλόμενοι,
308 2309 354 2367 καὶ
371 2307 520 2387 εὑρίσκουσι
536 2307 615 2387 θύραν
634 2307 702 2366 τινά·
718 2305 745 2374 ἐξ
756 2299 787 2378 ἧς
808 2306 898 2387 προέρ-

124 2421 202 2479 χεται
216 2397 299 2476 ὕδωρ,
310 2398 356 2456 καῖ
369 2397 489 2473 λιμνάζει
502 2395 608 2475 περὶτὰ
622 2398 760 2454 τελευταῖα
772 2400 818 2453 τοῦ
831 2417 900 2466 σπη·

124 2487 210 2548 λαίου.
253 2485 308 2546 Καὶ
322 2489 357 2552 ῶς
366 2485 549 2556 δοκιμάζοντες
565 2481 671 2549 ἑαυτούς
682 2483 845 2563 εἰσέρχονται
858 2481 901 2541 διόι

126 2580 174 2647 τῆς
193 2575 272 2653 θύρας
293 2575 406 2644 ἐκείνης.
450 2571 505 2632 Καὶ
524 2571 580 2630 ὅσοι
591 2574 641 2630 εἰσὶ
656 2572 765 2650 καθαροὶ
786 2570 839 2630 eci
856 2575 903 2641 τῆς

122 2663 289 2744 φαυλότητος
303 2667 349 2720 τοῦ
363 2662 422 2740 βίου
436 2659 600 2742 εἰσέρχονται
614 2658 810 2736 ἀνεμποδίστως
824 2661 902 2739 εὐρυ-

126 2752 240 2829 νομένης
258 2756 305 2822 τῆς
325 2749 418 2830 θύρας·
434 2747 479 2807 καῖ
503 2748 650 2828 εὑρίσκουσι
667 2747 757 2825 πηγὴν
774 2748 901 2826 μεγίστην

127 2841 224 2905 θδατος
244 2839 311 2896 πάνυ
330 2839 517 2915 διαυγεστάτου
544 2835 589 2895 καί
604 2836 806 2912 ποτιμωτάτυυ,
822 2835 849 2903 ἐξ
871 2827 903 2908 ἧς

126 2929 159 2986 τό
183 2925 255 3006 ύδωρ
269 2929 350 2984 ἐκεῖνο
371 2925 541 3005 προέρχεται.
582 2926 618 2984 Οἱ
638 2921 665 2981 δέ
685 2927 711 2982 ἰν
736 2922 902 3000 καταγνώσει

128 3014 204 3081 ὄντες
219 3013 286 3072 πολῖι
299 3013 424 3072 θλίύυυσιν
437 3013 560 3072 εἰσελθεῖν
573 3011 616 3070 διὰ
629 3016 676 3083 τῆς
692 3011 771 3092 θύρας
783 3011 900 3088 ἐκείνης,

129 3104 178 3164 καί
194 3105 224 3162 οὗ
241 3102 375 3174 δύνανται,
388 3101 557 3179 στενουμένης
574 3104 666 3171 αὐτῆς·
677 3103 769 3167 οίτινες
782 3099 901 3178 βιαζόμε·

127 3214 172 3250 νοι
184 3190 398 3266 ἐξομολογοῖνται
411 3190 513 3248 ἐπὶτῶν
530 3187 624 3268 ἑτέρων
636 3186 661 3246 εῖ
675 3210 701 3245 τι
710 3188 843 3267 ἥμαρτον·
857 3187 903 3246 καὶ

127 3278 386 3352 δέησιν’ποιο’ύνται,
397 3275 439 3334 ἵνα
455 3281 478 3336 oi
488 3275 575 3336 λοιποί
590 3274 715 3344 εὔξωνται
726 3275 785 3356 περὶ
802 3277 902 3334 αὐτῶν·

124 3369 174 3427 καὶ
184 3367 337 3440 νηστεύουσι
346 3365 438 3446 χρόνον
450 3365 506 3423 τινδι
518 3364 617 3426 ῖκανόν.
659 3364 732 3424 Ἐκεῖ
748 3387 825 3443 φασιν
836 3367 903 3443 εἰρη·

126 3457 203 3516 κέναι
232 3453 293 3521 τοὺς
321 3455 380 3534 περὶ
413 3453 456 3512 τόν
492 3454 633 3526 Σανδιίλην
657 3451 814 3528 συνάγεσθαι
843 3451 903 3520 τοὺς

125 3549 304 3624 Βραχμᾶνας,
318 3541 406 3624 ἡμέρα
418 3542 507 3618 μέντοι
521 3541 681 3620 τεταγμένῃ·
697 3541 755 3598 ἀλλ’
774 3530 840 3599 εἶναι
855 3539 903 3615 μέν

126 3658 202 3699 τινας
216 3636 269 3694 έκεῖ
284 3631 391 3712 ἔχοντας
403 3629 452 3701 τὴν
467 3629 612 3711 διατριόήν.
654 3626 723 3694 Tube
736 3627 764 3687 δὲ
787 3629 903 3708 α’λλαχό·

126 3727 171 3780 θεν
195 3721 309 3780 συνιέναι
330 3719 418 3800 θέρους
439 3718 515 3800 ῶρφ,
541 3717 666 3797 καὶπερὶ
688 3717 718 3775 τό
742 3715 903 3796 φθινόπωρον

127 3809 321 3882 πλεοναζούσης
344 3812 390 3880 τῆς
404 3807 525 3888 ὀπώρας,
541 3806 585 3866 eet
599 3830 626 3865 τε
647 3805 696 3877 τὴν
720 3804 780 3863 θέαν
794 3811 839 3864 τοῦ
856 3809 903 3864 αἰν-

127 3899 260 3978 δριάντος,
275 3897 320 3957 καὶ
341 3896 386 3956 ίπῖ
407 3895 437 3956 τό
454 3896 577 3968 ἀλλήλοις
592 3893 735 3971 συμμίξαι·
750 3893 796 3951 καὶ
816 3895 852 3960 είς
873 3893 903 3952 τδ

127 3996 223 4066 πεῖραν
238 3987 336 4045 ἑαυτῶν
348 3984 457 4058 λαθεῖν,
473 3986 495 4044 εἰ
515 3984 640 4043 δύνανται
654 3982 777 4042 εἰσελθεῖν
792 3981 835 4040 διὰ
855 3985 902 4053 τῆς

129 4076 270 4155 εἰρημένης
283 4073 370 4152 θύρας.
413 4072 537 4134 Γίνεσθαι
552 4072 579 4131 δέ
595 4075 650 4131 ἐκεῖ
664 4071 784 4142 ζητήσεις
797 4069 902 4148 λέγουσι

128 4163 191 4241 περὶ
213 4165 260 4232 τῆς
285 4163 312 4220 ἰν
333 4163 372 4241 τῷ
397 4159 501 4237 σώματι
526 4159 617 4239 ἐκείνῳ
637 4160 749 4240 γλυφῆς·
774 4156 902 4237 οὐδὲγὰρ

129 4251 187 4310 ἔστι
202 4251 297 4330 ῥαδίως
307 4249 380 4328 πάσῃ
395 4247 604 4330 τῇάνατυπιύσει
614 4249 761 4318 ἐπιστῆναι,
777 4245 821 4304 διά
833 4268 862 4303 τε
872 4245 903 4304 τδ

129 4338 217 4398 πολλὰ
232 4327 315 4411 εἰναι,
330 4337 375 4395 καὶ
395 4337 439 4396 δεδι
453 4336 483 4396 τδ
502 4335 538 4414 μὴ
554 4335 641 4394 πάντα
659 4333 693 4392 τδι
707 4337 762 4404 ζῶα
775 4331 820 4392 καί
834 4332 903 4414 φυτά

128 4430 156 4486 έν
167 4425 241 4506 πάσῃ
251 4425 328 4506 χώρᾳ
341 4424 479 4504 ὑπάρχειν.
522 4423 554 4486 Ἃ
569 4422 616 4501 μὲν
628 4413 672 4481 ούν
681 4421 759 4483 Ἰνδοί
770 4425 902 4502 ἱστοροῦσι

129 4514 193 4594 περλ
222 4519 266 4574 τοῦ
291 4517 354 4591 παρ’
380 4516 467 4581 αὐτοῖς
493 4511 698 4591 δοκιμαστηρίου
729 4508 820 4576 ὕδατός
848 4511 903 4568 ἔστι

130 4608 227 4663 ταῦτα.
268 4591 355 4680 Οἶμαι
366 4601 393 4662 δὲ
404 4601 496 4660 τούτου
505 4599 551 4659 καλ
561 4598 732 4660 Ἀπολλώνιον
744 4596 788 4657 τδν
797 4597 902 4658 Τυανέα

127 4694 278 4768 μεμνῆσθαι
298 4696 343 4748 τοῦ
367 4689 478 4766 ὕδατος,
493 4694 538 4748 τοῦ
561 4690 587 4746 έν
613 4691 651 4768 τῷ
676 4684 798 4766 σπηλαίῳ
819 4685 902 4764 λέγω·

125 4779 235 4860 γράφων
244 4778 295 4859 γὰρ
307 4787 361 4847 τοῖς
377 4781 551 4858 Βραχμᾶσιν,
565 4773 641 4858 ὅρκον
652 4773 711 4832 τινά
721 4773 821 4849 ὀμνύει·
850 4768 903 4834 Ιού

127 4867 166 4945 μδ
179 4867 209 4926 τό
221 4869 370 4928 Ταντάλιον
382 4867 462 4945 ὔδωρ,
479 4857 509 4925 οδ
524 4889 557 4943 με
572 4863 715 4942 ἐμυήσατε.
757 4852 843 4939 Οἶμαι
854 4860 905 4942 γδιρ

125 4956 278 5017 Ταντάλιον
297 4955 382 5035 λέγειν
408 4961 500 5028 τοῦτο,
523 4953 566 5012 διδ
584 4951 614 5012 τό
637 4951 677 5012 ἀεί
701 4955 734 5032 τῇ
760 4949 904 5032 προσδοκίᾳ

124 5044 249 5114 κολάζειν
270 5043 329 5113 τοὺς
352 5042 405 5104 ὑπὸ
428 5049 507 5103 τοῦτο
525 5038 834 5126 ἐλθεῖν-ἐσπουδακότας,
853 5039 905 5098 κάκ

124 5133 222 5194 τούτου
238 5133 318 5192 ποτόν
335 5131 493 5212 ἀρύσασθαι.

1693 346 1732 406 69

958 464 984 510 et
995 461 1123 522 animalia,
1136 465 1161 512 et
1171 463 1290 526 quicquid
1300 463 1400 514 tandem
1413 465 1438 514 iu
1449 479 1531 516 rerum
1540 470 1628 519 natura
1637 470 1729 523 existit.

958 552 1028 599 liano
1039 553 1147 600 statuum
1160 550 1229 602 aiunt
1240 552 1320 601 Deum
1334 551 1385 602 tilio
1398 565 1443 603 suo
1455 553 1568 617 dedisse,
1585 570 1643 606 oum
1658 571 1730 608 mun·
1764 545 1768 554 ’

958 635 1018 685 dum
1040 638 1171 699 conderet,
1189 641 1219 688 ut
1237 639 1360 702 exemplar
1387 639 1433 688 sibi
1453 643 1604 704 propositum
1618 644 1729 697 baberet.

957 725 1077 788 inquisivi
1089 726 1178 787 etiam,
1197 727 1248 788 ait,
1261 729 1333 792 cnjus
1345 730 1455 780 materiae
1468 735 1541 782 esset.
1574 733 1622 784 Sed
1635 738 1660 786 et
1671 739 1731 786 San·

957 814 1024 866 dales
1049 815 1108 866 mihi
1132 816 1288 878 affirmabat,
1309 821 1335 868 et
1354 819 1441 882 reliqui
1457 821 1618 884 testabantur,
1639 826 1730 876 nemini

957 901 1093 966 quidquam
1106 903 1137 954 de
1156 907 1245 955 statuae
1265 904 1331 955 illius
1350 907 1452 957 materia
1465 913 1576 959 constare
1591 933 1598 960 ι
1613 925 1670 961 cum
1686 927 1731 965 nee

958 1004 1046 1053 aurea,
1060 1006 1106 1042 nec
1117 996 1231 1056 argentea
1246 993 1295 1054 sit,
1309 1007 1390 1058 neque
1403 1009 1483 1059 aerea,
1496 1011 1540 1047 nec
1552 998 1662 1062 lapidee,
1674 1001 1731 1052 alte

958 1078 1040 1129 riusve
1058 1079 1177 1130 materiae.
1209 1079 1258 1131 Sed
1280 1094 1355 1144 quam
1379 1082 1529 1134 simillimam
1550 1087 1650 1148 quidem
1677 1102 1731 1139 esse

958 1166 1024 1229 ligno
1030 1166 1177 1229 durissimo,
1190 1181 1236 1218 nec
1244 1169 1287 1218 ulli
1299 1170 1419 1232 putredini
1431 1171 1550 1242 obnoxio;
1558 1187 1638 1237 neque
1648 1177 1731 1225 tamen

956 1253 1050 1317 lignum
1063 1269 1126 1306 esse.
1157 1255 1289 1306 Audebunt
1300 1260 1419 1321 preterea
1430 1273 1511 1322 regem
1524 1261 1646 1323 quendam
1656 1275 1730 1312 οοαα·

957 1346 1013 1394 tum
1026 1345 1102 1396 luisse
1118 1347 1222 1397 evellere
1235 1347 1351 1412 capillum
1364 1349 1469 1412 aliquem
1482 1364 1568 1400 eorum
1581 1352 1661 1414 quiin
1675 1367 1729 1404 cer·

956 1433 1037 1483 ricem
1049 1436 1137 1484 statuae
1148 1435 1301 1499 dependent,
1316 1439 1342 1486 et
1351 1425 1494 1500 sauguinem
1508 1438 1563 1488 inde
1576 1441 1729 1502 prolluxisse.

956 1522 1020 1571 ilinc
1040 1535 1123 1586 regem
1142 1522 1216 1573 istum
1240 1525 1310 1573 tanto
1322 1527 1391 1574 metu
1409 1524 1577 1576 exanimatum
1591 1528 1681 1590 fnisse,
1701 1531 1731 1579 ut

956 1610 999 1658 uix
1020 1614 1076 1674 post
1088 1611 1173 1675 longas
1186 1612 1394 1662 Brachmanorum
1416 1627 1501 1678 preces
1519 1614 1551 1664 ad
1574 1629 1600 1665 se
1620 1615 1728 1667 redierit.

956 1695 1037 1759 Capiti
1057 1697 1110 1759 ejus
1128 1697 1174 1746 Dei
1187 1697 1294 1762 effigiem
1311 1700 1389 1749 veluti
1408 1701 1498 1752 throno
1515 1702 1622 1754 insidere
1638 1705 1729 1755 lerunt.

956 1787 1021 1844 Quin
1029 1789 1054 1836 et
1062 1788 1184 1857 caloribus
1194 1789 1286 1838 testinis
1296 1792 1374 1856 totam
1388 1794 1496 1856 statuam
1510 1793 1599 1843 sudore
1608 1794 1729 1855 diffluere,
1753 1809 1768 1834 τ
1795 1822 1801 1830 .
1815 1814 1830 1860 ;
1863 1798 1892 1824 ‘¹

956 1877 982 1924 et
997 1875 1180 1925 aBracbmanis
1188 1878 1329 1928 ventilando
1341 1879 1491 1943 refrigerari;
1505 1882 1607 1946 sistique
1616 1883 1730 1934 sudorem

956 1962 1033 2013 aiunt.
1065 1966 1097 2014 Et
1109 1965 1156 2013 nisi
1165 1965 1306 2016 ventilabris
1317 1967 1384 2016 calor
1393 1971 1553 2032 temperetur,
1566 1971 1628 2020 adeo
1635 1972 1730 2036 largum

957 2049 1057 2101 ettluere
1071 2051 1201 2114 sudorem,
1212 2055 1241 2102 ut
1252 2053 1344 2104 bumus
1353 2055 1512 2107 circumcirca
1524 2058 1658 2108 madescat.
1673 2062 1731 2109 Post

956 2142 1066 2189 statuam
1076 2139 1140 2190 banc
1155 2141 1181 2189 in
1196 2140 1313 2192 interiore
1328 2143 1394 2193 antri
1408 2157 1508 2194 recessu
1520 2146 1593 2210 longo
1601 2147 1730 2197 intervallo

956 2227 1072 2277 tenebras
1090 2241 1152 2278 esse.
1185 2231 1221 2277 Eo
1233 2243 1290 2279 cum
1308 2230 1403 2281 facibus
1424 2233 1533 2282 accensis
1550 2233 1729 2296 ingrediuntur,

955 2315 1046 2376 qubus
1057 2315 1177 2366 subeundi
1189 2317 1288 2368 animm
1298 2320 1352 2378 est3
1367 2322 1392 2369 et
1405 2319 1538 2370 oflendunt
1550 2321 1642 2370 ostium
1653 2321 1730 2384 quod·

955 2403 1022 2453 dam.
1055 2407 1093 2454 Ex
1115 2419 1164 2468 quo
1182 2420 1247 2469 aqua
1263 2407 1388 2475 produit,¹
1406 2421 1463 2470 quae
1484 2407 1510 2458 in
1533 2411 1645 2480 οκίιμμιο
1658 2411 1730 2478 antm

956 2492 1024 2541 lacus
1038 2493 1113 2541 instar
1122 2496 1254 2557 restagnat.
1286 2497 1334 2545 Per
1346 2495 1373 2545 id
1390 2496 1482 2546 ostium
1496 2496 1675 2560 ingrediuntur.
1688 2498 1730 2560 qui

956 2580 1102 2643 semetipsos
1114 2581 1217 2644 probare
1229 2583 1339 2647 cupiunt.
1356 2586 1388 2632 nt
1399 2583 1564 2647 quicunqnea
1578 2586 1638 2634 ritae
1649 2585 1730 2647 iuqui-

956 2671 1077 2720 uameulis
1089 2672 1144 2735 puri
1157 2675 1231 2734 sunt,
1248 2673 1300 2724 sine
1310 2672 1361 2723 ullo
1373 2673 1548 2738 impedimento
1564 2676 1670 2737 intrant,
1683 2677 1730 2726 lar·

955 2755 1011 2818 gius
1024 2771 1079 2808 sese
1095 2759 1218 2822 aperiente
1229 2762 1301 2810 ostio.
1334 2764 1486 2826 Fontemque
1503 2763 1640 2812 maximum
1657 2763 1731 2813 mrdae

956 2847 1134 2912 limpidissimae
1155 2853 1180 2900 et
1199 2853 1269 2913 potui
1289 2851 1435 2915 gratissimae
1457 2851 1584 2902 inueniunt
1604 2872 1611 2902 ι
1631 2867 1662 2902 ex
1682 2867 1732 2917 qno

956 2938 1087 3000 aquatile,
1101 2951 1175 3000 quam
1188 2938 1257 2999 disi,
1271 2941 1408 3002 promanat.
1441 2940 1490 2990 Sed
1500 2941 1545 3003 qui
1554 2942 1650 2991 crimini
1658 2942 1732 2993 alicui

955 3029 1054 3080 obnoxii
1066 3031 1132 3088 sunt,
1139 3027 1272 3092 plurimum
1282 3029 1307 3076 in
1319 3027 1376 3078 ostii
1386 3028 1453 3078 illius
1464 3027 1577 3092 ingressu
1588 3031 1712 3080 luctantur
1724 3051 1730 3079 ι

956 3134 1002 3170 nec
1021 3117 1116 3182 ingredi
1130 3119 1241 3179 queunt,
1263 3117 1328 3166 ostio
1349 3130 1403 3167 sese
1423 3119 1573 3167 coarctante.
1605 3119 1639 3166 lli
1652 3118 1731 3168 coacti

956 3221 1038 3257 eoram
1047 3206 1110 3266 aliia,
1121 3205 1141 3255 si
1151 3205 1210 3268 quid
1218 3204 1313 3268 peccati
1320 3204 1494 3267 commiserint,
1507 3205 1663 3256 confitentur.
1685 3208 1732 3255 lio·
1824 3242 1827 3248 .

956 3297 1063 3359 gantque
1079 3297 1107 3344 ut
1120 3293 1208 3358 reliqui
1226 3296 1305 3343 Deum
1321 3307 1365 3357 pru
1379 3307 1432 3343 sese
1447 3297 1551 3344 exorent
1569 3315 1575 3343 ι
1590 3297 1615 3344 et
1633 3294 1731 3358 longum

956 3384 1074 3447 temporis
1089 3381 1196 3446 spatium
1214 3381 1313 3445 jejuniis
1324 3382 1430 3446 erigunt.
1464 3382 1510 3432 llic
1521 3382 1590 3432 aiunt
1602 3382 1730 3432 sandulem

956 3473 1047 3523 dixisse
1073 3474 1138 3522 stato
1161 3470 1268 3533 quodam
1288 3470 1329 3521 die
1346 3471 1488 3534 congregari
1503 3471 1670 3520 Braolmranos
1684 3491 1690 3519 :
1706 3475 1731 3522 et

956 3560 1086 3610 nonnullos
1104 3558 1206 3621 quidem
1228 3557 1320 3608 ibidem
1343 3560 1462 3621 perpetuo
1485 3559 1648 3619 commorari3
1671 3558 1731 3609 ulios

956 3662 1015 3699 vero
1036 3646 1134 3698 dinnde
1151 3645 1282 3696 convenire
1299 3649 1409 3710 ternpore
1425 3646 1529 3707 esoce,
1552 3648 1579 3696 et
1596 3648 1729 3709 autunum,

956 3737 1018 3790 dun
1038 3737 1165 3786 fructuum
1184 3733 1255 3799 copie
1270 3732 1399 3783 abundat:
1414 3747 1472 3783 oum
1490 3736 1518 3784 ut
1536 3736 1647 3785 statuam
1664 3735 1730 3787 illem

956 3832 1070 3892 rideant,
1085 3833 1139 3881 tum
1158 3828 1190 3879 ob
1206 3831 1323 3878 mutuum
1340 3841 1512 3892 congressum
1538 3831 1564 3878 et
1584 3829 1731 3893 utquisque

955 3926 1091 3992 pericnlum
1114 3924 1140 3974 in
1160 3923 1292 3986 semetipso
1321 3922 1410 3982 faciat,
1435 3921 1547 3985 nunquid
1571 3935 1615 3986 per
1636 3923 1731 3974 dictum

956 4019 1048 4070 ostium
1070 4015 1164 4081 ingredi
1186 4017 1269 4078 queat.
1302 4015 1398 4066 Ibidem
1421 4017 1570 4078 questiones
1583 4018 1732 4081 *pertractari

956 4114 1027 4164 aiunt
1037 4112 1070 4162 de
1084 4110 1169 4174 liguris
1180 4109 1277 4172 corpori
1290 4109 1333 4158 isti
1344 4109 1481 4172 insculptis.
1512 4111 1597 4172 Neque
1611 4109 1678 4159 enim
1693 4110 1729 4159 la-

956 4207 1003 4258 cite
1015 4219 1100 4256 omnes
1118 4203 1205 4268 figurae
1217 4202 1275 4253 sciri
1294 4203 1418 4266 possunt:
1435 4215 1493 4251 cum
1513 4202 1580 4265 quod
1597 4203 1683 4252 multus
1696 4215 1731 4254 eas

957 4301 1021 4363 αἰαῖ,
1037 4301 1093 4350 tum
1115 4297 1183 4362 quod
1199 4296 1279 4346 omnia
1294 4295 1406 4345 animala
1424 4297 1449 4345 et
1464 4295 1554 4359 plentce
1575 4309 1624 4344 nou
1642 4308 1693 4344 uuo
1705 4295 1731 4344 in

959 4396 1014 4446 looo
1028 4394 1144 4444 existunt.
1177 4393 1258 4455 Atque
1268 4391 1323 4440 baro
1333 4391 1407 4450 sunt,
1419 4402 1475 4452 qnae
1491 4388 1545 4439 ludi
1558 4389 1589 4438 de
1598 4401 1662 4452 aqua
1673 4402 1729 4451 pro-

957 4487 1063 4538 bationis
1082 4485 1148 4550 apud
1169 4499 1197 4535 se
1223 4483 1344 4535 referunt.
1376 4484 1501 4532 Caetemm
1527 4483 1553 4532 et
1577 4482 1731 4546 apollonium

957 4586 1083 4643 Tyaneum
1095 4580 1162 4629 illim
1172 4591 1243 4642 aquae
1256 4576 1397 4626 meminisse
1408 4575 1522 4625 existimo
1536 4592 1542 4624 :
1558 4573 1612 4637 ejus
1621 4575 1730 4637 inquam,

948 4649 1062 4740 quie-iu
1083 4676 1154 4723 antro
1175 4674 1222 4722 est.
1254 4673 1317 4721 Nam
1335 4669 1361 4719 in
1381 4668 1475 4732 literis,
1492 4681 1554 4732 quas
1574 4665 1732 4717 brachmanis

958 4766 1051 4829 scribit,
1064 4767 1202 4830 iuramento
1220 4764 1326 4828 quodam
1342 4761 1437 4812 utitm:
1470 4763 1524 4810 Non
1540 4773 1584 4824 per
1595 4758 1731 4810 Tantaliam

957 4873 1120 4926 aquamque
1127 4873 1168 4910 me
1177 4857 1299 4908 initiastis.
1331 4858 1395 4906 Puto
1406 4855 1471 4905 enim
1479 4854 1562 4918 ipsum
1572 4850 1732 4916 muambanc

957 4955 1092 5006 Tantaliam
1104 4967 1209 5015 vocare,
1222 4950 1289 5016 qnod
1298 4952 1416 5015 perpetua
1425 4948 1592 5013 expectatione
1601 4956 1732 5007 suspensos

958 5049 1108 5107 tenestem,
1128 5046 1170 5108 qui
1182 5045 1249 5095 illam
1266 5042 1366 5102 subire,
1383 5045 1519 5106 potumque
1536 5053 1568 5090 ex
1584 5051 1613 5088 ea
1633 5034 1731 5086 baumre

960 5143 1089 5191 conantur.
