3809 5859
206 335 266 396 438

249 466 278 544 [§
287 465 347 543 fio]
354 469 408 522 Les
415 466 539 540 peintres
546 462 692 519 entrerent
701 461 738 518 de
745 461 824 518 force
833 461 902 518 dans
913 462 983 517 l'ha-

206 558 328 612 bitation
334 555 421 610 deces
431 555 534 609 saintes
545 551 660 607 lemmes
668 572 676 620 ;
684 561 835 624 et,voyant
846 551 983 614 inbeaute

207 645 334 701 modeste
358 642 393 698 de
418 639 574 716 Hripsime,
590 641 624 694 iis
638 658 674 694 en
695 639 790 694 fur-ent
811 639 937 713 frappcs,
951 640 985 694 ils

206 735 233 790 la
248 733 408 808 peignirent
428 748 496 784 arec
519 728 664 784 differens
678 738 772 782 autres
790 729 940 802 porterus,
957 737 986 782 et

207 824 248 878 les
261 819 438 893 envoyerent
452 836 488 872 au
503 818 557 874 roi.
573 819 702 890 Lorsque
717 816 744 870 ie
757 818 802 872 roi
815 817 857 870 vit
874 817 902 871 la
920 833 985 871 rare

208 911 309 965 beaute
325 907 361 963 de
381 905 542 979 liripsime,
557 906 683 960 retracee
700 921 749 959 sur
769 905 795 958 ie
818 904 949 973 tableau,
964 903 986 956 il

208 998 252 1054 sut
264 999 321 1072 pris
335 995 404 1060 d’un
417 1012 519 1049 amour
530 995 654 1062 insense,
668 1003 697 1047 et
713 993 814 1047 voulut
833 990 905 1048 fixer
924 1008 987 1046 sans

208 1085 305 1142 retard
319 1086 346 1140 le
364 1082 434 1154 jour
448 1082 484 1136 de
506 1100 549 1136 ses
563 1099 664 1150 noces,
681 1079 826 1136 attendant
844 1098 911 1135 arec
931 1081 991 1133 im-·

209 1175 338 1249 patience
349 1173 376 1227 le
387 1181 514 1226 moment
529 1169 565 1224 de
578 1171 605 1224 la
621 1168 687 1224 stlte.
698 1169 813 1223 Ensuite
828 1186 867 1222 οιι
878 1185 988 1240 envoya

210 1282 245 1319 cn
263 1271 341 1316 toute
352 1261 418 1316 hate
433 1259 482 1314 des
501 1257 713 1313 arnbassadeurs
727 1267 756 1311 et
770 1255 819 1311 des
836 1273 988 1330 messagers

210 1350 280 1406 dans
303 1359 368 1404 tout
384 1348 528 1421 l’entpire,
546 1343 601 1400 alin
624 1363 680 1419 que
703 1355 767 1400 tous
791 1354 988 1418 apportassent

211 1438 260 1493 des
269 1439 396 1513 presents
404 1446 432 1492 et
442 1436 491 1490 des
504 1433 628 1490 cadeaux
638 1452 714 1507 pour
721 1433 761 1488 les
770 1451 856 1488 noces
864 1433 986 1506 royales‚

211 1538 239 1582 et
254 1545 309 1600 que
323 1528 385 1581 leur
395 1526 454 1596 joie
473 1523 567 1579 rendit
582 1524 645 1597 plus
665 1522 832 1577 solennelles
848 1522 887 1576 les
908 1522 987 1575 ce're-

211 1615 339 1689 menies,
351 1614 463 1668 suivant
476 1612 580 1686 l'usage
596 1611 646 1666 des
657 1611 781 1684 princes.

252 1700 354 1772 Quaud
369 1702 408 1756 les
420 1699 532 1774 pieuses
548 1699 662 1753 femmes
674 1698 765 1752 virent
782 1697 822 1750 les
835 1694 938 1750 fleches
953 1693 990 1749 de

212 1788 351 1844 l’Ennemi
366 1785 402 1861 (le
418 1787 531 1858 demon)
543 1787 670 1850 lancees,
690 1785 769 1840 selon
786 1783 814 1837 ia
837 1793 987 1848 coutume,

213 1889 313 1934 contre
324 1877 363 1932 les
378 1877 464 1930 saints
475 1874 640 1930 adorateurs
653 1872 693 1928 du
707 1872 815 1940 Christ,
827 1871 893 1926 elles
907 1884 991 1925 com-

245 2053 279 2118 (1)
293 2055 353 2102 Luc.
368 2053 420 2112 xit,
437 2056 473 2102 te.

887 327 1137 390 AGATHANGE.

1041 463 1150 535 prirent
1171 455 1503 538 que[§61.]1'Ennemi
1522 461 1598 515 avait
1616 461 1706 516 choisi
1725 463 1752 518 le
1772 465 1820 518 roi

1038 567 1148 606 comme
1161 548 1350 604 l'instrument
1363 548 1399 604 de
1413 567 1443 604 sa
1463 547 1581 619 maline,
1597 567 1708 606 comme
1730 551 1814 624 teja,

1039 638 1109 694 dans
1124 637 1150 692 le
1163 638 1300 706 Paradis,
1313 638 1334 693 ii
1344 656 1373 692 se
1394 638 1481 692 servit
1498 637 1538 692 du
1552 649 1666 712 serpent
1679 657 1756 713 pour
1768 641 1816 695 in-

1039 728 1135 782 sinuer
1148 724 1250 782 l’oubli
1265 725 1304 782 du
1318 729 1453 800 precepte
1470 726 1541 781 dans
1558 725 1677 783 l’oreille
1691 729 1819 785 insensee

1047 815 1083 870 de
1098 815 1125 869 la
1138 813 1280 896 premiere
1294 813 1409 871 femme.
1421 815 1514 884 Ainsi,
1525 833 1554 869 se
1568 815 1689 870 cachant
1701 835 1766 872 sous
1777 819 1820 873 les

1044 905 1123 958 traits
1134 902 1175 957 du
1185 903 1231 957 roi
1242 903 1344 977 impie,
1352 903 1372 956 il
1381 904 1490 958 rouiait
1499 899 1657 958 combattre
1671 905 1712 959 les
1721 906 1820 980 e'glises

1042 990 1160 1044 fondees
1172 1009 1225 1065 par
1238 992 1322 1046 Dieu.
1337 993 1433 1062 Quant
1451 1009 1489 1045 au
1502 992 1565 1059 roi,
1579 993 1748 1066 energueilii
1766 1012 1819 1066 par

1042 1079 1082 1133 les
1095 1079 1281 1134 insinuatione
1294 1078 1457 1135 insidieuses
1470 1078 1507 1134 de
1525 1079 1678 1148 l’Ennemi‚
1694 1081 1716 1134 il
1729 1083 1818 1136 susei-

1042 1169 1095 1221 tait
1109 1167 1160 1222 des
1173 1169 1367 1242 persecutions
1380 1186 1436 1224 aux
1450 1169 1548 1242 eglises
1562 1167 1598 1222 de
1609 1169 1697 1238 θέεν,
1711 1170 1820 1225 insense

1043 1265 1072 1309 et
1087 1255 1216 1328 stupide,
1229 1256 1250 1310 ii
1265 1256 1377 1311 adorait
1390 1258 1431 1311 les
1445 1255 1584 1311 fantbmes
1599 1256 1649 1311 des
1662 1268 1767 1327 murts,
1779 1259 1821 1313 les

1045 1353 1148 1397 statues
1161 1355 1280 1399 muettes
1303 1344 1425 1401 d'idoles
1439 1344 1514 1414 d’or,
1530 1342 1674 1418 d’argent,
1689 1344 1726 1400 de
1739 1346 1819 1416 bois,

1045 1430 1081 1485 de
1106 1432 1215 1504 pierre,
1228 1432 1264 1487 de
1287 1434 1403 1506 cuivre,
1419 1443 1448 1488 et
1469 1433 1532 1488 leur
1550 1433 1663 1489 rendait
1680 1453 1721 1488 un
1746 1435 1821 1490 culte

1043 1519 1150 1592 impur.
1166 1520 1190 1575 11
1214 1519 1272 1575 s’en
1287 1519 1436 1595 gloriliait,
1460 1532 1489 1576 et
1511 1522 1530 1575 ii
1554 1522 1664 1576 vonlait
1690 1523 1821 1578 ebranier

1044 1607 1071 1661 ia
1092 1608 1185 1680 pierre
1208 1625 1255 1662 sur
1278 1609 1401 1683 laquelle
1423 1626 1525 1684 repose
1539 1596 1667 1685 l'Eglise3
1681 1613 1770 1683 mais,
1783 1628 1822 1665 ne

1043 1707 1172 1769 pouvant
1185 1714 1204 1769 y
1216 1699 1359 1770 parvenit,
1372 1699 1394 1752 il
1406 1698 1449 1753 fut
1463 1700 1557 1754 ecrase
1570 1696 1620 1776 (1).
1633 1698 1819 1772 Cepemiant,

1047 1783 1118 1838 dans
1136 1803 1189 1839 son
1203 1787 1330 1860 orgueil,
1341 1787 1362 1841 ii
1382 1788 1492 1842 causait
1508 1788 1656 1860 beaucoup
1676 1786 1714 1843 de
1734 1787 1822 1843 dom-

1047 1891 1143 1946 mages
1156 1891 1212 1928 aux
1226 1873 1466 1948 eglisesdellieu.
1803 1863 1808 1870 ’

240 2152 1810 2195 -ῇμ--μ-ᾕ--ὲ

253 2260 271 2336 S
283 2259 332 2314 60.
343 2253 411 2315 Ὅτε
423 2245 467 2313 οῦν
477 2252 651 2333 παρεγένοντο
660 2253 684 2312 υἱ
694 2249 862 2332 πεμφθέντες,
871 2251 989 2319 εἰσῆλθον

215 2347 259 2426 βίᾳ
280 2334 379 2416 εἷς’τλν
395 2342 512 2423 μάνδραν
526 2345 578 2399 τῶν
594 2341 685 2420 ἁγίων·
706 2341 751 2398 καί
766 2337 923 2416 θεασόμενοι
942 2337 990 2408 τὴν

214 2433 378 2512 σεμνοτάτην
392 2431 437 2490 καὶ
460 2428 609 2509 διγιωταίτην
624 2427 773 2508 Ῥιψιμίαν,
790 2425 921 2495 ἐξίσταντο
941 2425 986 2484 ἐπὶ

212 2523 244 2584 τὸ
257 2522 353 2588 κᾶλλος
367 2522 458 2590 αὐτῆς.
499 2516 605 2584 Εὐθέως
619 2516 647 2577 δέ
661 2519 687 2576 ἐν
701 2526 759 2582 ταῖς
772 2513 874 2574 σανίσιν
894 2517 988 2589 ὁμοιο-

213 2609 408 2693 γραφήσαντες,
422 2607 487 2685 πρθς
500 2605 544 2664 τόν
559 2603 684 2683 Καίσαρα
699 2604 823 2684 ἔδραμον.
865 2599 933 2662 ‘Ore
945 2592 990 2660 οῦν

215 2698 342 2758 ἐθεάσατο
361 2702 375 2756 δ
399 2694 521 2776 βασιλεὺς
540 2691 570 2752 τὸ
595 2691 779 2772 λαμπρότατον
799 2690 895 2757 κάλλος
909 2692 935 2748 ἐν
956 2693 991 2767 τῇ

215 2784 350 2865 ζωγραφίᾳ
366 2788 412 2854 τῆς
422 2781 568 2863 Ῥιψίμης,
580 2783 702 2862 ἐμφανῶς
717 2781 742 2838 ἐν
756 2782 789 2857 τῇ
804 2776 931 2856 ἐπιθυμίᾳ
944 2781 992 2834 τοῦ

215 2873 310 2953 ἔρωτος
324 2870 366 2929 διδι
381 2870 411 2928 τὸ
426 2872 546 2946 ἀθέμιτον
563 2870 639 2927 αὐτοῦ
660 2859 719 2939 ἦθος
735 2869 875 2925 ἐσκυτοῦτο
889 2864 991 2941 ἐπειγό·

217 2984 306 3038 μενος·
321 2957 483 3039 προθεσμίαν
509 2955 536 3013 δὲ
559 2954 661 3034 ὁρίσας,
682 2953 805 3012 ἔσπευδεν
820 2953 864 3010 καί
880 2955 993 3031 ὠχλεῖτο

215 3049 264 3121 τὴν
279 3045 428 3127 γυναικείαν
444 3042 603 3124 εὐφροσύνην
617 3041 777 3103 ἐπιτελέσαι.
801 3041 869 3126 Τότε
884 3039 927 3098 διδ
942 3040 992 3100 τοί-

216 3161 277 3216 χους
294 3135 420 3214 ἀγγέλους
439 3132 556 3210 ἔπεμπεν
575 3130 648 3208 παίσῃ
667 3134 700 3210 τῇ
716 3129 771 3210 ἰδία
792 3128 910 3209 ἐξουσίᾳ,
922 3126 994 3196 ὅπως

216 3223 310 3290 πάντες
324 3221 465 3302 δωροφόροι
480 3219 607 3297 γένωνται
619 3223 657 3298 τῷ
675 3219 784 3299 μεγάλῳ
798 3216 952 3296 γάμῳ,ἀαί
967 3217 993 3272 ἐν

142 3373 146 3380 ,
216 3311 327 3391 πλείστῃ
340 3321 411 3391 χαρᾷ
425 3306 579 3388 ἐρχομένους
593 3310 658 3383 δμοῦ
672 3305 789 3383 πάντας,
803 3307 930 3364 ἐπιτελεῖν
944 3301 993 3374 τὴν

193 3392 199 3402 ’
217 3407 262 3461 τοῦ
279 3399 407 3480 βασιλέως
424 3387 552 3474 διαταγὴν
568 3394 637 3454 κατὰ
655 3394 715 3464 τοὺς
735 3391 829 3472 νόμους
848 3397 900 3452 τῶν
917 3396 995 3471 βασι-

217 3492 297 3549 λικῶν
312 3488 417 3566 γοίμων.
460 3484 633 3561 Θεασοίμεναι
647 3475 691 3542 οῦν
704 3485 731 3541 nl
745 3483 874 3561 πανοίγιαι
885 3480 918 3538 πθ
933 3505 995 3559 κρυ-

218 3585 375 3660 φοπομπαῑα
392 3577 456 3654 βέλη
478 3577 523 3632 τοῦ
539 3575 647 3653 ἐχθροῦ,
661 3575 687 3630 ἐν
709 3561 745 3637 οἷς
762 3569 862 3647 πέμπει
876 3568 995 3637 τοξεῦσαι

217 3667 276 3733 τοὺς
289 3671 335 3725 τοῦ
350 3668 466 3745 Χριστοῦ
480 3661 587 3740 ἇγίους,
603 3659 744 3720 ἐθλίόοντο.

258 3756 275 3831 §
293 3757 342 3814 61.
356 3756 453 3820 Σκεῦας
468 3750 520 3832 γὰρ
533 3753 612 3832 ὀργῆς
635 3748 718 3829 εθρὼν
738 3747 782 3807 τὸν
804 3745 930 3826 βασιλέα,
946 3768 995 3803 κα·

219 3842 302 3918 θοίπερ
317 3843 343 3898 ἐν
358 3839 510 3920 παραδείσῳ
527 3838 570 3898 τὸν
584 3837 656 3919 ὄφιν,
673 3837 803 3917 ὑπηρέτην
819 3833 995 3909 ποιησάμενος

219 3928 263 3989 τὸν
285 3928 362 3986 αὐτὸν
377 3926 486 4008 τρόπον,
501 3926 547 3986 καί
568 3925 656 3986 ἐνθάδε
671 3926 714 3986 τὸν
729 3923 883 4004 παράνομον
904 3926 995 3979 τοῦτον

220 4020 255 4084 ὡς
265 4015 352 4096 θηρίον
362 4011 514 4094 ἐχων,κατδι
523 4013 662 4094 πρόσωπον
671 4013 717 4080 τθς
725 4017 769 4071 τοῦ
778 4015 848 4072 Θεοῦ
857 4007 997 4078 ἐκκλησίας

221 4107 255 4164 δι’
270 4106 349 4164 αὐτοῦ
367 4101 501 4180 ἐπολέμει.
525 4101 684 4172 Ἀναστήσας
698 4100 749 4179 γθρ
764 4100 841 4157 αὐτὸν
854 4099 880 4154 ἐν
896 4100 996 4173 ὑπερη-

222 4193 302 4272 φανίφ
323 4193 368 4250 καὶ
389 4189 582 4271 διεστραμμένη
602 4188 713 4268 καρδίη,
725 4186 773 4245 καί
783 4185 883 4262 παγίδα
899 4183 997 4254 στήσας

184 4297 185 4301 ’
221 4285 235 4340 θ
260 4279 402 4361 μισόκαλος
434 4277 600 4360 παρώτρυνεν
633 4276 709 4336 αὐτὸν
743 4277 778 4342 εἷς
805 4274 835 4332 τὸ
870 4271 998 4350 ἐξεγεῖραι

225 4367 338 4446 διωγμόν
346 4366 414 4427 κατὰ
426 4371 478 4426 τῶν
488 4372 532 4426 τοῦ
545 4371 617 4428 Θεοῦ
629 4365 787 4436 ἐκκλησιῶν.
821 4358 999 4441 Διαστραφείς

223 4456 274 4538 γδιρ
285 4457 328 4516 τὀν
341 4461 400 4514 νοῦν
413 4456 459 4514 καὶ
471 4454 624 4528 ἐξεστηκὼς,
633 4451 827 4534 προσκυνεῖ,τθς
837 4453 889 4508 τῶν
901 4451 999 4526 νεκρῶν

223 4546 336 4622 στήλας,
348 4544 394 4604 καί
405 4553 492 4623 χρυσᾶ
504 4543 549 4602 καί
557 4545 674 4622 ἀργυρᾶ,
685 4541 730 4599 καί
740 4537 844 4615 ξόλινα,
853 4537 899 4596 καί
908 4539 998 4617 χαλκᾶ

223 4634 371 4710 ἰνδάλματα
393 4635 431 4711 τῷ
451 4630 612 4709 σεόυίσματι·
627 4630 672 4688 καὶ
693 4628 750 4705 ἅμα
764 4625 997 4702 ἀλαζονευόμενος,

223 4726 405 4803 προσκροῦσαι
418 4725 451 4800 τῇ
466 4728 560 4802 στερεᾷ
574 4717 659 4799 πέτρφ
673 4722 720 4789 τῆς
732 4721 784 4776 τῶν
800 4717 946 4788 ἐκκλησαῖιν
957 4711 999 4772 πί·

214 4834 306 4886 ,στεως
323 4809 483 4886 ἐνεθυμεῖτο·
496 4811 524 4867 οὐ
545 4807 622 4886 μόνον
645 4806 682 4883 μὴ
697 4806 809 4887 ἰσχύσας
829 4802 877 4875 τὴν
901 4801 1000 4882 πέτραν

226 4897 358 4977 μαλάξαι,
383 4896 451 4956 ἀλλὰ
479 4895 525 4956 καί
552 4895 696 4976 συντριβεὶς
724 4891 858 4965 κατεπόθη
887 4891 1001 4970 ἐχόμενα

226 4985 325 5068 πέτρας
347 4989 361 5045 θ
383 4985 469 5052 ἄδικος
485 4982 587 5065 κριτής.
630 4982 746 5061 Ὁμοίως
760 4981 792 5061 (l.
805 4979 913 5058 Ὅμως)
926 4979 954 5036 δὲ
967 5001 1001 5058 τη

227 5075 352 5154 μανιώδει
367 5071 505 5154 ἃλαζονείφ
520 5075 563 5132 ἐπὶ
576 5075 665 5132 πλεῖον
680 5070 818 5152 ἐπαρθείς,
830 5067 916 5128 πολλὰ
931 5065 1002 5125 δεινὰ

223 5165 329 5238 ἐποίησε
343 5167 376 5245 τῇ
392 5163 455 5243 ἇγίορ
468 5167 513 5222 τοῦ
528 5163 598 5223 Θεοῦ
613 5160 752 5241 ἐκκλησία.

1016 2254 1020 2260 ’
1076 2252 1142 2316 §ott
1157 2257 1293 2318 Postquam
1306 2269 1364 2318 ergo
1379 2255 1449 2305 missi
1468 2254 1635 2317 advenerant,
1649 2256 1675 2307 vi
1694 2257 1719 2307 in
1734 2271 1819 2307 mona-

1047 2347 1152 2397 sterium
1162 2352 1302 2400 sanctarum
1313 2349 1417 2414 ingressi
1425 2354 1503 2400 sunt:
1513 2354 1694 2415 conspectuque
1702 2351 1820 2402 homes-

1046 2440 1108 2491 sirna
1117 2443 1144 2490 et
1158 2442 1312 2492 sanctissima
1326 2442 1452 2506 niminis,
1461 2442 1575 2494 admirati
1583 2448 1642 2495 sunt
1656 2444 1819 2508 pulchritudi-

1043 2537 1168 2598 nemejus.
1176 2535 1223 2584 Ubi
1232 2549 1290 2598 ergo
1298 2535 1416 2588 velociter
1425 2551 1480 2587 eam
1488 2536 1521 2586 acl
1528 2538 1612 2588 rivum
1619 2539 1645 2587 in
1651 2538 1744 2588 tabuiis
1750 2538 1820 2602 pictis

1046 2634 1229 2692 expressemnt,
1239 2630 1345 2694 profecti
1356 2635 1415 2682 sunt
1423 2632 1455 2682 ad
1461 2631 1640 2696 imperatorem.
1649 2635 1681 2683 tt
1687 2632 1821 2696 imperator

1044 2727 1069 2775 in
1083 2726 1178 2788 pictura
1189 2726 1304 2789 itipsimae
1312 2726 1533 2790 splendidissimam
1539 2727 1644 2777 intuitus
1654 2727 1818 2790 pulchritudi-

1044 2837 1116 2883 nem,
1129 2837 1174 2888 per
1186 2824 1303 2874 nefariam
1316 2823 1519 2874 consuetudinem
1531 2837 1615 2884 suam,
1632 2823 1705 2887 quasi
1718 2824 1819 2888 caligine

1045 2916 1183 2978 obductus,
1195 2917 1277 2980 pelam
1285 2918 1310 2968 in
1318 2917 1539 2982 concupiscentiam
1548 2917 1642 2967 amoris
1649 2919 1703 2980 cius
1711 2917 1819 2966 exarsit:

1045 2987 1193 3073 tempusque
1206 3009 1336 3060 delinitum
1351 3011 1515 3070 constituens,
1527 3010 1660 3060 festinabat
1670 3013 1753 3059 mente
1766 3013 1818 3058 tur-

1045 3104 1131 3166 batus,
1139 3108 1168 3155 ut
1176 3106 1309 3156 muliebres
1317 3107 1417 3157 delicias
1425 3107 1534 3170 perfecte
1543 3108 1743 3169 consequeretur.
1755 3107 1822 3155 runc

1047 3200 1191 3251 festinanter
1203 3203 1303 3252 nuntios
1322 3203 1390 3252 misit
1405 3216 1449 3266 per
1461 3205 1540 3252 totam
1558 3203 1676 3253 ditionem
1695 3215 1781 3261 suam,
1793 3207 1823 3251 ut

1046 3308 1132 3344 ornnes
1147 3295 1211 3345 dona
1226 3297 1306 3345 ferant
1319 3295 1414 3360 magnis
1426 3297 1531 3360 nuptiis,
1544 3297 1699 3359 maximaque
1709 3309 1768 3345 cum
1778 3296 1821 3344 iee-

1046 3387 1101 3438 titia
1116 3402 1202 3438 omnes
1217 3388 1291 3438 simul
1306 3392 1436 3439 accurrant
1446 3389 1478 3438 ad
1492 3388 1665 3452 perficiendum
1678 3387 1823 3438 mandatum

1046 3473 1231 3546 imperalorium
1244 3482 1380 3532 secuudum
1392 3483 1459 3546 leges
1471 3483 1594 3546 regiarum
1612 3481 1764 3544 nuptiarum.
1780 3481 1823 3529 Vi·

1047 3576 1134 3627 denus
1147 3577 1222 3641 igitur
1233 3579 1324 3626 sancte
1337 3576 1413 3626 missa
1423 3576 1449 3625 iu
1460 3576 1556 3625 occulto
1565 3575 1657 3625 inimici
1664 3574 1757 3638 jacula,
1768 3586 1825 3636 quae

1046 3673 1106 3736 jacit
1114 3672 1146 3721 sd
1157 3671 1320 3722 vulnerandos
1329 3669 1420 3720 christi
1432 3673 1544 3729 sanctos,
1557 3669 1737 3732 affligebantur.

1079 3761 1095 3824 §
1108 3765 1147 3811 ot.
1163 3763 1225 3810 Nam
1237 3773 1296 3810 cum
1308 3773 1352 3810 ras
1363 3759 1407 3808 irae
1417 3758 1552 3808 invenisset
1563 3757 1751 3821 imperatorem,
1762 3754 1826 3804 sicut

1050 3857 1076 3907 in
1096 3855 1210 3920 paradiso
1228 3856 1381 3919 serpentem,
1395 3867 1517 3917 suumque
1537 3853 1624 3906 eodem
1637 3851 1711 3902 modo
1727 3851 1826 3902 fecisset

1049 3958 1202 4019 ministrum,
1213 3964 1239 4010 et
1258 3959 1298 4008 hic
1317 3958 1457 4022 improbum
1474 3957 1544 4006 iilum
1555 3956 1584 4007 ut
1598 3955 1707 4005 beluam
1718 3952 1826 4012 hahens,

1050 4058 1131 4124 palam
1139 4059 1231 4108 Christi
1240 4059 1355 4109 eeclesias
1363 4073 1407 4123 per
1415 4059 1495 4122 ipsum
1502 4054 1665 4121 oppugnabat.
1676 4051 1775 4116 Quippe
1785 4051 1827 4103 ubi

1051 4163 1132 4225 ipsum
1150 4147 1278 4212 imbuisset
1297 4161 1412 4225 superbia
1431 4165 1457 4211 et
1475 4159 1549 4210 corde
1568 4169 1698 4221 perverso,
1710 4167 1769 4203 osor
1786 4152 1828 4202 iiie

1052 4261 1262 4325 honesti,injecto
1267 4263 1364 4326 laqueo,
1373 4260 1480 4311 eundem
1486 4259 1585 4323 impulit
1593 4256 1626 4307 ed
1632 4253 1828 4322 persecutionem

1052 4363 1137 4413 centra
1147 4361 1193 4412 Dei
1204 4362 1318 4412 ecclesias
1326 4361 1481 4413 movendam.
1488 4363 1553 4410 Cum
1561 4358 1628 4420 euim
1639 4355 1672 4407 sit
1682 4357 1765 4406 mente
1776 4365 1829 4417 per·

1051 4476 1124 4514 rusa
1144 4465 1170 4512 et
1190 4461 1375 4526 obstupefacta,
1389 4463 1545 4512 mortuorum
1564 4459 1674 4517 statuas,
1691 4450 1826 4515 aureaque,

1053 4562 1181 4625 argentea,
1193 4559 1272 4624 lignea
1285 4562 1312 4610 et
1331 4573 1396 4610 ersa
1409 4559 1541 4610 εἰιιιυίεοτα
1552 4555 1668 4620 religioso
1685 4554 1756 4604 cultu
1769 4550 1828 4602 ade·

1053 4663 1092 4711 rat
1103 4681 1110 4711 ι
1123 4660 1247 4723 simulque
1266 4660 1397 4724 superbius
1413 4660 1440 4708 in
1461 4658 1565 4708 solidam
1583 4656 1744 4706 eeclesiarum
1761 4664 1829 4702 rere

1054 4759 1113 4811 fidei
1121 4762 1216 4823 petram
1226 4758 1359 4822 impingere
1367 4759 1392 4808 in
1400 4757 1511 4810 animum
1518 4755 1616 4806 induxit
1624 4775 1631 4804 ι
1639 4754 1684 4817 qni
1691 4767 1740 4802 non
1749 4751 1829 4801 sotum

1054 4875 1103 4912 uon
1122 4863 1205 4925 potuit
1224 4863 1319 4925 petram
1339 4858 1461 4917 emollire,
1472 4855 1518 4907 sed
1530 4854 1652 4905 contritus
1665 4853 1741 4904 etiam
1754 4865 1830 4915 prope

1053 4962 1150 5024 petram
1158 4958 1303 5009 submersus
1311 4959 1349 5009 est
1361 4955 1468 5019 injustus
1479 4953 1561 5018 judu.
1574 4949 1740 5000 Nihilominus
1748 4951 1830 5000 tamen

1054 5059 1139 5110 insana
1147 5072 1191 5109 sua
1198 5057 1316 5122 iactantia
1323 5057 1428 5108 maxime
1442 5057 1534 5117 elstan,
1546 5052 1625 5102 multa
1635 5053 1728 5102 sande
1736 5048 1784 5099 Dei
1793 5061 1831 5101 σε·

1055 5156 1135 5210 etesiae
1149 5155 1232 5206 intulit
1241 5155 1316 5206 mua.
