3809 5859
428 347 678 409 ιιιισιιιοιιτιιε
700 346 831 408 ANNUS
853 348 903 410 ιιι.
926 351 1007 411 6969
1032 348 1216 425 (ιιω-ιιοι
1240 349 1275 409 ν.
1299 350 1357 428 6.).
1410 301 1414 307 ’

73 486 186 563 μικρῶς
198 484 236 562 τῷ
249 480 396 560 παραλόγῳ
410 485 454 538 τοῦ
471 478 617 556 γεγονότος,
630 477 675 538 καὶ
688 476 778 557 ὥσπερ
792 477 824 536 ἀν
841 481 863 537 εί

73 570 191 631 ἐπίασιν
205 575 231 630 οἱ
242 569 364 647 πολέμιοι
378 568 485 647 αἴφνης,
501 566 713 642 ξυλλαμύάνεται
731 568 780 642 μὲν
792 566 865 643 εὐθύς

71 662 90 717 ὁ
106 659 236 725 κάκιστος
257 658 304 718 καὶ
328 657 472 736 δύστροπος
488 660 584 724 ἐκεῖνος
604 657 686 734 ἀνὴρ,
705 655 752 713 καὶ
771 655 864 733 πρὶνῆ

71 749 163 824 λόγου
177 747 224 807 καὶ
237 745 382 825 ἀπολογίας
400 753 490 825 τυχεῖν
501 745 593 803 δίδοισι
606 744 681 814 δίκην
702 748 750 815 τῆς
765 743 865 819 τόλμης

71 835 131 907 τὴν
149 835 239 907 ἀξίαν,
255 835 415 902 κατακοπείς
428 833 479 892 ὑπὸ
494 838 541 906 τῆς
555 842 679 913 στρατιᾶς
699 832 800 892 ἀνοικτὶ
814 856 864 908 με·

74 924 182 995 ληδδν,
198 924 276 999 μόνον
290 925 320 981 ού
334 922 441 1003 πάντων
468 921 690 999 ἀπογευσαμένων
709 923 761 978 τῶν
784 922 865 978 αὐτοῦ

73 1016 191 1092 σαρκῶν
209 1012 254 1070 καὶ
277 1017 323 1070 τοῦ
345 1008 464 1086 αίματος.
488 1011 520 1086 (ε)
540 1008 668 1075 Βασιλεύς
688 1006 715 1066 δέ
734 1006 866 1085 ξυσχεθεὶς

72 1098 193 1181 ἀμέτρῳ
206 1098 277 1178 λύπῃ
296 1097 342 1157 καὶ
357 1096 458 1177 ἀγωνίᾳ
478 1096 524 1156 καλ
547 1094 622 1177 φόύῳ
638 1098 678 1175 τῷ
691 1094 753 1175 περὶ
767 1083 864 1172 αύτδν,

72 1190 100 1247 εί
129 1187 328 1264 ζημιωθήσεται
353 1185 437 1265 ἄνδρα
463 1186 618 1256 τηλικοῦτον
637 1185 683 1243 καὶ
706 1184 824 1260 μάλιστα
840 1188 865 1242 έν

72 1274 195 1356 τοιούτῳ
209 1280 256 1345 τῆς
269 1274 385 1353 ἀνάγκης
403 1273 449 1333 καὶ
470 1276 523 1333 τῶν
539 1274 707 1351 πραγμάτων
721 1276 806 1353 καιρῷ
820 1273 865 1331 καὶ

72 1363 179 1444 τόπῳ,
205 1364 282 1421 καλεῖ
306 1362 354 1437 μέν
375 1362 527 1442 παραυτίκα
548 1361 691 1439 Ἰαγούπην
717 1362 761 1422 τόν
786 1363 865 1421 αὐτοῦ

73 1452 190 1531 ἰατρὸν,
202 1452 284 1529 ἄνδρα
308 1451 387 1533 σοφδν
409 1451 508 1511 καὶτὰ
529 1455 623 1530 πρῶτα
640 1456 686 1522 τῆς
701 1449 795 1529 τέχνης
817 1449 864 1527 φέ-

76 1562 180 1618 ροντα,
192 1539 242 1610 ὅση
254 1542 315 1619 περί
329 1563 358 1598 τε
371 1540 402 1598 τό
416 1538 562 1619 πρακτικόν
572 1540 620 1598 καὶ
633 1537 791 1619 φαινόμενον
800 1538 865 1616 ἔχει,

75 1626 128 1686 καλ
144 1626 194 1699 δαη
217 1629 278 1705 περὶ
292 1628 323 1688 τὸ
341 1628 499 1709 θεωρητικόν
516 1629 561 1688 καὶ
577 1626 756 1707 δογματικδν,
771 1625 817 1684 καὶ
832 1625 865 1695 δὴ

75 1718 130 1776 καὶ
145 1715 215 1796 μέγα
228 1717 372 1794 δυνάμενον
386 1718 450 1795 παρ’
464 1719 552 1797 αὐτῷ,
568 1716 614 1775 καλ
632 1715 791 1774 πυνθάνεται
804 1713 866 1793 περὶ

76 1812 131 1864 τοῦ
145 1804 308 1885 τραύματος.
324 1804 355 1885 (6)
371 1802 472 1865 Μαθὼν
486 1805 509 1863 δ’
524 1803 678 1865 ἐπιπόλαιον
689 1793 757 1861 ε’ίναι
768 1802 813 1861 καὶ
826 1801 864 1877 μὴ

75 1895 159 1971 πρὸς.
173 1893 292 1953 κίνδυνον
315 1891 408 1974 φέρον,
423 1892 565 1953 ἀνέπνευσέ
584 1917 612 1952 τε
641 1894 687 1953 καὶ
710 1895 757 1962 τῆς
780 1888 865 1963 λύπης

76 1985 191 2060 ύφεῑκε,
207 1982 254 2041 καὶ
274 1984 387 2040 πλεῖστα
410 1980 495 2058 τούτῳ
518 1982 706 2060 δωρησάμενος
730 1979 865 2039 ἐκέλευσεν

77 2071 266 2146 ἐπιμελεῖσθαι
288 2069 361 2148 πάσῃ
386 2073 499 2148 σπουδῇ.
522 2068 611 2129 Καὶύ
638 2069 686 2137 μὲν
715 2068 865 2143 ἐπιμελείας

76 2160 132 2229 τῆς
160 2156 342 2236 προσηκούσης
373 2156 461 2237 τυχὼν
499 2156 602 2236 ταχέοις
637 2162 682 2215 τοῦ
712 2154 864 2235 τραύματος

78 2244 297 2304 ἀπαλλάττεται.

125 2332 174 2392 vl.
197 2333 326 2398 Βασιλεὺς
351 2332 379 2391 δέ
401 2330 502 2412 ἡμέρας
530 2332 598 2392 έπτδι
621 2334 685 2412 πρὸς
712 2336 770 2399 ταῖς
799 2332 863 2390 δέκα

77 2418 251 2501 προελαύνων
279 2420 337 2497 ἀεὶ,
355 2422 402 2481 καὶ
427 2422 566 2502 φάραγγας
591 2422 697 2501 βαθιίας
728 2420 773 2478 καί
797 2444 863 2499 κρη-

1643 354 1695 413 m

920 479 988 559 ἔχων
1011 480 1068 555 μεθ’
1091 482 1186 538 ἑαυτοῦ
1214 480 1363 560 ἐπορεύετο.
1390 479 1480 541 Καλό
1506 479 1553 557 μίν
1578 480 1699 561 βασιλεὺς

919 568 1012 635 ούτως.

960 657 1022 719 Vll.
1044 663 1078 720 Οἱ
1098 660 1126 720 δὲ
1144 666 1189 720 τοῦ
1207 660 1299 717 στολου
1323 656 1448 733 ἡγεμόνες
1470 656 1698 722 καταπλεύσαντες

921 747 948 813 ές
961 748 1149 825 Τραπεζοῦντα
1175 746 1324 828 προσέσχον
1344 747 1397 812 τοῖς
1418 745 1522 823 λιμέσιν
1542 747 1637 817 αὐτῆς,
1653 745 1698 803 καὶ

921 835 1068 903 ἀπσὸάντες
1095 836 1251 905 ίυνάπτουσι
1266 833 1380 909 πόλεμον
1397 832 1616 912 Τραπεζουντίοις
1627 831 1698 901 ἐπεξ-

920 922 1024 981 ελθοῦσε
1038 923 1148 1005 πρὸτῆς
1163 923 1276 989 πόλεως·
1288 922 1333 982 καὶ
1347 923 1507 1003 τρεψάμενοι
1521 922 1626 988 τούτους
1641 920 1698 991 ξυν-

919 1014 1017 1069 ωθοῦσι
1050 1012 1095 1092 βία
1124 1012 1170 1072 καλ
1195 1010 1394 1073 κατακλείουσιν
1419 1010 1491 1077 ε’ντδς
1517 1015 1563 1071 τοῦ
1593 1010 1695 1078 ἄστεος.

921 1097 957 1177 (α)
971 1100 1158 1177 Κρατῆσαντες
1180 1101 1208 1159 δὲ
1228 1104 1274 1171 τῆς
1294 1100 1343 1169 ἔξω
1362 1099 1451 1181 χώρας
1468 1099 1574 1171 ἁπάσης
1592 1102 1699 1173 καὶτῆς

920 1190 1037 1266 παρόδου
1053 1193 1101 1261 τῆς
1113 1190 1178 1269 πρὸς
1193 1188 1242 1259 τὴν
1264 1189 1356 1262 πόλιν,
1369 1187 1415 1246 καὶ
1428 1188 1518 1269 κύκλῳ
1532 1188 1699 1269 περισχόντες

921 1276 1014 1345 αύτούς
1025 1282 1063 1356 τῷ
1075 1283 1180 1359 στρατῷ
1194 1276 1263 1338 κατὰ
1278 1282 1327 1356 γῆν
1346 1278 1391 1337 καὶ
1408 1277 1477 1336 κατὰ
1493 1280 1630 1338 θάλασσαν
1641 1287 1698 1347 ταῖς

920 1364 1011 1423 ναυσὶν
1036 1366 1222 1443 ἐπολιόρκουν,
1247 1365 1493 1447 παραφυλάττοντες
1516 1367 1630 1446 ἰσχυρῶς
1650 1372 1697 1425 τοῦ

922 1451 959 1527 μῆ
975 1476 1001 1509 τι
1019 1456 1072 1511 τῶν
1096 1454 1167 1512 ἔνδον
1186 1452 1352 1532 έίαγαγεῖνῆ
1369 1456 1421 1512 τῶν
1442 1453 1534 1523 ἔξωθεν
1556 1455 1689 1531 ἐσκομίσα-

920 1545 992 1600 σθαι.
1013 1542 1045 1617 (ι)
1062 1539 1179 1621 Ἡμέραι
1192 1542 1239 1617 μὲν
1255 1532 1298 1599 σύν
1319 1543 1453 1621 παρῆλθον
1472 1541 1530 1611 ἑξῆς
1552 1541 1622 1603 ὀκτὼ
1636 1543 1694 1623 πρὸς

919 1635 977 1695 ταῖς
1000 1628 1084 1688 εἴκοσι
1106 1628 1350 1709 πολιορκουμένοις,
1367 1632 1393 1688 έν
1417 1620 1458 1697 αἷς
1482 1630 1608 1707 έκδρομαί
1630 1654 1698 1699 τινες

920 1716 1034 1794 ἐγίνοντο
1055 1721 1107 1776 τῶν
1130 1718 1183 1777 ἀπὸ
1205 1723 1253 1790 τῆς
1271 1720 1372 1784 πολεως
1396 1716 1462 1795 πρὸς
1483 1717 1542 1784 τοὺς
1564 1717 1628 1794 ἔξω,
1648 1721 1697 1779 κάν

918 1802 1030 1872 ταύταις
1055 1803 1126 1864 οὐδέν
1152 1806 1260 1865 ἔλαττον
1286 1795 1358 1884 εἶχον
1380 1796 1452 1865 οὗτοι
1472 1808 1525 1863 τῶν
1544 1808 1696 1884 πολεμίοιν,

923 1889 995 1961 ὅμως
1009 1915 1039 1970 γε
1064 1890 1117 1968 μὴν
1137 1892 1347 1969 ξυνελαυνόμενοε
1368 1892 1413 1973 βίφ
1426 1892 1509 1971 όλίγοι
1529 1893 1579 1953 ύπδ
1593 1896 1697 1955 πολλῶν

919 1971 992 2047 αύθις
1005 1984 1148 2039 ἐσωθοθντο
1162 1981 1207 2039 καὶ
1221 1980 1402 2041 κατεκλείοντο
1412 1985 1437 2048 ἐς
1446 1980 1477 2039 τό
1488 1980 1563 2041 άστυ.
1576 1984 1608 2059 (ελ
1620 1984 1697 2045 Μετὰ

920 2068 1047 2127 δὲταῦτα
1062 2069 1238 2145 παραγίνεται
1252 2068 1450 2146 Μαχουμούτης
1464 2074 1479 2129 δ
1492 2070 1590 2137 πασίας
1606 2070 1649 2139 ξὺν
1661 2078 1694 2151 τῇ

919 2155 988 2215 κατδι
999 2161 1048 2234 γῆν
1062 2164 1189 2237 στρατιᾷ,
1201 2156 1342 2238 προλαύὼν
1356 2156 1443 2236 ἡμέρα
1455 2166 1504 2239 μιᾷ
1515 2157 1560 2215 τὸν
1575 2160 1697 2238 βασιλέα,

919 2244 964 2300 καὶ
975 2244 1266 2320 στρατοπεδευσάμενος
1275 2245 1304 2303 οὗ
1314 2243 1405 2323 πόρρω
1415 2247 1462 2301 τοῦ
1472 2242 1579 2320 ἄστεος,
1590 2244 1697 2327 πέμψας

919 2328 1029 2410 άγγελον
1044 2333 1148 2407 θωμᾶν
1162 2333 1206 2392 τὸν
1224 2332 1434 2408 Καταύοληνοῦ,
1446 2330 1538 2409 λόγους
1555 2336 1697 2414 προσφέρει

918 2426 971 2484 τοῖς
985 2422 1012 2477 ἐν
1031 2424 1064 2497 τῇ
1086 2419 1161 2479 πόλει
1186 2428 1232 2479 καί
1255 2419 1479 2500 βασιλεῖςτσύτων
1501 2420 1694 2503 ξυμύατηρέους

79 2506 164 2584 μνσύς
178 2506 328 2585 ἀποτόμους
342 2508 386 2568 καλ
402 2509 550 2588 δυσχωρίας
565 2508 692 2586 μεγίστας
710 2508 755 2566 καὶ
769 2507 864 2574 τόπους
918 2507 979 2586 περὶ
992 2507 1115 2575 ἐνδύσεως
1125 2512 1227 2567 ἑαυτῶν
1241 2532 1268 2567 τε
1281 2508 1382 2580 καὶτῆς
1392 2507 1505 2582 πολεως,
1517 2510 1618 2588 βέλτιον
1631 2501 1697 2570 ι’ίναι

79 2594 228 2663 δυσόάτους
244 2597 291 2656 καὶ
309 2596 473 2676 ἀποκρότους
489 2598 536 2656 καλ
552 2598 640 2657 πολλὰ
654 2602 763 2657 τοιαῦτα
774 2620 864 2675 ,προσ-
918 2594 1002 2673 λέγων
1019 2598 1107 2663 αὐτοῖς
1121 2596 1167 2655 καὶ
1180 2601 1232 2655 τῶν
1245 2596 1314 2656 κατδι
1328 2597 1396 2656 πολὺ
1413 2595 1595 2677 ξυμφερόντων
1611 2621 1695 2657 κατα·

80 2687 150 2753 άντη
173 2682 219 2741 καλ
239 2684 354 2764 δυσχερῆ
375 2685 451 2761 μόλις
469 2708 521 2743 που
545 2684 592 2743 καὶ
611 2683 654 2752 ξὺν
676 2685 748 2764 πόνῳ
774 2686 864 2765 πολλῷ
918 2689 1060 2743 πιστεῦσαι
1075 2684 1184 2752 έαυτούς
1199 2709 1228 2744 τε
1245 2686 1291 2744 καὶ
1307 2687 1355 2757 τὴν
1379 2687 1455 2745 πολιν
1471 2688 1509 2766 τῷ
1524 2688 1631 2768 μεγάλῳ
1645 2692 1696 2766 βα·

79 2770 206 2846 διελθὼν,
230 2771 276 2831 καὶ
306 2772 431 2852 μςγίστας
456 2773 600 2847 ὑπομείνας
628 2771 809 2845 ταλαιπωρίας
836 2774 863 2829 έν
918 2774 987 2830 σιλεῖ
1009 2774 1077 2849 μετά
1098 2798 1127 2851 γε
1155 2772 1312 2851 ξυμύάσεων
1334 2773 1379 2833 καὶ
1401 2771 1485 2853 όρκων
1509 2773 1625 2853 βεόαίων
1649 2777 1696 2834 καὶ

79 2857 175 2929 δπλοις
194 2860 323 2927 αύτύς.τε
348 2860 393 2919 καὶ
414 2869 491 2919 πᾶσα
505 2864 522 2933 ἡ
537 2860 649 2940 στρατιά
668 2858 797 2919 δεαάαίνει
819 2860 862 2917 τὀν
918 2860 1047 2927 πίστεως·
1060 2866 1137 2921 τοῦτο
1153 2862 1205 2940 γὰρ
1219 2860 1294 2921 ἔσται
1310 2860 1374 2941 πρὸς
1387 2863 1470 2920 καλοῦ
1488 2862 1533 2920 καὶ
1547 2864 1696 2942 ἐπωφελοῦς

78 2950 205 3026 Ταῦρον,
221 2947 267 3006 καὶ
283 2947 403 3015 καταόδς
425 2951 453 3015 ἐς
471 2947 503 3007 τδ
521 2948 611 3006 πεδίον
627 2943 864 3028 στρατοπεδεύεται
919 2951 1008 3015 αὐτοῖς
1029 2972 1057 3008 τε
1078 2953 1152 3030 κοινῇ
1175 2953 1213 3030 τῷ
1232 2972 1260 3009 τε
1282 2952 1387 3030 βασιλεῖ
1409 2950 1462 3030 ἰδίᾳ
1482 2950 1528 3010 καὶ
1542 2951 1619 3010 παισί
1643 2959 1697 3019 τοῖς

78 3038 111 3096 οὒ
125 3037 217 3116 πόρρω
228 3039 254 3096 Τ
257 3036 458 3116 εγρανοκέρτων.
472 3034 507 3116 (ι)
521 3035 648 3107 Χασάνης
660 3037 686 3093 δέ
704 3035 751 3105 τὴν
765 3034 863 3114 ἀθρόαν
918 3035 998 3096 αὐτοῦ
1019 3036 1065 3095 καὶ
1080 3045 1133 3104 τοῖς
1146 3060 1176 3115 γε
1190 3037 1253 3118 περί
1274 3039 1353 3097 αὐτὸν
1366 3034 1448 3112 πᾶσι,
1461 3042 1499 3117 τῷ
1515 3038 1576 3114 μὲν,
1590 3038 1696 3120 τυχόντι

80 3124 176 3206 ἔφοδον
184 3132 229 3184 τοῦ
237 3124 366 3202 βασιλέως
374 3124 473 3201 μαθὼν,
482 3122 863 3203 καὶὼςδυσχωρίαντοσαύτην
917 3124 1043 3203 προνοίας
1064 3126 1138 3203 παρά
1168 3132 1214 3185 τοῦ
1240 3126 1357 3205 μεγάλου
1388 3126 1530 3208 βασιλέως,
1550 3126 1639 3209 χώρας
1667 3153 1695 3187 τε

78 3214 128 3272 καὶ
143 3212 202 3271 ὁδὸν
219 3212 316 3292 ἀτριύῆ
329 3213 376 3272 καὶ
391 3212 518 3285 πλείστην
532 3212 578 3271 καλ
588 3211 622 3270 ,τδ
642 3211 701 3270 ύλον
719 3210 818 3270 άδατον
839 3213 864 3275 ές
918 3214 1019 3283 πολλῆς
1032 3214 1077 3272 καὶ
1093 3215 1231 3294 προσόδων
1251 3217 1349 3274 ἱκανῶν
1364 3216 1390 3283 ές
1407 3239 1436 3274 τε
1451 3216 1593 3296 διατροφην
1609 3218 1696 3285 αὐτοῖς

80 3302 160 3379 δεῦρο
175 3300 257 3368 ούτως
270 3301 383 3367 εύκόλως
400 3300 477 3374 διέύη
491 3301 538 3360 καὶ
550 3300 617 3377 μετὰ
638 3299 766 3370 τοσαύτης
780 3322 863 3379 στρα·
918 3300 964 3357 καὶ
988 3299 1137 3359 ἀνάπαυσιν
1153 3300 1201 3359 καὶ
1218 3309 1306 3361 πᾶσαν
1324 3302 1407 3375 ἀλλην
1422 3300 1514 3383 χρείαν
1532 3327 1560 3363 τε
1585 3304 1631 3363 καὶ
1645 3306 1695 3365 αθ-

79 3398 140 3455 τιᾶς
154 3413 183 3449 τε
196 3391 242 3449 καί
256 3390 347 3449 ὅπλων
362 3392 429 3471 (καὶ)
445 3392 614 3465 ἀποσκευῆς,
630 3388 676 3448 καλ
689 3386 754 3470 πρὸς
777 3390 863 3455 αιίτσῖς
916 3386 1059 3464 τάρκειαν,
1073 3395 1124 3453 τοῖς
1146 3388 1188 3461 δέ,
1201 3394 1333 3461 καθῆσθαι
1352 3389 1396 3459 ξύν
1414 3389 1515 3470 γυναιξί
1532 3391 1579 3452 καλ
1597 3393 1696 3460 τέκνοις

79 3477 169 3549 ῆλασε
183 3488 236 3545 τοῖς
251 3477 393 3557 βασιλείοις
409 3480 507 3550 αὐτοῦ,
522 3476 653 3554 ἐξεπλάγη
673 3479 754 3553 τιτῷ
772 3498 862 3556 παρα·
918 3472 1045 3534 ἀπαθέσιν
1060 3474 1127 3541 δλως
1140 3479 1248 3549 κακῶν,
1263 3476 1355 3557 έχουσι
1367 3478 1416 3551 τήν
1432 3502 1461 3538 τε
1475 3478 1590 3559 πατρίδα
1604 3481 1650 3540 καί
1662 3482 1696 3540 τδι

78 3564 154 3646 λόγῳ
165 3572 210 3625 τοῦ
220 3564 368 3645 γεγονότος,
378 3566 424 3625 καὶ
438 3556 491 3624 οἷόν
505 3589 556 3624 τινι
568 3563 641 3645 βελει
651 3567 702 3623 τῶν
715 3564 741 3632 ἐξ
752 3565 863 3642 οὐρανοῦ
916 3564 1082 3643 ὑπάρχοντα.
1100 3560 1136 3643 (ε)
1152 3565 1186 3625 Εἰ
1201 3563 1228 3622 δέ
1243 3566 1458 3646 προκαλουμένου
1473 3572 1518 3625 νῦν
1537 3568 1580 3628 ἐπὶ
1596 3566 1697 3645 ξυμύά-

80 3653 193 3733 πληγείς
209 3657 235 3721 ές
250 3654 404 3734 ἀμηχανίαν
419 3653 504 3726 δεινὴν
524 3655 570 3713 καλ
590 3653 669 3734 φόόον
686 3653 809 3729 ἐνέπεσε,
824 3650 861 3728 μὴ

83 3744 155 3821 έχων
166 3742 217 3801 ὅτι
229 3745 274 3803 καλ
285 3742 402 3820 δράσειε·
412 3743 458 3802 καὶ
473 3742 548 3809 τέλος
565 3744 591 3809 ές
607 3742 726 3819 ἀνάγκην
739 3739 864 3817 μεγίστην

81 3830 222 3897 καταστάς
245 3831 376 3908 ἐκπέμπιι
399 3832 449 3902 τῆν
470 3835 548 3891 αύτοῶ
570 3829 672 3909 μητέρα
695 3828 805 3908 πρέσόιν
829 3831 865 3895 ὡς

84 3918 199 3997 βασιλέα
214 3919 281 3997 μετὰ
305 3917 395 3998 δύιρων
410 3920 449 3978 δτι
466 3921 589 3992 πολλῶν,
604 3917 813 3995 ἀπολογούμινός
835 3939 862 3975 τε

82 4008 152 4086 ὑπὲρ
175 3999 212 4067 ὧν
237 4008 308 4076 ἔδοξε
335 4010 447 4088 δρᾶσαι,
470 4007 516 4066 καὶ
538 4005 692 4085 ξυγγνώμην
716 4008 806 4079 αἰτῶν,
820 4005 865 4063 καὶ

84 4093 143 4171 ἅμα
157 4095 277 4174 δεόμενος
289 4095 425 4177 ξύμμαχος
439 4087 504 4156 εἶναι
518 4096 564 4159 καὶ
578 4094 651 4172 φίλος
667 4100 711 4153 τοῦ
726 4092 864 4173 βασιλέως.

85 4183 118 4260 (υ)
137 4181 172 4242 Ὁ
187 4184 215 4242 δὲ
231 4183 337 4265 δέχεται
351 4186 449 4259 ταύτην
467 4184 558 4263 φιλίως
576 4186 621 4243 καὶ
637 4192 703 4264 τιμᾷ
722 4183 779 4249 ταῖς
801 4205 865 4262 πρε-

84 4270 196 4339 πούσαες
218 4281 322 4350 τιμαῖς,
343 4274 388 4332 καλ
409 4274 530 4346 λαλήσας
553 4272 672 4349 εἰρηνικὰ
702 4274 760 4349 μετ’
784 4273 864 4341 αὐτῆς

86 4358 227 4419 σπένδεται
242 4362 288 4422 καὶ
304 4363 410 4440 δέχεται
424 4362 498 4443 φίλον
512 4362 557 4421 καὶ
575 4361 713 4442 ξύμμαχον
727 4351 794 4419 εἶναι
810 4362 865 4420 Xa-

86 4447 182 4507 οάνεα·
208 4453 240 4511 οθ
263 4449 317 4527 μὴν
343 4449 486 4533 ἀπέπεμψέ
511 4474 541 4530 γε
566 4450 664 4524 ταύτην
691 4448 782 4527 ιθθθς,
804 4448 863 4507 ἀλλ’

917 3675 971 3719 σεις
995 3657 1043 3711 τοῦ
1068 3652 1183 3729 μεγάλου
1215 3652 1344 3733 βασιλέως
1370 3654 1586 3732 παρακούσειαν,
1608 3657 1696 3716 ούκέτι

918 3739 1004 3807 ἕξουσι
1016 3743 1062 3798 τοῦ
1079 3742 1172 3800 λοιποῦ
1185 3740 1249 3820 πρὸς
1265 3742 1342 3801 αὐτὸν
1356 3740 1510 3817 ξυμύάσιιύν
1529 3766 1558 3803 τε
1574 3743 1621 3802 καλ
1639 3743 1697 3812 ξυν·

917 3831 1006 3900 θηκῶν
1022 3828 1089 3896 ὅλως
1104 3832 1268 3904 μνησθῆναι,
1285 3826 1355 3897 άπαξ
1369 3830 1434 3908 ὀργῇ
1456 3828 1502 3889 καλ
1518 3834 1594 3911 θυμῷ
1611 3854 1693 3891 κατα-

918 3916 1027 3983 στάντος
1044 3919 1070 3983 ές
1089 3916 1120 3977 τδ
1143 3918 1283 3993 πολεμεῖν,
1297 3916 1366 3976 ἀλλὰ
1391 3916 1559 3995 κριθήσονται
1579 3919 1611 3978 za
1635 3924 1694 3979 κατ’

918 4002 1013 4071 αύτούς
1036 4004 1126 4070 ὅπλοις
1148 4002 1248 4079 μᾶλλόν
1269 4003 1357 4063 τεκαὶ
1378 4003 1495 4085 σιδήρῳ,
1518 4005 1564 4063 καλ
1590 3996 1696 4075 ἀλύντες

917 4090 1027 4171 πολέμῳ
1050 4091 1244 4163 ύιτοατῆσονται
1264 4091 1341 4174 φόνον
1368 4116 1396 4151 τε
1421 4094 1467 4151 καλ
1483 4094 1633 4173 διαρπαγὴν
1650 4097 1695 4153 καί

918 4178 1037 4238 δουλείαν
1054 4179 1100 4237 καὶ
1121 4178 1170 4241 ὅσα
1191 4180 1309 4255 πολέμου
1332 4180 1377 4239 καί
1394 4180 1518 4247 ἁλύσεως
1537 4180 1621 4256 πάθη.
1641 4186 1695 4243 Καὶ

917 4272 932 4328 θ
946 4268 994 4344 μέν
1006 4265 1098 4335 οὕτως.
1115 4268 1149 4347 (ε)
1164 4270 1199 4327 Οί
1212 4268 1239 4326 δέ
1251 4270 1278 4327 έν
1288 4272 1322 4347 τῇ
1332 4266 1407 4327 πόλει
1417 4267 1464 4327 καλ
1478 4266 1601 4349 βασιλεύς
1611 4270 1695 4328 αὐτῶν

917 4355 1078 4423 ἀκούσαντες
1097 4361 1181 4413 ταῦτα
1196 4354 1314 4423 ἐδέξαντό
1327 4377 1356 4415 τε
1377 4354 1436 4423 τοὺς
1456 4354 1549 4435 λόγους
1571 4355 1695 4435 ἡσύχως,

918 4443 966 4502 καλ
990 4448 1036 4503 τοῦ
1061 4444 1177 4523 μεγάλου
1203 4444 1332 4525 βασιλέως
1355 4444 1456 4523 έφασαν
1482 4444 1694 4526 παραγενομένου

87 4643 215 4706 scriplum.
229 4644 281 4707 β-
289 4645 498 4709 ἀπσγευσαμένων]
508 4646 545 4695 sic
559 4658 633 4709 supra
641 4630 731 4695 Ιίιιοιιπῖ
745 4658 780 4694 m.
794 4650 818 4703 2,
830 4641 1002 4704 ἀπογενόμενον
1015 4654 1049 4691 m.
1064 4646 1083 4690 1.
1093 4639 1103 4703 ΙΙ
1113 4668 1145 4677 -
1154 4640 1169 4704 §
1179 4644 1203 4691 ί.
1215 4640 1340 4702 Ίαγούπην
1350 4645 1391 4690 τοῦ
1401 4639 1483 4703 αὐτοῦ]
1495 4638 1551 4688 add.
1560 4650 1625 4701 mgo,
1633 4636 1696 4687 sicut

87 4725 145 4763 mox
159 4715 238 4765 verba
252 4716 326 4780 ἀνδρα
342 4718 414 4780 σοφὸν
426 4720 494 4767 σία..
510 4717 571 4780 μέγα
582 4716 715 4779 δυνάμενον.
729 4715 740 4778 ΙΙ
753 4714 809 4777 -§
822 4722 845 4765 5.
860 4714 926 4775 πάαη
941 4712 1033 4773 σπονδῇ
1047 4710 1103 4761 add.
1116 4726 1181 4776 mgo.
1583 4756 1586 4763 ,

118 4786 162 4836 vl.
175 4786 191 4850 §
204 4790 225 4837 1.
241 4788 279 4844 ξύν
294 4787 370 4852 πόνῳ]
384 4787 499 4850 σνμπύνῳ
515 4786 570 4837 cod.
588 4786 599 4850 ΙΙ
614 4812 647 4822 -
659 4786 675 4850 §
686 4793 709 4836 2.
722 4784 803 4849 ίφοδον
855 4782 947 4847 μαθὼν]
960 4781 996 4832 sic
1008 4793 1042 4831 m'.
1056 4788 1070 4831 2
1086 4782 1111 4832 in
1124 4796 1213 4846 mam„
1224 4781 1333 4833 ὂιύάασιν
1392 4782 1448 4831 ἰδών
1461 4792 1495 4829 m.
1510 4785 1531 4829 1.
1549 4778 1560 4843 β
1580 4804 1613 4815 -
1628 4778 1694 4841 μεγί-

88 4856 157 4921 στην]
169 4858 227 4908 add.
242 4872 308 4920 mgo.
323 4859 335 4922 ΙΙ
347 4886 375 4895 -
387 4859 402 4923 ς
415 4864 438 4909 3.
451 4860 544 4922 δι’χετειι
555 4875 578 4908 τ.
589 4857 680 4922 φιλίως]
691 4858 731 4907 Cf.
744 4855 829 4907 Chalc.
840 4870 865 4920 p.
876 4859 931 4906 491.
946 4852 1069 4904 sendedd.
1083 4866 1108 4917 p.
1123 4856 1177 4903 204.
1200 4874 1203 4880 ·

119 4929 175 4978 Vll.
187 4928 203 4992 §
214 4934 238 4979 θ.
253 4929 314 4993 ἑξῆς]
326 4930 384 4979 add.
399 4943 465 4992 lngo.
482 4930 493 4994 ΙΙ
506 4956 538 4967 -
551 4929 567 4993 §
578 4934 602 4979 3.
616 4929 680 4978 ύιετὼ
693 4929 751 4992 πρδς
764 4934 816 4984 ταῖς
829 4925 916 4990 είκοσι]
929 4926 966 4975 λό’
976 4938 1027 4975 sec,
1041 4924 1123 4975 ΟΙιιιΙσ.
1135 4938 1161 4988 p.
1174 4926 1229 4983 494,
1244 4930 1268 4973 θ.
1284 4924 1295 4987 ΙΙ
1307 4921 1365 4985 -β
1379 4924 1403 4970 ί.
1417 4922 1445 4969 οὐ
1456 4918 1535 4982 πόρτω
1548 4924 1591 4967 τοῦ
1604 4917 1696 4980 ἄστεος]

89 4999 114 5045 ε’ν
123 5003 152 5061 τῇ
162 5000 275 5063 λεγομένη
287 5001 432 5064 Σκυλολίμνη
444 5001 530 5050 Chalc.
542 5013 566 5064 p.
579 5003 635 5060 494,
651 5003 687 5050 13.
701 4999 752 5063 Ιί-
762 4996 937 5061 Καταθοληνοῦ]
947 4997 986 5047 Cf.
998 5009 1072 5059 supra
1081 4994 1124 5046 lib.
1137 5000 1161 5055 3,
1172 5001 1212 5054 20,
1223 5003 1246 5046 5.
1259 4995 1270 5059 ΙΙ
1285 5022 1316 5032 -
1327 4990 1472 5055 θπάρχονια]
1480 4992 1557 5041 οἰκεῖα
1567 5002 1632 5052 mgo.
1645 4990 1698 5073 11ss

90 5068 130 5116 τὸν
146 5069 246 5133 θωμᾶν]
260 5083 294 5120 ιιι.
309 5076 332 5129 2,
344 5072 384 5119 τὸν
397 5071 468 5121 αὐτὸν
479 5082 514 5121 m.
530 5073 551 5121 1.
565 5070 638 5134 Apud
652 5069 768 5121 ὓοεΙοοο.
781 5084 807 5134 ρ,
822 5066 1100 5130 394,13Μσειιιιιιιυιεε
1113 5066 1248 5129 Georgium
1263 5066 1344 5129 (cujus
1363 5064 1445 5113 mater·
1454 5065 1508 5113 erat
1524 5073 1596 5111 ωεστ
1610 5065 1698 5110 malm

90 5138 262 5191 Machumusss.
277 5144 308 5192 v.
327 5142 498 5206 Faumerayer.
512 5156 538 5207 p.
554 5139 619 5206 278),
635 5140 737 5193 navidis
753 5140 818 5204 regis
833 5138 1063 5207 ρτοεονοειὶιιίυιιι,
1073 5136 1215 5189 amandavit
1230 5136 1259 5186 ut
1271 5134 1303 5185 de
1315 5130 1434 5184 tradendo
1456 5143 1531 5195 regno
1544 5130 1622 5182 νοιίιε
1639 5142 1698 5196 ροτ-

91 5206 174 5260 terret.
