3809 5859
800 392 1079 461 ruauuuuruu.
1701 424 1738 485 η,

123 520 270 603 ι’κειιρέγει,
284 522 320 589 ὥς
333 520 365 593 δὴ
380 518 589 601 μαστιγούμενος
600 521 653 582 θπθ
664 526 712 594 τῆς
729 522 816 603 κόρης.
830 525 901 585 Πολ-

122 614 169 674 λόέ
180 612 208 671 δέ
222 611 319 692 χρόνον
340 610 532 691 διαγενομένου,
546 610 685 679 έξιλιίσατο
703 610 762 679 τοὺς
776 612 903 691 δαίμονας

122 704 171 771 τῆς
184 699 287 770 παιδίος,
299 699 345 757 καί
361 698 442 764 οὓτως
452 699 635 770 ἀποκατέστη.
648 700 682 776 (ο)
695 701 752 771 Τῆς
765 699 791 758 δέ
807 703 901 781 προδο·

123 788 238 856 clareia
248 786 372 863 ἐπαύετο,
388 786 568 869 ἀλλάγροίψας
584 786 724 854 ἐπιστολάς
739 788 826 868 Ξέρξῃ
839 788 900 869 Ἀρ-

122 876 202 957 γιλίιρ
216 872 386 955 ἀγαπωμένῳ
400 876 494 933 ἑαυτοῦ
509 874 599 933 δίδωσι
613 874 721 949 ταύτας,
733 876 898 955 ίγκελευσοί-

123 986 201 1041 μενος
214 966 329 1039 κομίζειν
344 963 408 1042 πρὸς
422 961 534 1042 Ξέρξην.
549 960 585 1022 ‘0
596 960 624 1021 δέ
639 961 765 1041 Ἀργὶλιος
779 962 902 1031 δεδοικιλς

123 1052 186 1130 περὶ
200 1055 290 1125 αὑτοῦ,
302 1049 392 1122 ἐπειδὴ
408 1049 480 1129 (γὰρ)
496 1048 554 1109 οὐδέ
570 1052 594 1109 οἱ
606 1049 728 1130 πρότεροι
739 1050 902 1131 πεμφθέντες

119 1138 314 1217 ἄπινόστησαν,
329 1141 392 1220 πρὸς
414 1136 517 1219 Ξέρξην
539 1140 569 1196 οὐ
588 1137 762 1219 παρεγένετο,
777 1139 858 1199 έλθὼν
872 1142 899 1200 δέ

123 1228 161 1295 εἰς
178 1226 306 1306 Σπάρτην
326 1227 379 1292 τοῖς
399 1218 497 1307 ἔφθροίς
529 1224 642 1303 έμήνοσι
668 1227 716 1297 τήν
741 1227 897 1307 προδοσίαν,

121 1314 254 1395 ὑπέσχετο
269 1314 296 1373 δέ
321 1312 479 1395 κατάφωρον
495 1313 586 1383 δείξειν
610 1314 654 1374 τὸν
674 1315 841 1377 Παυσανίαν.
865 1316 898 1397 (ε)

121 1404 177 1465 liet
192 1401 346 1483 συνθέμενος
364 1402 425 1483 περὶ
440 1400 541 1462 τούτων
555 1395 633 1475 ήλθεν
652 1406 688 1471 είς
709 1404 854 1485 Ταίναρον,
870 1404 897 1463 έν

120 1496 200 1574 τιτῷ
220 1497 266 1550 τοῦ
282 1492 446 1558 Ποσειδῶνος
467 1492 568 1569 τεμένει
581 1492 705 1553 ἱκέτευεν.
718 1494 752 1554 Οἱ
767 1492 794 1552 δέ
810 1493 897 1573 ἔφοροι

121 1581 330 1663 παραγενόμενοι
341 1583 376 1647 είς
382 1579 412 1639 τὸ
422 1579 498 1659 [αὐτὸ
506 1580 610 1657 τέμενος
620 1580 677 1659 καλ]
691 1582 784 1652 διπλῆν
795 1580 896 1655 σκηνὴν

120 1670 362 1736 κατασκευάσαντες
375 1671 402 1727 έν
417 1669 484 1747 αὐτῇ
495 1668 610 1749 ἔκρυψαν
627 1667 745 1734 ἱαυτοιίς.
758 1669 818 1728 Οὔκ
837 1672 896 1727 έπε-

120 1750 898 1836 ατάμενυςδὲδΠαυσανίαςταίίτα,αἰκοιίόαςδὲτίινίἱργίλιον

118 1845 278 1923 ἱκετεύοντα,
294 1844 451 1925 παρεγένετο
472 1845 535 1925 πρὸς
562 1844 639 1905 αὐτὸν
656 1845 701 1905 καὶ
719 1845 891 1923 ἀπεμέμφετο

119 1934 163 1992 iri
179 1936 218 2014 τῷ
234 1932 272 2012 μὴ
287 1932 396 2012 κομίσαι
409 1932 456 1999 τθς
470 1932 609 1999 έπιοιολδις
624 1931 690 2012 πρὸς
700 1931 813 2010 Ξέρξην,
827 1932 895 1991 ilis

123 2018 154 2079 τέ
165 2044 224 2079 τινα
239 2022 369 2101 τεκμήρια
385 2019 480 2099 διεξῄει
493 2023 539 2092 τῆς
557 2018 706 2095 προδοσίας.
717 2020 753 2077 Οἱ
771 2018 797 2077 δὲ
812 2018 899 2099 ἔφοροι

122 2107 283 2176 ἀκούσαντες
306 2111 358 2168 τῶν
375 2108 516 2190 ῥηθέντων,
528 2112 695 2188 παραχρῆμα
714 2108 762 2183 μέν
777 2108 806 2165 οὐ
821 2130 898 2165 συνε·

122 2198 236 2257 λάθοντο
246 2196 322 2255 αὐτὸν
338 2196 381 2256 διὰ
392 2196 422 2257 τὸ
436 2187 504 2256 εἶναι
518 2196 591 2275 άγιον
601 2196 631 2255 τὸ
643 2194 759 2273 τέμενος,
770 2197 829 2253 ἄλλ’
845 2194 898 2254 εἵα-

118 2308 169 2344 σαν
184 2286 322 2358 ἀπελθεῖν,
342 2286 447 2363 ἱὶστερον
460 2286 487 2345 δέ
500 2285 577 2346 αὐτὸν
589 2284 698 2345 ἐλθόντα
716 2286 753 2352 εἱς
767 2283 896 2365 Σπάρτην

118 2371 257 2431 έόοιίλοντο
272 2372 513 2453 συλλαμόιίνεσθαι.
526 2370 560 2434 Ὁ
575 2373 603 2433 δὲ
616 2369 765 2442 ὑπονοήσας
778 2369 896 2445 εἱσέδρα-

119 2485 168 2537 μιν
180 2464 215 2527 εἱς
232 2461 263 2519 ro
280 2464 326 2532 τῆς
344 2460 507 2523 Χαλκιοίκου
530 2456 640 2532 ’Ᾱθηνᾶς
664 2458 769 2536 τέμενος
784 2457 830 2517 καί
844 2458 898 2517 ἱκέ-

118 2572 204 2609 τευεν.
222 2551 253 2625 (ι)
269 2551 331 2609 Τι’·ἰν
345 2548 372 2608 δέ
388 2548 603 2625 Λακεδαιμονίων
617 2550 644 2608 έν
656 2546 746 2627 οίπόρῳ
760 2545 841 2605 όντων
853 2545 896 2603 διὰ

115 2635 164 2708 τήν
178 2638 213 2704 εἷς
227 2635 275 2708 τήν
289 2638 348 2696 θεθν
364 2635 520 2717 θρησκείαν,
537 2640 554 2707 ἡ
575 2635 663 2715 μήτηρ
677 2640 723 2695 τοῦ
739 2632 893 2695 Παυσανίου

119 2725 279 2805 βαστάσασα
292 2725 397 2786 πλίνθον
413 2726 503 2799 έθηκεν
518 2725 561 2785 iel
578 2729 624 2797 τῆς
645 2724 744 2785 εἰσόδου
756 2730 802 2782 τοῦ
818 2722 896 2800 τεμέ·

116 2836 185 2885 νους,
199 2815 439 2894 προκαταρχομένη
452 2816 499 2885 τῆς
509 2812 578 2872 κατὰ
587 2818 633 2871 τοῦ
644 2811 737 2877 παιδὸς
750 2811 892 2875 κολάσεως.

116 2906 153 2961 ot
169 2902 195 2963 δέ
211 2902 413 2979 Λακεδαιμόνιοι
423 2900 699 2970 κατακολουθήσαντες
714 2902 780 2977 αίπῇ
795 2900 892 2977 ἐνῳκο-

961 528 1034 591 gellis
1046 543 1062 579 a
1075 532 1157 595 puella
1168 533 1315 599 caederetur,
1335 552 1365 590 ae
1373 526 1458 593 *multo
1471 545 1526 608 post
1539 545 1649 610 dunum,
1660 565 1739 615 quum

961 642 1046 681 manes
1058 632 1161 697 rirpims
1172 635 1303 699 placasset,
1322 637 1348 687 in
1358 641 1450 691 mentis
1461 643 1590 695 sanitatem
1608 648 1739 701 restitutus

962 732 1009 781 est.
1025 730 1061 795 (2)
1074 735 1108 782 st
1122 746 1153 783 ne
1166 736 1221 785 tum
1231 737 1333 800 quidem
1347 738 1512 802 aproditione
1520 743 1624 806 destitit,
1635 746 1679 796 sed
1693 752 1726 798 Ar

960 830 1019 894 gilio
1032 832 1126 883 amasio
1140 832 1225 885 literas
1234 834 1266 886 nd
1282 836 1391 889 Xerxem
1401 840 1562 903 perferendas
1572 845 1680 897 tradidit.
1691 851 1738 898 Ar·

959 930 1032 995 gilius
1044 946 1105 984 vero
1116 933 1148 983 de
1168 948 1196 985 se
1210 934 1264 999 ipse
1274 936 1373 997 timuis,
1389 940 1506 1002 quoniam
1516 955 1603 993 eornm
1617 944 1662 1007 qui
1678 949 1736 997 ante

958 1032 1028 1083 missi
1038 1037 1109 1085 eraut
1125 1049 1197 1086 nemo
1211 1037 1327 1099 redierat,
1342 1053 1390 1089 non
1403 1041 1435 1091 sd
1455 1044 1561 1096 xerxem
1580 1058 1607 1095 se
1620 1046 1736 1107 eontulit,

959 1131 1005 1183 red
1019 1133 1133 1197 spartam
1153 1136 1280 1198 proiectus
1303 1134 1403 1197 ephoris
1425 1138 1591 1200 proditionem
1618 1140 1737 1193 indicavit

957 1235 1033 1297 atque
1045 1234 1171 1299 pollicitus
1182 1238 1222 1285 est
1234 1236 1379 1289 effectuum
1393 1250 1421 1287 se
1433 1240 1463 1289 ut
1473 1239 1632 1291 manifestum
1643 1244 1738 1294 Pausa·

956 1333 1022 1383 niam
1034 1332 1254 1399 deprehenderent,
1266 1340 1304 1387 Ex
1321 1339 1457 1402 composito
1468 1338 1556 1391 deinde
1569 1341 1594 1391 ln
1607 1344 1736 1394 Taenarum

956 1437 1010 1500 ivit,
1022 1436 1065 1487 ubi
1082 1439 1185 1504 supplex
1204 1440 1229 1489 in
1247 1441 1304 1490 lano
1323 1441 1429 1505 Neptuni
1450 1442 1570 1493 mnsedit.
1589 1444 1625 1509 (3)
1640 1446 1733 1497 Eodem

955 1537 1030 1590 etiam
1037 1538 1124 1604 ephori
1130 1540 1233 1605 protecti
1241 1540 1333 1605 duplex
1342 1544 1486 1594 struxerunt
1495 1542 1736 1611 tuguriumineoque

955 1640 1204 1693 sesbscondiderunl.
1214 1642 1317 1693 Nescius
1325 1643 1415 1693 lrornm
1424 1646 1560 1695 Pausanias
1568 1646 1599 1697 ad
1606 1629 1734 1711 Argilium,

956 1762 1031 1811 quem
1057 1748 1193 1812 supplicem
1217 1747 1304 1800 sedem
1324 1752 1485 1813 compererat,
1504 1751 1609 1805 accessit
1628 1764 1735 1816 mmque

955 1852 1111 1918 reprehendit
1123 1852 1191 1917 qnod
1199 1853 1283 1904 literas
1294 1852 1327 1904 ad
1339 1856 1443 1905 xersem
1455 1868 1504 1906 non
1511 1856 1664 1919 pertulisset,
1676 1857 1734 1908 alia·

955 1972 1004 2021 que
1022 1957 1137 2022 quaedam
1152 1958 1298 2022 proditionis
1313 1956 1404 2008 indicia
1417 1956 1579 2023 colloquendo
1594 1959 1732 2011 edisseruit.

956 2064 1053 2122 Quibus
1060 2062 1153 2115 auditis
1161 2062 1256 2127 ephori,
1263 2062 1419 2114 τεινοὶίίοὶειει
1429 2064 1478 2115 loci
1487 2062 1596 2124 reveriti,
1607 2063 1671 2114 sslico
1679 2064 1734 2128 qni-

954 2170 1010 2221 dem
1019 2184 1076 2220 eum
1089 2184 1138 2219 uon
1150 2168 1398 2235 comprehenderunt,
1410 2168 1531 2220 sedabire
1543 2170 1609 2235 passi
1622 2173 1689 2230 sunt,
1702 2172 1730 2221 at

954 2280 1085 2341 postquem
1098 2276 1211 2339 Spartam
1225 2288 1340 2325 reversus
1353 2276 1426 2334 essct,
1437 2288 1526 2325 manus
1535 2275 1558 2325 ei
1571 2276 1671 2338 inlicere
1687 2288 1729 2325 co·

953 2381 1074 2446 gilsbant.
1094 2381 1140 2432 Ille
1156 2394 1217 2430 aero
1236 2392 1288 2429 rem
1306 2378 1446 2443 suspicatus
1466 2379 1492 2429 lu
1515 2380 1599 2429 tenum
1613 2380 1732 2430 itinerum

956 2487 1090 2538 Chalcloeei
1103 2486 1214 2551 coniugi
1227 2485 1337 2551 supplex.
1350 2485 1385 2548 (4)
1396 2486 1586 2536 lacedaemoniis
1595 2486 1654 2549 quid
1666 2486 1731 2536 tece-

952 2596 1009 2643 rent
1025 2591 1109 2642 dubiis
1123 2590 1283 2641 haerentibus
1297 2588 1329 2639 ob
1353 2588 1461 2639 debitam
1486 2587 1540 2639 deso
1556 2589 1728 2649 reuerentiam,

951 2695 1053 2747 advenit
1062 2698 1141 2747 mater
1158 2694 1286 2746 Pausanias
1299 2694 1401 2743 laterem
1411 2692 1501 2757 terens,
1515 2690 1631 2755 quemad
1644 2692 1732 2742 introi·

955 2805 1008 2851 tum
1022 2800 1071 2851 turi
1089 2800 1214 2863 deposuit,
1234 2811 1313 2861 eoque
1330 2798 1395 2847 uiam
1408 2810 1487 2861 ρωποι
1497 2796 1530 2847 de
1542 2795 1594 2847 filio
1605 2796 1730 2847 sumenda

952 2908 1062 2974 praeirit3
1075 2921 1133 2957 nam
1151 2904 1293 2968 exemplum
1313 2903 1369 2967 ejus
1390 2901 1470 2953 secuti
1490 2902 1671 2952 Lacedaemonii
1689 2903 1728 2951 ts·

128 3004 1720 3036 --—--—-——...----.---------——---

119 3070 215 3132 Σπάρτη
235 3070 371 3133 γενόμενον,
401 3070 562 3133 αἰνιττομένη,
581 3072 613 3126 ιίις
634 3070 711 3130 Ιοικε,
731 3068 773 3125 τὴν
796 3066 925 3127 μέλλουσαν
937 3062 1003 3123 αὐτῷ
1014 3060 1130 3117 τελευτήν.
1145 3059 1225 3106 Ταῦτα
1236 3055 1277 3118 μὲν
1292 3053 1333 3104 οὗν
1350 3054 1396 3135 ὑπὸ
1407 3054 1501 3135 πολλῶν
1517 3052 1645 3134 ἱστόρηται.
1658 3053 1730 3116 Apud

116 3140 265 3191 Pausaniam
287 3141 334 3191 1.1.
352 3142 484 3191 Psusaaies
503 3139 617 3205 expiandi
635 3137 750 3189 facinoris
766 3150 839 3187 causa
862 3134 952 3184 adiisse
969 3132 1061 3183 dicitur
1078 3129 1131 3184 τοὺς
1152 3125 1310 3192 ψυχαγωγοὺς
1329 3122 1447 3211 Ρὶιιςοὶια
1464 3122 1597 3173 Arcadica.
1616 3122 1672 3187 u-
1686 3140 1729 3173 πι-

113 3208 223 3273 ρίυιτνος]
246 3223 294 3260 uox
315 3209 341 3257 iu
363 3208 448 3259 lexicis
469 3200 1103 3273 θεοίθοτοὶοι.11-γινόρινος]γενόμενόμενοιμίο)
1119 3198 1193 3249 code1
1202 3210 1277 3279 {¹1¹⁰x
1288 3197 1419 3279 ίοξῑοωνοοε
1431 3193 1488 3245 0011·

147 3279 199 3342 §2.
216 3278 335 3343 Ἀργιλίιρ]
351 3281 381 3328 V.
404 3279 507 3329 historin
528 3279 553 3329 in
570 3280 649 3329 Tlruc.
674 3284 695 3339 t,
718 3282 772 3339 133,
792 3277 888 3328 cornel.
911 3278 973 3337 Nep.
990 3274 1108 3333 Pansam,
1132 3269 1252 3319 Themist.
1278 3268 1349 3330 epist.
1366 3265 1413 3329 αθ
1430 3293 1462 3349 -ῖ
1482 3267 1606 3315 ramos...
1629 3268 1652 3314 ol
1670 3264 1729 3347 πρό-

116 3348 198 3413 τεροι]
212 3349 315 3399 αὐτοῦ...
335 3352 358 3399 ol
371 3350 499 3414 πρότερονθ
515 3350 525 3413 ΙΙ
538 3376 569 3387 -
591 3346 745 3413 κατάφωρον]
755 3348 886 3410 κατάρορον
897 3346 952 3396 eod.
970 3345 981 3407 ΙΙ
998 3370 1027 3379 -
1043 3341 1147 3405 τεμένει]
1167 3341 1227 3389 Post
1245 3351 1333 3391 vocem
1349 3352 1439 3397 τιμενει
1450 3350 1476 3418 γει
1492 3336 1534 3419 iol:
1556 3340 1585 3387 85
1607 3350 1628 3385 r.
1648 3336 1730 3417 medlo

115 3432 189 3470 rersu
203 3422 230 3469 17
243 3419 355 3482 sequitur
367 3419 437 3469 locus
449 3419 590 3470 Philostrati
603 3433 618 3469 e
637 3418 687 3469 rita
703 3416 823 3481 Apollonii
839 3418 874 3481 (t,
888 3420 911 3478 3,
928 3420 996 3475 1-1,
1011 3418 1036 3471 tl,
1053 3418 1076 3471 t,
1091 3426 1117 3475 p.
1132 3419 1156 3472 t,
1170 3414 1200 3459 35
1218 3436 1245 3444 -
1255 3420 1281 3471 P·
1295 3414 1319 3467 5,
1333 3406 1415 3457 24011·
1430 3406 1512 3468 9111ῡὶ,
1526 3405 1584 3457 1⁰th
1596 3419 1613 3456 ὃ
1623 3406 1708 3456 '0le
1722 3426 1729 3456 τ

114 3491 240 3553 γέγραφεν,
255 3492 288 3540 ιὀν
298 3496 441 3550 κοινωνῆσαι
455 3504 533 3553 usque
550 3490 583 3541 ad
595 3492 686 3540 δεῖσθαι
700 3490 743 3548 ἱρη
755 3493 797 3537 τοῦ
809 3483 981 3546 ποιήσαντος).
996 3481 1105 3532 Pertinet
1117 3477 1240 3560 usquead
1252 3478 1326 3527 tinem
1338 3475 1387 3527 loiri
1403 3481 1433 3526 tid
1447 3490 1468 3526 r.

146 3560 197 3623 53.
210 3560 315 3625 Διπλῆν]
327 3564 414 3621 diuino
426 3561 514 3611 codor.
529 3564 591 3619 Quae
606 3560 751 3625 praecedunt
763 3558 833 3608 uncis
848 3556 956 3613 incluse,
971 3555 998 3603 in
1015 3552 1101 3602 codiee
1119 3549 1223 3600 evanida
1241 3547 1292 3597 lere
1304 3550 1370 3597 snut.
1386 3546 1470 3630 Τίνος,
1481 3551 1502 3606 1,
1524 3550 1568 3596 133
1582 3559 1590 3593 ι
1604 3545 1657 3630 τότε
1670 3547 1696 3595 δὲ
1705 3549 1728 3596 οἱ

115 3630 221 3694 leopos..
232 3632 280 3680 ἀπὸ
292 3638 439 3695 παρασκευῆς
452 3637 494 3681 τοῦ
503 3632 626 3695 ἀνθρώπου
637 3632 675 3679 έπί
682 3630 797 3691 Ταίναρον
811 3630 890 3677 ἱκέτου
903 3627 1028 3690 οἱχομίνον
1039 3624 1079 3671 καὶ
1098 3619 1276 3683 σκηνησαμέιου
1293 3620 1376 3675 διπλῆν
1389 3617 1544 3695 διαφράγματι
1562 3616 1665 3687 καλυόην
1675 3652 1684 3698 ,
1695 3617 1728 3672 εἱς

117 3700 146 3757 ἦν
164 3705 211 3750 τῶν
232 3717 256 3750 τε
269 3700 357 3763 έρόρων
376 3700 439 3757 έντός
458 3717 522 3758 τινας
536 3702 664 3765 ἱνρυψε,...
680 3701 720 3749 καί
735 3697 872 3749 Παυσανίου
885 3698 916 3751 ὡς
941 3694 1012 3744 αὺτὸν
1030 3694 1134 3746 ἐλθόντος
1153 3690 1192 3739 καί
1211 3689 1341 3750 ἐρωτῶντος
1358 3686 1400 3744 τήν
1420 3700 1546 3769 προφασινν
1555 3688 1596 3743 τῆς
1614 3686 1726 3771 terreres,

115 3770 215 3833 ᾔσθοντο
233 3770 309 3819 πάντα
326 3775 414 3832 σαφῶς.
430 3770 554 3821 Diodorus
572 3773 609 3830 Π,
628 3776 655 3819 ti
676 3790 683 3819 ι
705 3768 857 3831 καθεζόμενος
869 3766 910 3816 ἐπὶ
919 3770 954 3828 τῷ
964 3769 1005 3814 τοῦ
1016 3764 1162 3816 Ποσειδῶνος
1174 3763 1238 3821 ίερῷ,
1254 3758 1336 3816 διπλῆν
1353 3758 1442 3814 σκηνὴν
1453 3754 1603 3835 περιεόαλετσ
1619 3756 1658 3803 καί
1672 3771 1727 3812 τους

115 3841 157 3902 μέν
166 3842 261 3904 ἱοὸοουι
275 3843 315 3891 καὶ
330 3842 463 3891 τῶνᾶλλων
474 3844 695 3895 administrasse
707 3838 845 3893 κατέκρυψε·
859 3836 987 3887 cornelius
1003 3836 1064 3897 Nep.
1078 3834 1209 3882 unumne
1226 3848 1232 3879 ι
1249 3830 1277 3878 iu
1292 3840 1344 3877 ara
1356 3824 1488 3888 comedin
1506 3822 1576 3874 lanc
1586 3827 1672 3886 Juxta
1689 3826 1728 3876 lo-

116 3922 176 3959 συιιι
190 3910 312 3973 sermoni
329 3910 473 3972 subterra,
489 3924 589 3976 ecquo
602 3912 688 3974 posset
708 3912 801 3959 cerdici
811 3913 833 3959 sl
850 3911 908 3974 ρυίε
926 3904 991 3972 quid
1005 3905 1156 3968 loqueretur
1173 3912 1233 3952 ουιιι
1245 3898 1351 3962 Arellio.
1369 3896 1380 3961 ll
1395 3924 1423 3933 —
1436 3897 1474 3946 inl
1492 3902 1527 3960 τῷ
1539 3890 1587 3960 μή]
1599 3897 1637 3944 ἐπὶ
1651 3897 1678 3945 τὸ
1695 3898 1727 3957 μὴ

118 3978 174 4029 cod.
188 3981 198 4044 ΙΙ
215 4007 242 4018 -
259 3980 358 4044 διεξῄει]
368 3982 450 4039 διιξείη
461 3979 546 4031 codex.
1271 4038 1277 4049 ι
1476 4036 1483 4050 ,
1608 4036 1615 4049 ⁸

146 4051 197 4112 §i
211 4054 253 4110 τὴν
263 4052 329 4115 θεὸν]
340 4054 380 4101 τὸν
390 4053 412 4100 θ.
424 4051 478 4101 cod.
491 4054 527 4101 De
541 4065 569 4101 re
578 4064 601 4099 r.
617 4049 694 4101 Thur.
709 4054 731 4111 l,
747 4054 802 4112 131,
815 4050 923 4113 Nepesi.
936 4048 965 4108 l.,
979 4044 1099 4096 Themist.
1113 4042 1219 4106 epistt,
1232 4037 1324 4121 §nudas
1334 4051 1359 4087 ν.
1374 4039 1519 4093 Παυσανίας.
1535 4039 1564 4087 ln
1577 4048 1657 4118 purus
1667 4049 1725 4086 nar·

116 4121 216 4171 rationis
237 4124 307 4186 parte
328 4122 360 4172 ad
385 4122 566 4173 Aristodemum
590 4121 699 4185 proxime
719 4122 814 4173 accedit
833 4120 955 4173 Diodorus
978 4124 1015 4178 11,
1033 4120 1065 4166 ts
1088 4115 1285 4193 ι’λπορουμινωγ
1301 4109 1327 4157 δέ
1352 4112 1400 4156 τῶν
1424 4107 1663 4195 descensusque
1687 4123 1725 4156 τι·

116 4192 263 4254 μωμήσονται
283 4193 324 4241 τόν
343 4193 436 4253 ἱκέτην,
449 4194 539 4253 λέγεται
550 4194 592 4249 τήν
608 4193 696 4256 μητέρα
710 4197 753 4241 τοῦ
770 4192 905 4243 Παυσανίου
933 4188 1115 4245 καταντήσασαν
1142 4184 1174 4239 εἱς
1196 4183 1224 4230 τὸ
1242 4183 1317 4245 ίερον,
1340 4178 1397 4226 ἄλλο
1421 4178 1462 4259 μέν
1486 4178 1560 4239 μηδὲν
1578 4193 1626 4240 μητ
1654 4178 1726 4226 εἰπεῖν

115 4262 175 4324 μήτε
195 4262 279 4325 πρᾶξαί
301 4279 333 4321 τι,
355 4263 447 4312 πλίνθον
465 4265 490 4312 δὲ
509 4262 664 4326 βαστάσασαν
684 4263 801 4312 ἀναθεῖναι
821 4262 882 4311 κατὰ
896 4262 939 4319 τήν
960 4261 993 4316 εἱς
1008 4258 1036 4307 τό
1054 4256 1115 4320 ἱερὸν
1134 4253 1239 4311 εἱσοδον,
1262 4250 1388 4298 καὶτοῦτο
1407 4248 1525 4308 πραξασαν
1542 4248 1674 4333 ἐπανελθεῖν
1694 4247 1726 4332 εἱς

116 4334 158 4391 τὴν
187 4334 247 4381 ἱδίαν
269 4334 353 4382 οἱκίαν.
373 4334 432 4391 Τοὺς
451 4335 476 4383 δέ
499 4333 698 4395 Λακεδαιμονίους
720 4339 749 4396 τῇ
768 4339 808 4393 τῆς
833 4333 918 4395 μητρὸς
940 4329 1015 4393 κρίσει
1040 4323 1288 4378 συνακολουθήσαντας
1307 4318 1486 4401 ὶνθῑθψδθμῆῦᾱῑ
1505 4318 1547 4401 *dl
1568 4318 1660 4367 ῑῑσθδῠὶ
1685 4332 1725 4365 ²²¹

113 4403 190 4465 τούτῳ
210 4407 244 4464 τῷ
259 4402 341 4465 τρόπῳ
356 4404 532 4464 συναναγκάσαι
549 4405 588 4453 τὸν
607 4404 745 4455 Παυσανίαν
761 4406 823 4467 λιμῷ
842 4402 1006 4465 καταστρέψαι
1029 4398 1069 4447 τὸν
1093 4396 1153 4460 βίον.
1179 4394 1259 4442 Mater
1280 4392 1408 4439 Pausamae
1434 4388 1543 4453 Ἀγχιθεα
1560 4391 1663 4469 roratur
1684 4400 1724 4450 ep.

114 4471 218 4522 suidam
238 4486 262 4521 v.
287 4474 437 4533 Παυσανίαςς
465 4474 508 4525 sed
528 4474 642 4525 ’Δλκαὶόα
665 4487 705 4537 ap.
719 4475 796 4525 schol.
814 4470 939 4536 Aristoph.
955 4469 1038 4535 Equit.
1056 4471 1096 4517 74.
1116 4460 1338 4526 Pseudoplutarclr.
1357 4460 1384 4509 ln
1403 4460 1493 4520 Parell.
1504 4474 1527 4509 e.
1544 4464 1572 4510 1ο
1586 4460 1725 4544 Agesilaum

116 4547 211 4607 patrem
226 4543 327 4594 laterem
340 4544 451 4595 attulisse
460 4547 552 4604 narrat,
562 4544 672 4595 addens:
687 4548 702 4603 ἠ
718 4547 743 4595 δι
754 4548 829 4609 μήτηρ
842 4546 882 4593 καὶ
896 4544 984 4603 ᾶταρον
996 4542 1102 4605 ἔρριψεν,
1119 4539 1151 4591 tis
1167 4536 1300 4598 Χούσινμοο
1313 4532 1337 4580 lv
1352 4532 1374 4594 θ’
1386 4534 1506 4614 ἱστοριῶν-Ι
1518 4530 1529 4592 ll
1548 4528 1725 4591 -wlwtwtl

115 4613 254 4663 Dicendum
267 4617 321 4665 erat
336 4622 377 4673 τῆς
389 4617 451 4664 κατὰ
464 4622 507 4665 τοῦ
523 4616 605 4672 παιδὸς
620 4616 727 4678 κρίσεως.
743 4616 754 4680 ΙΙ
768 4642 800 4653 -
810 4613 1004 4677 ἐνῳκοδόμησεν]
1016 4610 1052 4661 sic
1063 4608 1138 4659 etiam
1146 4603 1263 4663 Diodor.;
1280 4602 1387 4683 θπῳιιοδ.
1396 4600 1552 4684 Thucydldes
1569 4604 1589 4658 ἱ,
1607 4604 1648 4649 131
1663 4620 1669 4647 :
1682 4605 1724 4649 τοῦ

114 4688 140 4735 δὲ
153 4686 296 4748 οἰκήματος,
312 4688 352 4735 τὸν
363 4687 446 4751 ὄροφον
463 4687 557 4749 ἀφεῖλον
569 4688 608 4737 καὶ
627 4688 667 4742 τὰς
691 4687 773 4749 θύρας,
789 4688 852 4737 ἐνδον
871 4686 928 4735 ὄντα
946 4687 1086 4747 τηρήσαντες
1102 4678 1172 4727 οὗτοι
1192 4677 1231 4723 καί
1250 4674 1405 4755 ἅπολῑὸθντξί
1420 4673 1624 4735 &domitum
1641 4688 1721 4756 11111111·ἱ

114 4756 265 4817 καθεζόμενοί
288 4774 314 4805 τε
342 4758 537 4821 ἐξεπολιόρκησαν
562 4760 633 4820 λιμῷ.
649 4756 827 4807 Themistocles
850 4754 951 4818 epistt
971 4773 977 4802 ι
999 4753 1040 4802 καὶ
1057 4746 1282 4808 ἀνοικοδομήσαντες
1302 4742 1371 4826 (1ος,
1385 4741 1485 4804 αποικ.)
1507 4745 1548 4799 τὴν
1570 4741 1661 4789 εἱσοδσν
1682 4756 1723 4823 μαι

113 4824 230 4883 ἀνελόντες
251 4826 293 4885 τὴν
315 4826 399 4890 ὀροφὴν
416 4832 459 4877 τοῦ
480 4830 547 4877 οἱκοῦ
559 4826 599 4877 ου’
613 4827 698 4884 ένθείας
711 4827 776 4888 αὐτῷ
790 4827 910 4890 παρέσχον
930 4823 996 4885 ἱκέτη
1011 4823 1102 4885 μένοντι
1118 4818 1256 4868 ἀπολέσθαι.
1275 4812 1404 4865 cornelius
1418 4815 1479 4877 Nep·
1501 4816 1575 4861 Paus.
1592 4815 1607 4858 5
1628 4830 1635 4858 τ
1654 4811 1724 4891 Hinc

112 4910 146 4945 ιιο
167 4898 241 4945 estre
258 4898 359 4960 posset,
383 4894 479 4961 ephori
502 4899 598 4948 υυὶυυι
615 4897 671 4957 ejus
695 4896 978 4958 collectaneorum,
998 4895 1145 4955 tectumque
1164 4892 1228 4939 ruat
1242 4886 1370 4947 demoliti,
1396 4897 1449 4949 quo
1465 4882 1573 4946 facilius
1586 4878 1637 4961 aad
1659 4880 1722 4930 (troo

113 4970 222 5031 periret,
239 4967 249 5032 ΙΙ
271 4999 299 5011 -
315 4968 449 5033 ἀνελόντες]
460 4970 592 5024 διελθόντες
611 4966 697 5017 codex.
720 4967 731 5031 ΙΙ
748 4992 779 5004 -
794 4966 931 5031 έξέρριψαν]
953 4966 993 5014 ct.
1009 4964 1174 5027 chryserium
1189 4972 1229 5022 ap.
1245 4953 1462 5018 Pseudoplutarch.
1474 4953 1491 5002 l.
1507 4950 1535 5010 l.,
1550 4948 1697 4999 studuisti.
1714 4966 1720 4997 :

116 5040 163 5087 Καὶ
178 5039 253 5093 οὕτως
264 5039 328 5088 ένδον
341 5040 455 5095 ἀπέθανε,
465 5041 492 5089 τὸ
505 5040 530 5089 δέ
546 5045 616 5100 σῶμα
624 5040 655 5093 εἱς
669 5040 709 5086 τὸν
727 5038 820 5087 Κεάδαν
835 5038 961 5101 ἔρριψαν...
973 5032 1116 5092 Νοσηοάοος
1133 5032 1161 5079 δὲ
1174 5034 1214 5089 τῆς
1231 5030 1321 5081 diffinit
1337 5026 1417 5107 ῑῑξὸνα
1431 5023 1637 5107 ἔστησξῐὶθὼῆν
1653 5022 1722 5103 Παὶἱζ

113 5111 195 5159 σανίου
208 5114 248 5159 καὶ
265 5110 398 5167 έσόιθησαν.
412 5108 521 5159 AElianus
535 5110 594 5158 Ver.
610 5108 673 5159 nist.
689 5110 713 5167 (ε,
733 5112 745 5156 7
767 5128 773 5157 2
789 5106 975 5170 Λακεδαιμόνιοι
989 5104 1130 5155 Παυσανίαν
1147 5101 1279 5163 μηδίσαντα
1294 5097 1323 5146 οὐ
1340 5111 1409 5174 μονρν
1426 5096 1487 5172 λιμιῑρ
1500 5108 1652 5173 απεκτιγναν,
1665 5092 1723 5140 ἄλλα

114 5180 154 5227 καὶ
165 5180 204 5228 τόν
215 5182 296 5243 νεκρὸν
305 5180 412 5235 έξέόαλον
420 5183 492 5230 αὺτοῦ
504 5181 570 5236 έκτὸς
579 5186 627 5228 τῶν
641 5180 711 5243 όρων,
728 5180 760 5235 ὥς
769 5194 838 5240 φησιν
847 5176 995 5238 Ἐπιτιμίδης
1005 5174 1166 5237 [Ἐπιτίμαιος
1179 5168 1225 5235 legi
1240 5168 1296 5217 vult
1310 5168 1375 5227 Papo
1385 5178 1410 5213 ln
1428 5165 1517 5245 ἱιφῐὶοῠ
1528 5176 1622 5245 domiti·
1638 5175 1720 5225 propr.

114 5250 252 5313 Perpetem.
270 5250 378 5303 llistoris
396 5250 499 5303 ailenur
520 5253 548 5302 ut
565 5251 682 5315 probetur
695 5256 742 5306 τοῖς
758 5256 839 5307 κακοῖς
854 5248 945 5298 οὐδὲτὸ
960 5247 1085 5297 ἀποθανεῖν
1107 5245 1187 5307 κέρδος
1200 5242 1269 5291 εἶναι.
1286 5240 1373 5297 ltaque
1394 5233 1551 5298 Eprlrmldem
1566 5234 1643 5283 tuisse
1664 5234 1724 5295 puto
