3809 5859
265 308 304 367 30
877 312 1033 375 JOANNIS
1052 312 1282 375 Anrtecnnnr

265 438 311 497 τὸν
323 438 477 511 Ἰουλιανόν,
491 438 606 519 ὕπαρχον
619 440 646 499 δὲ
658 439 850 523 προχειρίζεται
866 445 1034 504 Σεκουνδῖνον

265 526 312 586 τὸν
325 531 371 598 τῆς
386 528 478 585 ἑαυτοῦ
492 528 602 606 ἀδελφῆς
617 530 763 609 Καισαρίας
781 530 930 609 άνδροι,κα“ι
949 531 1033 612 τούτῳ

264 612 379 685 ληξάσης
397 616 443 682 τῆς
463 616 515 671 τῶν
534 619 702 693 στρατιωτῶν
722 615 833 691 λάττης,
857 618 886 674 οὗ
909 619 1033 695 χαλεπῶς

263 702 308 761 καί
323 702 355 759 τά
372 701 518 761 πεπονθότα
534 707 583 761 τῶν
598 705 815 781 οἰκοδομημάτων
832 706 997 766 ἀνεκτίσατο.

302 811 326 851 ο.
351 790 455 870 Κρίνων
481 789 507 849 δὲ
533 792 639 859 εἰκότως
662 796 692 852 ἐκ
714 797 760 863 τῆς
782 798 833 854 τῶν
850 795 1029 869 ἐνδημοιίντων

264 874 391 952 Ἰσαόρων
408 877 548 949 ἀπιόουλῆς
567 880 748 939 διεσκευάσθαι
766 886 867 953 ταῦτα,
882 886 1031 960 ἀποχωρεῖν

262 962 370 1031 τούτους
397 969 443 1035 τῆς
470 966 602 1044 βασιλίδος
627 966 776 1042 ἐκέλευσεν,
799 968 853 1028 οὐδ’
876 968 1030 1046 ἀξιωμάτων

261 1052 448 1132 ἀφαιρούμενός
464 1077 521 1111 τινα
535 1056 633 1126 αὐτῶν,
645 1054 702 1113 olei
717 1055 877 1135 χρημάτων,
890 1056 1030 1115 καὶταῦτα

260 1140 311 1211 ήδη
327 1141 496 1221 ἀγγελθείσης
509 1146 556 1213 τῆς
574 1144 641 1202 κατὰ
659 1142 731 1221 [τὴν]
745 1144 835 1223 χώραν
855 1145 941 1202 αὐτῶν
961 1145 1031 1202 ἀπο-

260 1228 386 1294 στάσεως.
403 1226 561 1287 Μελλόντων
577 1226 603 1287 δέ
615 1228 660 1288 καὶ
677 1230 703 1287 io
720 1228 842 1309 διατριόῇ
866 1229 1031 1308 ποιουμένων

260 1315 307 1385 τήν
322 1315 506 1394 ἀναχώρησιν,
518 1317 631 1375 συνεῖδεν
648 1319 734 1384 αὐτοῖς
748 1318 864 1396 ἀνάγκην
884 1320 1028 1396 ἐπιθεῖναι,

259 1400 286 1469 ἐξ
311 1392 391 1480 οθπερ
416 1402 598 1481 λαμπρότερον
620 1402 812 1484 ἀπεδείχθησαν
836 1403 971 1477 δυσμενεῖς
991 1406 1029 1483 τῷ

259 1487 584 1569 κρατοῦντιπολιτεόματι.
593 1488 728 1550 Ἐντεῦθεν
738 1487 902 1551 λοιπὸνὸτοῦ
910 1491 1029 1561 Ζήνωνος

259 1576 368 1655 ἀδελφὸς
378 1580 505 1655 Λογγῖνος
511 1578 579 1636 κατά
590 1576 637 1648 τήν
645 1576 772 1650 Θηθαίων
784 1576 931 1658 ἀφορίζεται
938 1578 1028 1691 χώραν

259 1664 303 1722 καί
314 1666 393 1723 αὐτοῦ
406 1664 542 1745 ἀπερθάρη
556 1667 627 1743 λιμῷ
644 1664 710 1741 μετά
721 1664 830 1745 χρόνους
843 1664 882 1737 η’,
895 1666 911 1737 ί]
922 1688 951 1723 τε
962 1689 1028 1724 ουσα

258 1755 328 1832 αὐτῷ
342 1751 444 1831 γαμετὴ
460 1753 595 1832 Οὐαλερία
609 1753 724 1831 τοῦνομα
741 1751 787 1812 σθν
808 1757 841 1831 τῇ
860 1754 934 1813 παιδί
955 1758 1028 1832 Λογ-

257 1841 332 1922 γίνιγ,
355 1841 373 1913 ἀ]
397 1840 443 1900 καί
465 1841 621 1918 ὡμολόγητο
646 1840 749 1913 Ζήνωνι
769 1845 808 1922 τῷ
832 1841 964 1917 ’Λνθεμίου
983 1842 1028 1902 καί

257 1925 382 2007 Ἢραίδος
405 1931 467 2008 υἱῷ,
481 1929 525 1989 καὶ
546 1930 661 2001 Λαλίςὴ
680 1929 798 2001 Ζήνωνος
830 1928 875 1989 καί
900 1929 1028 2007 Λογγίνου

256 2016 346 2097 μήτηρ
360 2017 390 2078 τθ
401 2020 427 2077 ἀν
441 2015 566 2098 Βρόχθοις
583 2016 651 2077 οθτω
672 2017 922 2097 προσαγορευομένῳ
943 2039 1027 2093 προα-

258 2102 335 2183 στείῳ
354 2107 400 2175 τῆς
425 2106 542 2163 Βιθυνῶν
557 2104 702 2164 κατίλαόον
727 2103 878 2184 εθκτήριον,
904 2106 930 2161 έν
955 2095 1027 2185 ᾧπερ

257 2190 301 2249 καί
318 2188 410 2263 Ζήνων
435 2191 485 2269 οὐχ
509 2189 607 2262 ἥκιστα
627 2190 774 2272 θιεθίριζεν.
793 2190 982 2251 ’Ἐπιόιόισσσα
999 2190 1026 2249 δὲ

256 2276 349 2355 χρόνον
364 2280 392 2336 οὐ
408 2279 512 2355 μέτριον
525 2278 571 2337 καί
583 2278 617 2337 τδι
630 2276 696 2358 πρὸς
712 2278 742 2337 τὸ
761 2282 806 2351 ζῆν
822 2278 848 2347 ἐξ
862 2279 955 2359 ἀράνου
977 2301 1025 2336 πο·

257 2388 658 2423 .,-...-...-...

1088 447 1192 526 ρίζουσα
1206 448 1302 507 άλλοσε
1315 448 1382 525 άλλη
1395 448 1541 524 μετήλλαξε
1551 448 1595 508 τδν
1609 450 1671 527 βίον.
1680 454 1809 531 Λογγίνοςὲλ

1087 538 1101 591 θ
1123 536 1263 613 μάγιστρος
1282 536 1327 593 καί
1341 533 1513 614 ’Λθηνόδιορος
1537 535 1641 616 ἀνδρείᾳ
1656 561 1683 595 τε
1695 544 1768 619 αὐχῶν
1780 548 1810 605 καί

1085 622 1191 702 πλούτῳ
1205 621 1252 680 σὺν
1266 623 1361 699 ἑτέροις
1376 631 1479 702 συχνοῖς
1491 626 1516 689 ές
1533 622 1582 695 τὴν
1592 622 1710 705 ’ίσαιίρων
1722 629 1810 696 ἐξέπεσον

1085 710 1187 789 χώραν.
1213 710 1247 790 (ε)
1271 709 1441 791 Ἀποστέρίας
1462 711 1490 769 δί
1513 713 1527 767 ὁ
1553 710 1671 789 βασιλεὺς
1691 715 1774 785 ἐσάπαξ
1787 720 1810 777 τί

1087 796 1226 875 ’1σαιίρων,
1239 797 1287 867 τήν
1300 819 1330 855 τε
1343 801 1389 856 τοῦ
1409 798 1611 875 βασιλεύσαντος
1620 798 1729 870 Ζήνωνος
1738 826 1810 881 repom

1085 883 1145 942 σίαν
1162 884 1344 966 προέγραψεν,
1356 883 1479 943 ὥστεκαὶ
1493 885 1559 954 αὖτέ,
1571 890 1627 963 γαν]
1638 885 1751 964 βασίλειος
1760 890 1811 961 ἐσθής

1084 970 1157 1039 ῶνιος
1189 970 1347 1052 προῦκειτο,
1380 972 1426 1031 καί
1452 972 1483 1031 τὸ
1513 972 1659 1053 Παπειρίου
1689 977 1810 1051 καλοίμενοι

1085 1060 1205 1142 ρροόριον
1220 1060 1329 1139 πέμψας
1337 1059 1528 1140 κατέστρεψεν·
1543 1062 1644 1140 ἀναιρεῖ
1658 1060 1683 1120 δὲ
1695 1062 1734 1121 καί
1743 1066 1779 1130 τάς
1788 1066 1812 1121 δν-

1084 1147 1193 1222 δομίνας
1207 1148 1293 1213 αθτοῖς
1308 1146 1380 1227 παρά
1393 1151 1440 1207 τοῖ
1458 1147 1581 1218 Ζήνωνος
1595 1146 1703 1220 σιτήσεις
1712 1151 1811 1218 τειναίοος

1083 1237 1118 1300 είς
1132 1233 1159 1292 o'
1166 1234 1210 1291 καί
1224 1233 1311 1312 χιλίας
1322 1235 1430 1313 χρυσίου
1444 1237 1535 1314 λίτρας
1546 1237 1663 1306 ἐτησίας.
1705 1237 1809 1316 (9]’1ριυ

1085 1323 1206 1401 σαμένων
1221 1322 1248 1379 δὲ
1262 1322 1295 1381 τά
1309 1323 1373 1401 πρὸς
1393 1322 1545 1381 ἀντίστασιν
1562 1322 1608 1382 καὶ
1628 1324 1676 1395 ἤδη
1694 1326 1811 1397 κινηθέντων

1083 1402 1114 1460 ίκ
1137 1406 1184 1473 τῆς
1205 1398 1331 1480 σρετίρας
1353 1401 1404 1460 ὑπὸ
1425 1402 1539 1480 ἡγεμόσι
1553 1402 1686 1481 Λιγγινίνη
1704 1405 1743 1462 καὶ
1760 1404 1811 1475 ’tiis

1082 1488 1202 1567 νοδώρῳ,
1216 1488 1344 1546 συνόντων
1358 1488 1445 1553 αιίτοῖς
1459 1488 1506 1547 καί
1521 1488 1641 1555 Κόνωνος
1663 1493 1808 1562 emme,

1081 1582 1126 1635 τοῦ
1151 1576 1204 1635 ἀπὸ
1225 1575 1390 1651 ἐπισκόπων,
1409 1576 1455 1635 καί
1481 1576 1613 1655 Λογγίνου
1639 1581 1764 1657 μαγίστρω
1780 1581 1810 1636 καί

1082 1662 1256 1742 Ἀθηνοδώρου
1279 1668 1325 1722 τοῦ
1348 1661 1450 1742 έτέρου,
1472 1664 1574 1735 πλῆθός
1595 1687 1624 1722 τε
1639 1664 1750 1743 μαχίμων
1765 1668 1810 1746 ἀμρί

1081 1749 1127 1817 τάς
1140 1752 1162 1831 ρ’
1173 1751 1295 1830 χιλιάδας
1306 1752 1475 1828 ἀπαγομένων
1488 1749 1521 1809 ἔκ
1535 1776 1565 1810 τε
1578 1752 1601 1812 ’1
1605 1753 1701 1832 σαύραν
1713 1754 1751 1812 καὶ
1762 1754 1809 1814 Ῥω

1081 1838 1183 1914 μαίων,
1193 1842 1245 1897 τῶν
1263 1836 1310 1916 μὲν
1326 1838 1450 1905 ἑκουσίως
1469 1839 1603 1915 ἑλομένων
1617 1840 1663 1909 τήν
1676 1842 1808 1919 συμμαχίαν,

1080 1930 1132 1985 τῶν
1145 1925 1173 1985 δέ
1188 1925 1234 1985 καί
1253 1926 1355 2004 ἀνάγκη
1370 1926 1524 2004 ἑπομένων,
1540 1927 1587 1985 καὶ
1597 1928 1809 2006 διαδραμόντωνιίς

1080 2015 1184 2087 πόλεις,
1206 2013 1250 2073 καί
1275 2013 1420 2092 γενομένων
1442 2019 1468 2074 έν
1492 2014 1626 2095 Κοτιαείιρ
1649 2020 1683 2095 τῷ
1704 2015 1762 2073 ἀσττι
1778 2020 1809 2086 τῆς

1081 2101 1214 2181 Φρυγίας,
1228 2102 1387 2173 ὑπηντίασεν
1406 2105 1494 2169 αὐτοῖς
1511 2102 1584 2180 (καὶ)
1606 2102 1636 2161 τὸ
1655 2108 1696 2161 τοῦ
1716 2104 1807 2181 βασιλέως

1081 2190 1232 2269 στράτευμα
1246 2189 1314 2269 appi
1328 2188 1387 2256 τοὺς
1396 2190 1411 2219 ⁴⁸
1420 2191 1579 2269 δισχιλίους.
1593 2190 1807 2269 ‘insimulent

1081 2278 1222 2357 στρατηγοί
1250 2274 1284 2355 β’,
1301 2277 1425 2351 Ἰωάννης
1446 2282 1461 2336 θ
1486 2280 1595 2351 Σκύθης
1617 2280 1662 2338 καί
1683 2278 1805 2350 Ἰωάννης]

283 2442 334 2505 §³.
349 2445 408 2505 μετὰ
425 2444 522 2507 χρόνους
537 2444 569 2509 η’]
581 2448 629 2495 Ριο
641 2450 672 2507 η’,
686 2446 752 2509 quod
763 2459 837 2495 mauu
853 2445 960 2495 secunde
972 2444 1100 2507 scriptum,
1115 2443 1193 2506 prima
1203 2456 1291 2492 munus
1303 2444 1405 2493 dederat
1422 2445 1453 2507 β’.
1468 2445 1506 2493 ct.
1517 2445 1679 2507 Theophanes
1686 2459 1707 2507 p.
1722 2449 1763 2503 211,
1776 2450 1805 2491 tt:

250 2512 328 2575 τούτῳ
337 2518 370 2573 τῷ
379 2514 425 2563 ίτει
436 2515 457 2577 β’
467 2516 628 2577 βασιλεύοντος
638 2514 791 2566 ’Λναστασίου
801 2514 850 2579 (nn.
863 2514 949 2579 192)...
962 2513 1103 2563 ίστασίαοεν
1113 2514 1166 2561 κατ’
1177 2512 1250 2562 αὐτοῦ
1260 2514 1397 2575 θΛογγῐνος
1414 2516 1428 2563 θ
1446 2515 1556 2571 Ζήνωνος
1568 2516 1677 2577 ἀδελφὸς,
1690 2516 1713 2563 όν
1721 2513 1804 2576 χειμασά-

252 2599 319 2644 μιιιος
330 2584 366 2633 ἀπ’
376 2584 494 2645 Λίγυπτον
503 2587 590 2647 πέμπει
604 2585 720 2649 ἐξόριστον
729 2588 752 2635 έν
766 2585 936 2649 Ἀλεξανδρεία,
950 2600 990 2633 και
1004 2585 1110 2634 ἐκέλευσε
1119 2585 1307 2645 χειροτονηθῆναι
1313 2582 1384 2631 αὐτὸν
1393 2584 1560 2646 πρεσόύτερον·
1572 2587 1605 2632 έπ
1612 2601 1625 2631 τ
1632 2602 1647 2632 α
1655 2584 1731 2632 ετίαν
1740 2582 1801 2630 lim·

251 2655 314 2709 θεοὺς
332 2655 355 2703 έν
366 2654 523 2719 Ἀλεξανδρεία
539 2656 693 2715 ίτελειίτησιν·
705 2658 808 2721 ὑποψίαι
825 2658 850 2707 δέ
867 2657 928 2720 έχων
945 2657 985 2704 καί
996 2658 1053 2718 πρὸς
1068 2660 1185 2717 Λογγῖνον
1197 2654 1237 2701 τὸν
1257 2654 1383 2716 μαγίστρον
1394 2653 1444 2717 [τὸν
1454 2654 1502 2702 ἀπὸ
1516 2655 1665 2715 μαγίστρων,
1679 2656 1713 2703 τὸν
1721 2652 1801 2715 μολπάν

254 2725 333 2775 Malui.
356 2739 381 2788 p.
399 2730 453 2786 393,
474 2726 535 2789 wll
548 2728 655 2789 βασιλεὺς
669 2730 708 2775 καί
721 2730 775 2783 τοῖς
788 2729 955 2787 ἐπιδημοῦντας
965 2726 1100 2788 ’1σαιίρου;,
1120 2725 1189 2773 παύει
1211 2724 1250 2771 τόν
1271 2727 1385 2784 Λογγῖνον
1401 2728 1443 2773 τοῦ
1462 2724 1614 2786 μαγιστρίου.
1628 2724 1691 2774 idem
1702 2722 1728 2771 etl
1738 2736 1801 2771 muru

157 2841 167 2855 ,
253 2798 403 2860 sequentem,
416 2810 441 2859 p.
455 2802 508 2858 212,
523 2802 549 2847 15
565 2798 658 2857 ιτοιίτῳ
667 2804 701 2861 τῷ
713 2800 758 2847 ίτει
768 2798 916 2853 ’Λναστάσιος
925 2798 979 2852 τοὺς
999 2799 1023 2845 έν
1035 2792 1278 2846 Κωνσταντινουπόλει
1298 2793 1417 2856 ’1σαιίρους
1429 2794 1469 2842 διὰ
1486 2796 1575 2849 πολλὰς
1592 2795 1686 2849 ἀτοπίας
1697 2793 1800 2850 illelmo?

251 2865 376 2923 ἐξελθόντες
387 2868 509 2928 τυραννίδα
523 2867 671 2929 ἐμελέτησαν.
692 2868 730 2916 ot.
744 2867 865 2917 Theodor.
877 2870 955 2928 Luci„
965 2882 989 2931 p.
1001 2874 1056 2925 333,
1068 2870 1097 2916 E.
1110 2866 1120 2929 Ι]
1131 2894 1160 2906 -
1168 2868 1196 2914 τὸ
1207 2864 1231 2912 ίν
1241 2863 1361 2927 Βρόχθοις]
1371 2868 1405 2926 τῷ
1421 2865 1444 2913 έν
1459 2867 1574 2927 Βροχθοῖς
1583 2864 1665 2916 codor.
1680 2867 1713 2913 De
1722 2864 1758 2911 hor
1766 2862 1800 2910 hro

250 2936 276 2985 in
287 2936 394 2986 Asiatico
406 2937 507 2999 Bospori
519 2936 591 2987 litore
604 2938 653 2987 silo
670 2939 804 3002 Procopius
818 2940 855 2987 De
870 2936 935 2987 edit.
946 2944 969 2999 1,
981 2942 1004 2995 8,
1012 2951 1037 3000 p.
1052 2940 1104 2995 197,
1116 2940 1129 2985 7
1142 2954 1148 2984 :
1161 2938 1211 2999 ιερὰ
1220 2938 1262 2986 δύο
1270 2940 1305 2998 τῷ
1317 2937 1455 2998 ἀρχαγγέλῳ
1469 2938 1569 2999 Μιχαὴλ
1583 2936 1687 2999 ἀνειμένα
1697 2934 1799 2992 κατάντεις)

251 3007 359 3064 ἀλλήλοιν
378 3010 471 3057 έσεῶτα
484 3013 525 3056 τοῦ
545 3010 650 3071 πορθμοῦ
671 3011 795 3073 ἑκατέρωθι
815 3010 947 3059 συνίθαινιν
962 3010 1037 3067 εἶναι,
1056 3008 1150 3069 θάτερον
1166 3010 1208 3068 μέν
1224 3010 1248 3057 έν
1265 3008 1336 3069 χώρῳ
1355 3007 1493 3068 καλουμένῳ
1505 3007 1612 3069 Ἀνάπλῳ
1627 3007 1650 3055 έν
1663 3006 1753 3069 ἀριστερᾷ
1770 3006 1800 3051 εἰσ-

251 3078 342 3126 πλέοντι
352 3078 392 3125 τὸν
404 3078 509 3133 Εὔξεινον
518 3078 614 3138 πόντον,
630 3080 657 3127 τὸ
667 3078 692 3126 δέ
705 3080 734 3137 δν]
751 3080 829 3143 ἕτερον
842 3081 866 3127 έν
879 3086 907 3142 τῇ
920 3082 1043 3141 ἀντιπέρας
1058 3079 1127 3141 ἀκτῇ.
1140 3078 1275 3141 Προθχθους
1289 3079 1331 3137 μὲν
1342 3075 1440 3125 ἐκάλουν
1456 3080 1479 3125 oi
1497 3079 1594 3125 παλαιοὶ
1613 3078 1717 3137 ἄνθρωποι
1733 3076 1764 3131 τὴν
1773 3075 1800 3119 iz·

250 3147 306 3205 nio,
324 3152 364 3195 νῦν
382 3147 406 3195 δέ
419 3147 503 3209 Βρόχον
515 3146 556 3210 (ex
574 3149 667 3197 loanno
684 3150 791 3212 corrigas
808 3150 924 3213 Βρόχθοι]
942 3151 980 3199 01.
996 3152 1085 3212 Geogr.
1097 3148 1157 3197 iliu.
1175 3150 1237 3197 tom.
1248 3154 1272 3209 2,
1282 3160 1307 3211 p.
1318 3151 1361 3197 90.
1375 3147 1386 3210 Ι]
1398 3174 1430 3183 -
1441 3146 1603 3211 ἐπιέιὼσασα]
1619 3148 1731 3200 initiales<
1744 3144 1797 3203 ooli
1857 3173 1858 3176 =

253 3241 284 3249 -
296 3216 459 3279 Ἀθηνόδωρος]
470 3216 528 3266 Ἀνθ.
542 3216 620 3267 codex
631 3216 656 3265 h.
675 3218 697 3267 1.
718 3221 745 3268 et
763 3232 818 3269 mor
830 3220 927 3269 iteriun.
943 3222 998 3282 lJ—
1009 3222 1050 3269 καὶ
1067 3216 1170 3282 πλούτῳ]
1188 3218 1355 3281 Theophanes,
1367 3231 1392 3280 p.
1405 3220 1484 3279 213,7
1498 3218 1668 3281 ε’Λθηνόδωρος
1683 3217 1799 3267 ἀκλεέστατα
1857 3279 1858 3296 γ

250 3285 386 3346 ἅνθρωπος,
403 3286 435 3341 είς
452 3291 499 3335 τῶν
518 3290 693 3348 συγκλητικῶν.
708 3288 750 3338 ubi
759 3289 842 3339 nescio
851 3302 882 3339 en
890 3304 922 3341 ex
932 3293 1025 3341 Joenne
1037 3288 1209 3352 corrigendum
1218 3288 1250 3338 sil
1261 3289 1444 3343 πλουσιώτατος.

282 3354 296 3418 §
312 3359 336 3405 4.
347 3358 379 3412 είς
395 3364 416 3405 υ·
425 3356 465 3405 καί
475 3356 550 3419 χιλίας
560 3374 599 3419 χρ.
609 3357 696 3420 λίτρας]
709 3364 769 3408 5000
785 3359 854 3409 lilrns
863 3360 924 3410 dicit
937 3361 1055 3424 Euagrius
1073 3364 1095 3418 ³,
1109 3364 1156 3410 35:
1171 3362 1289 3409 Ἐντεῦθεν
1307 3361 1347 3407 καὶ
1367 3359 1397 3406 τά
1412 3359 1549 3420 καλούμενα
1566 3359 1646 3422 κρόκην
1656 3356 1754 3420 ’tumui
1767 3357 1798 3406 ταῖς

250 3427 379 3486 βασιλικοῖς
395 3427 505 3489 ίσενίχθη
519 3428 655 3491 θησαυροῖς·
668 3428 696 3487 ἠν
710 3430 731 3477 ἀ*
748 3430 794 3492 ἀρα
810 3436 879 3480 τοῦτο
892 3434 920 3481 τὸ
940 3431 1036 3495 χρυσίον
1051 3432 1073 3487 ές
1086 3431 1185 3481 ἕκαστον
1199 3431 1249 3485 ίτος
1264 3436 1312 3485 τοῖς
1325 3429 1449 3492 βαρόάροις
1463 3430 1637 3491 χορηγούμενον
1655 3425 1798 3486 πεντακισχθίπ
1857 3441 1858 3444 ’

250 3498 316 3546 έλκον
327 3498 412 3562 λίτρας.

280 3565 294 3629 §
306 3572 328 3616 5.
344 3569 381 3617 De
394 3567 459 3617 bello
472 3566 580 3617 isaurico
592 3567 748 3619 Murmiiinus
766 3569 857 3620 cirron.
868 3570 900 3621 ad
913 3584 952 3619 an.
973 3574 1019 3620 192
1032 3589 1039 3617 2
1055 3571 1127 3619 Dum
1138 3569 1233 3621 bellum
1246 3568 1364 3630 parator
1381 3568 1548 3627 πονήσασι,
1565 3566 1677 3629 dumque
1687 3564 1757 3613 looori
1766 3562 1798 3609 ie·

244 3639 351 3699 perium
360 3636 409 3686 sthi
422 3637 558 3687 vindicare
567 3639 700 3699 nituntur,
711 3640 740 3688 io
751 3637 865 3702 Ρλιγρέο
877 3642 961 3702 joela
979 3640 1119 3702 colonium
1129 3640 1263 3689 civilatem
1279 3635 1399 3699 undique
1410 3635 1562 3697 mulinum,
1573 3635 1659 3698 ibique
1675 3632 1798 3711 iiheiu*

246 3709 302 3769 pots
312 3708 414 3771 qroidem
434 3708 527 3771 pedes,
545 3707 591 3757 sed
604 3721 681 3773 eques
702 3708 808 3759 trebello
820 3714 979 3767 acerrimos,
996 3723 1014 3759 o
1027 3710 1151 3759 tiemonis
1155 3713 1259 3774 primm
1277 3709 1306 3756 to
1319 3708 1415 3771 proelio
1434 3704 1595 3768 trucidatur,
1611 3716 1735 3765 ονιινιεοριιο
1745 3699 1797 3748 mu

247 3780 336 3827 lsoori
358 3776 427 3841 [ιιρα
445 3778 526 3829 dediti
539 3790 587 3841 per
605 3781 736 3828 montano
747 3792 895 3844 asperoque
916 3780 975 3831 loco
995 3781 1130 3832 Isauriam
1144 3779 1276 3843 repetunt.
1292 3782 1349 3829 Hoc
1360 3776 1457 3827 bellum
1469 3777 1619 3825 Isauricum
1631 3786 1678 3837 per
1691 3784 1734 3851 sec¹
1743 3779 1798 3846 muti

246 3850 404 3908 oesterzeel.
418 3847 488 3898 Idem
502 3847 534 3897 ud
547 3860 587 3897 οιι.
604 3850 650 3897 tel
663 3869 669 3897 ι
686 3846 957 3901 ΒοίέιιοιἿοοιινίοιινιι
975 3848 1024 3901 hoc
1037 3852 1111 3899 sexlo
1123 3862 1194 3898 ονινεο
1203 3846 1331 3898 sedulum.
1343 3844 1533 3897 Athenodorus
1542 3846 1797 3903 isauroiomprmoo

247 3918 355 3966 isauria
375 3920 468 3979 ruptus
489 3917 683 3979 decollatusque
697 3921 742 3969 eol.
761 3920 847 3987 Capul
873 3920 929 3980 ejus
946 3921 1058 3969 Tarsum
1079 3919 1215 3979 eiollolem
1236 3918 1350 3968 allatum
1373 3930 1422 3980 pro
1447 3918 1534 3979 portis
1549 3913 1641 3964 hostili
1659 3910 1734 3991 γέρασι
1745 3910 1796 3955 erlu-

248 3984 314 4033 butt.
332 3983 370 4033 ct.
385 3984 545 4050 Theophanes
559 4000 582 4051 p.
597 3990 642 4037 213
663 4001 728 4052 ειμι,
749 3990 869 4039 Thootlor.
886 3993 954 4041 [κοί.
967 4004 990 4052 p.
1005 3992 1060 4049 399,
1078 3988 1199 4050 Euagrius
1218 3993 1242 4048 3,
1264 3993 1304 4048 35,
1322 3987 1411 4037 Metuis
1429 3999 1457 4049 p.
1478 3990 1524 4035 993
1543 3997 1598 4047 sqq.
1616 3986 1727 4043 oetonqre
1742 3977 1797 4026 (9110·

249 4052 360 4102 nicomm
377 4054 522 4119 scriptores,
535 4057 626 4119 quihus
638 4059 752 4108 omnihus
763 4059 863 4109 uberior
878 4060 954 4109 tuisse
967 4057 1198 4121 ridemrloannesii
1207 4057 1375 4119 -Λιγγινίνη]
1388 4057 1525 4118 Λογγινίνην
1540 4058 1581 4104 τὸν
1590 4054 1664 4117 χωλόν
1672 4052 1734 4100 romi
1744 4044 1796 4129 illle

248 4124 285 4173 tas
298 4136 321 4185 p.
333 4128 388 4187 393,
399 4132 437 4188 22,
447 4126 512 4188 quod
524 4126 553 4175 ad
568 4130 701 4190 Λιγγινίνην
712 4134 824 4180 noelmm
839 4129 1005 4180 remeandum
1018 4132 1070 4188 est·‚
1083 4129 1135 4193 ipse
1149 4142 1207 4178 vero
1216 4132 1323 4178 loannes
1332 4142 1407 4191 supra
1417 4128 1447 4175 tr.
1461 4131 1506 4177 214
1517 4126 1532 4187 §
1542 4132 1565 4186 2,
1575 4140 1599 4188 p.
1609 4129 1654 4175 elli
1662 4120 1730 4203 hehet
1736 4122 1797 4175 litu·
1857 4141 1858 4144 ¹

247 4194 287 4243 τόν
303 4192 369 4241 νόθον
387 4195 457 4243 αὑτοῦ
471 4196 773 4258 (1111)ἀοιλοὸν,υοοονοα
789 4199 992 4251 hahotSuiuass.
1004 4213 1028 4247 v.
1040 4198 1182 4262 βίαιος,υ1)1
1197 4200 1280 4259 Λίγγις
1295 4197 1421 4246 scribitur.
1433 4197 1587 4256 Νινιλιγγιςθ
1602 4188 1796 4252 τῆςΊσανρινίθῐῑ·
1857 4257 1858 4264 γ

246 4268 297 4325 μὼυ
306 4266 343 4312 ἐπὶ
356 4266 460 4322 Ζήνωνος
471 4268 604 4329 καταστὰς,
618 4270 675 4332 ἀνὴρ
684 4271 837 4333 θρασύτατος,
848 4283 886 4333 ep.
900 4267 1041 4331 Theophili.
1054 4282 1079 4331 p.
1089 4272 1144 4326 213,
1157 4276 1172 4317 o
1184 4271 1210 4317 el
1222 4272 1259 4320 13.
1273 4269 1377 4329 έίίίινρίε
1389 4279 1429 4328 ap.
1443 4266 1577 4315 Marcellin.
1593 4265 1618 4312 el
1629 4262 1794 4315 lommmule

245 4350 267 4384 ο.
282 4338 321 4384 le.
342 4335 419 4391 Ἰνδην
439 4338 552 4398 corrupte
569 4336 658 4401 legitur
673 4340 698 4389 iu
711 4342 815 4403 Euagrio
828 4345 851 4402 3,
869 4345 905 4390 15.
919 4342 1014 4389 Formae
1027 4338 1172 4399 Νινι-λίγγης
1186 4341 1212 4388 et
1227 4338 1372 4401 Λιγγι-νίννς
1386 4350 1474 4386 nomeu
1495 4333 1655 4397 compositum
1674 4328 1762 4394 modunl
1775 4322 1796 4370 21

246 4405 300 4455 aliis
320 4403 390 4454 ulitur
408 4404 571 4455 efformatum.
585 4407 596 4470 ΙΙ
612 4435 643 4445 -
653 4412 771 4474 Κόνωνος]
783 4413 820 4461 ct.
837 4415 865 4461 tr.
881 4415 926 4461 214
939 4410 955 4473 §
966 4418 979 4460 2
990 4423 1014 4472 p.
1025 4416 1079 4459 320.
1095 4410 1105 4470 ΙΙ
1117 4434 1148 4444 -
1158 4410 1274 4470 Λογγίνοο
1286 4407 1425 4470 μαγίατρου]
1433 4406 1479 4455 iiie
1487 4404 1553 4467 opud
1567 4402 1692 4465 Euagn‘um
1702 4403 1722 4455 3.
1739 4400 1774 4445 ³⁵²
1786 4393 1795 4438 1

222 4520 223 4523 ¹
246 4477 321 4537 lupo:
344 4477 459 4534 Λογγῖνος
472 4474 499 4523 τὸ
520 4476 580 4525 mih
592 4484 633 4535 τῆς
652 4483 784 4543 τυραννίδος
796 4483 901 4543 συνέχων
911 4516 918 4538 ,
930 4482 945 4528 θ
962 4481 1058 4537 ἐπίκλην
1076 4482 1238 4535 Σιλινοῡντιος.
1250 4478 1348 4527 Scilicet
1362 4481 1453 4540 preter
1465 4475 1532 4525 huuc
1544 4474 1617 4525 etiam
1635 4472 1727 4521 alterum
1737 4469 1797 4523 ime·

246 4558 304 4593 num
323 4544 426 4593 zenonis
437 4542 537 4593 tratrem
550 4543 614 4595 helio
626 4547 767 4601 intertuioso
779 4552 899 4614 Euagrius
908 4549 992 4598 trudit.
1004 4549 1015 4612 Ι]
1025 4575 1056 4586 -
1066 4550 1167 4607 hieron
1183 4554 1225 4597 τοῦ
1234 4546 1324 4613 ἑτέρου]
1333 4546 1379 4599 Ἀθ.
1389 4550 1430 4597 τὸν
1441 4550 1554 4611 νεωτέραν
1563 4544 1621 4595 dicit
1631 4540 1720 4616 riorus
1728 4552 1747 4600 t’·
1758 4536 1794 4586 391

246 4620 284 4663 22.
297 4613 308 4678 il
319 4640 351 4650 -
360 4616 379 4678 μ’
388 4612 504 4678 χιλιάδας]
521 4614 553 4675 μ’
563 4616 608 4675 χιλ.
623 4617 758 4668 seeuudum
773 4618 944 4682 Theophanem
957 4632 982 4682 p.
993 4626 1047 4679 212,
1065 4624 1109 4669 19ε
1121 4623 1235 4680 Λογγῖνος
1280 4620 1402 4667 mitulus
1413 4620 1507 4673 τούτους
1520 4618 1626 4679 (isauros
1636 4624 1650 4662 e
1661 4608 1794 4666 cmmem-

245 4683 295 4745 poli
308 4684 432 4748 profugos)
444 4699 469 4731 τε
481 4685 520 4731 καὶ
538 4684 608 4740 ἀλλην
623 4687 718 4751 δύναμιν
729 4690 850 4751 βαρόάρονν
862 4690 902 4738 καὶ
916 4690 1009 4749 λῃστῶν
1021 4693 1053 4744 ὡς
1067 4688 1232 4737 πεντεκαίδεκα
1244 4688 1364 4750 μυριάδας.
1378 4688 1388 4750 ]]
1402 4716 1433 4729 -
1443 4684 1593 4756 ὑπηντίασεν]
1602 4682 1732 4733 ὑπαντιάσαι
1738 4670 1793 4729 ledi

244 4780 276 4795 -
302 4752 440 4819 δισχιλίους]
464 4751 541 4813 Maior
561 4768 677 4807 numerus
700 4758 842 4822 requiritur.
867 4758 877 4822 Ι]
898 4788 927 4800 -
941 4760 1051 4824 ἡγοῦντο]
1069 4764 1150 4820 ἡγεῖτο
1166 4758 1221 4809 eod.
1244 4758 1305 4823 ll—
1321 4760 1361 4808 καὶ
1375 4756 1454 4820 αὐτὸς]
1476 4758 1541 4806 sicul
1561 4757 1661 4804 loannes
1671 4739 1793 4810 §orthea

245 4827 411 4889 Τ1199111191139ι
423 4838 447 4888 11·
461 4827 515 4883 319ν
528 4827 554 4874 11
568 4842 573 4874 ²
586 4830 715 4891 ’1103911911
734 4832 799 4887 ὄντος
824 4829 936 4881 Ἰωάννου
950 4835 992 4879 τοῦ
1008 4833 1098 4882 Σεύθου
1114 4837 1156 4880 τοῦ
1169 4832 1211 4889 τὴν
1224 4831 1296 4879 ’iimo
1314 4830 1353 4878 καὶ
1364 4828 1475 4877 Λεοντίου
1494 4826 1614 4889 τυραννίδα
1631 4822 1793 4871 mutumne*

246 4896 355 4945 ’tolon-o
375 4902 416 4945 τοῦ
433 4894 529 4951 ἐπίκλην
543 4904 643 4962 κυρτοῦ,
657 4900 828 4963 ἀμφοτέρων
846 4906 888 4949 τοῦ
907 4901 1023 4963 θρακῲου
1041 4904 1212 4964 στρατεύματος
1226 4902 1373 4962 ἡγουμένων,
1385 4901 1425 4946 καὶ
1439 4900 1561 4960 Διογένους
1579 4893 1723 4959 (hippomeni
1733 4879 1791 4932 911111·

246 4981 271 5027 p.
283 4970 338 5026 333,
359 4967 397 5030 to)
409 4968 483 5031 (οὗτοι
494 4968 596 5032 κόμητες
616 4972 709 5033 σχολῶν
731 4973 856 5034 ίτιίγχανον
879 4972 950 5030 ὄντες]
968 4974 1007 5020 καὶ
1029 4975 1111 5035 ἐτέρων
1130 4974 1257 5021 ἐπαινετῶν
1270 4972 1366 5032 ἀνδρῶν.
1383 4968 1517 5031 Diogenem
1528 4970 1631 5017 loannes
1641 4974 1685 5010 nen
1695 4954 1791 5007 reltfflss

246 5035 276 5085 de
292 5036 380 5085 celeris
391 5036 496 5089 ducibus
508 5040 539 5090 ab
551 5042 644 5091 lomne
664 5042 804 5091 memoretis
823 5041 895 5091 silent
903 5041 992 5104 reliqui
1003 5043 1146 5107 scriptores.
1162 5045 1173 5105 Ι]
1189 5072 1218 5085 -
1232 5040 1368 5103 Σηλοὸρίας]
1378 5043 1428 5089 tsi..
1440 5039 1494 5089 eod.
1508 5040 1518 5103 Ι]
1531 5066 1560 5075 -·
1572 5026 1742 5108 ΒεθεριονῖιίῘ11
1751 5022 1790 5070 193·

245 5108 390 5172 illim-‚moe
415 5110 498 5159 codex
519 5110 594 5161 iubet
614 5113 745 5175 Βεδεριανος
763 5113 857 5177 ubsque
883 5116 994 5163 accentu.
1013 5112 1112 5163 castelli
1131 5114 1206 5177 huius
1221 5112 1369 5162 mentionem
1385 5110 1444 5158 tacit
1465 5109 1596 5172 Procopius
1615 5108 1648 5155 De
1665 5097 1721 5151 ευθιί.
1737 5097 1755 5150 h
1774 5091 1790 5143 ¹¹
