3809 5859
255 312 294 371 {8
944 302 1177 365 hulstoblebtl

256 442 302 500 καί
316 438 506 507 ἀποδειξάντων
526 437 715 517 ἀργιπιστάιην
729 437 773 496 εδν
790 435 939 516 Περικλέα,
962 458 1024 514 τεχ·
1080 434 1160 499 otieris
1172 436 1309 486 curatorem
1323 435 1456 497 Periclem,
1470 436 1593 487 artificem
1604 450 1663 486 sero
1675 438 1773 489 Plidiam
1784 457 1822 494 tos

255 528 328 600 νίπην
343 527 370 585 lt
385 526 513 603 Φειδίαν,
525 526 631 593 ἁλόντος
647 530 692 583 τοῦ
710 524 1023 609 Φειδίουέπίνυσρισμῷ,
1080 518 1232 580 ύίῑίΰίθθθῦίν
1253 518 1353 569 Ρίθῑᾱίθὸ
1375 523 1462 570 Putem
1479 520 1612 585 P0⁶¹¹¹¹2¹¹⁵
1633 522 1749 574 witin!
1764 534 1822 592 utet,

256 613 408 686 εὖλαδηθείς
429 616 443 672 δ
459 613 590 693 Περικλῆς
606 609 704 690 μήκαὶ
725 611 802 677 αὐτὸς
824 610 931 677 ειίθύνας
944 611 1026 669 duur·
1081 605 1299 668 Pefidefflftfflssil
1311 610 1465 659 metuentem
1475 621 1504 658 Μ
1518 609 1823 673 ῑθύθθῦθθῠθηίίναιαιαθ-

257 707 341 782 τηθῇ,
357 699 511 781 βουλόμενος
526 702 643 761 ἐκκλῖναι
660 700 709 767 τάς
721 698 819 780 κρίσεις
840 695 1027 758 ἐπολιτεύσατο
1082 693 1140 745 (¹⁰¹0
1152 698 1288 757 ωδθῐθίῦῐ,
1298 695 1386 758 iudicii
1396 696 1521 746 aseneum
1535 710 1616 747 0³⁰⁸&
1625 696 1716 749 bellum
1726 704 1823 755 mathim-

256 790 302 849 τὸν
316 788 547 865 πόλεμοντοῦτον,
568 789 670 868 γράψας
683 786 713 845 τίν
729 786 797 846 κατὰ
815 785 960 865 Μεγαρέων
974 784 1027 866 ψή·
1081 784 1136 831 tum
1157 793 1213 831 Μ
1230 793 1262 831 0⁰
1284 780 1351 843 (ΠΜ
1374 778 1436 830 iliud
1458 780 1489 831 (ie
1515 782 1704 844 diffitentibus
1726 785 1824 839 doeresn

257 898 354 957 ρισμα.
369 876 401 953 (a)
421 878 612 935 Διαπιατοῦται
628 876 655 936 δὲ
670 879 754 933 ταῦτα
766 874 812 935 καί
823 877 837 932 δ
851 877 897 945 τῆς
915 871 1027 952 ἀρχαίας
1083 868 1209 919 mihim·
1221 866 1258 933 (²)
1268 868 1353 918 Fidem
1366 866 1456 917 ¹¹⁰¹'11m
1467 867 1526 917 ficii
1534 867 1615 917 esum
1627 870 1717 919 'eterit
1728 874 1825 925 omnin

258 960 397 1041 κωμῳδίας
414 961 526 1034 ποιητὴς
540 961 623 1039 λέγων
640 960 731 1027 σίτοις·
1082 959 1168 1021 portu
1181 957 1225 1020 qui
1236 956 1272 1008 ita
1285 956 1362 1007 babet
1375 956 1517 1021 (aristoph.
1532 958 1564 1007 tra
1579 961 1643 1008 Poe.
1658 973 1694 1008 es.
1705 966 1746 1011 sos
1755 965 1815 1028 supp

333 1096 355 1143 ss
368 1094 499 1156 λιπιριήτις
512 1094 622 1156 γεωργοί,
636 1095 700 1157 τάμὰ
709 1096 737 1153 δή
751 1093 835 1151 ξυνίετε
1138 1100 1159 1143 0
1168 1098 1246 1141 mtserl
1257 1096 1372 1151 ερτίοοΙεε,
1386 1106 1438 1140 mea
1446 1095 1496 1151 tam
1505 1096 1622 1152 peaetplla

321 1162 415 1228 ῥήματ’,
430 1164 450 1213 ei
465 1161 577 1227 βούλεσθ’
591 1165 693 1214 ἀκούσαι
708 1164 771 1221 τήνδ’
786 1165 849 1220 ὅπως
861 1162 976 1212 ἀπώλετο.
1020 1186 1023 1190 -
1140 1163 1225 1218 rerba,
1235 1163 1257 1208 sl
1270 1162 1340 1207 voltu
1349 1160 1431 1207 audire
1443 1162 1567 1217 utromodo
1578 1162 1630 1208 bare
1640 1165 1735 1219 perient

319 1238 407 1297 Πρῶτα
421 1237 462 1296 μθν
473 1235 516 1297 γὰρ
523 1234 589 1297 ἦρξεν
601 1236 657 1293 ἀτης
668 1235 762 1289 Φειδίας
778 1232 862 1296 πράξας
868 1237 956 1287 κακῶς·
1138 1234 1233 1280 ΙιιΠΙιιιιι
1240 1234 1328 1279 εσΠθαεθ
1338 1232 1447 1287 nmaidei
1455 1232 1502 1279 lnlt
1509 1231 1610 1278 Phidias
1620 1233 1682 1278 mala
1689 1234 1772 1279 lorluna
1782 1250 1825 1290 σιω

322 1304 373 1351 εἶτα
387 1305 516 1364 Περικλέης
527 1305 635 1367 φούηθείς
650 1305 682 1365 μή
691 1304 804 1367 μετάσχοι
816 1309 856 1361 πής
865 1302 951 1364 τύχης,
1138 1302 1824 1367 deindePerloies,mctnensnepartleepaeJuademsorlhtus,

321 1375 361 1427 τὰς
373 1374 450 1433 φύσεις
458 1378 524 1435 ipsis
538 1375 647 1430 δεδοικὼς
657 1376 697 1423 καί
713 1374 754 1423 τὸν
768 1372 857 1429 αὐθάδη
868 1370 968 1433 τρόπον,
1139 1374 1195 1429 nula
1204 1372 1344 1419 lormidabat
1359 1372 1460 1418 indolem
1470 1376 1578 1419 νοεθτιιειι
1593 1374 1774 1432 nummumque
1784 1380 1825 1435 iuga

322 1444 430 1505 ε’μδαλὼν
441 1447 556 1507 σπινθῆρα
566 1447 648 1507 μικρὸν
659 1450 795 1507 Μεγαρικοῦ
803 1444 953 1505 ψηρίοματος
1140 1444 1214 1498 ntum,
1226 1444 1311 1500 inlecta
1322 1454 1397 1499 parra
1404 1443 1506 1489 scintilla
1516 1443 1632 1501 Megarici
1641 1442 1721 1489 deusti

261 1592 369 1653 θπύνοια,
381 1595 441 1643 luch
461 1594 524 1644 ictor
542 1594 654 1658 πρότερον
673 1600 714 1651 τῆς
729 1598 771 1641 τού
787 1593 891 1653 πολέμου
904 1591 978 1653 ἀρχῆς
990 1593 1038 1637 τῶν
1054 1589 1106 1651 περὶ
1118 1589 1215 1636 Φειδίαν
1226 1594 1364 1650 γενομένων.
1377 1588 1407 1636 '0
1420 1589 1525 1649 Φειδίας,
1536 1591 1570 1643 ὥς
1588 1587 1714 1650 Φῑὶόκῠρόι
1726 1608 1789 1650 wau.
1800 1595 1825 1640 isi

262 1665 385 1727 Θεοδώρου
403 1665 561 1729 (Πυθοδώρου
585 1666 650 1726 eod,
670 1679 718 1716 em.
741 1662 829 1724 Palu.)
842 1663 952 1725 ἀρχοντος
969 1662 996 1709 τὸ
1010 1660 1105 1721 ἄγαλμα
1123 1665 1165 1718 τῆς
1183 1661 1275 1718 Ἀθηνᾶς
1293 1659 1476 1715 κατασκευάσαι
1493 1660 1606 1720 (rediero
1618 1660 1646 1708 τὸ
1659 1660 1747 1722 ypsslu
1759 1662 1780 1710 ὰ
1794 1670 1825 1711 τὺι

263 1734 394 1797 δρακόντων
406 1741 447 1793 τής
459 1736 661 1799 χρυσελεφαντίνης
680 1734 785 1793 Ἀθηνᾶς,
795 1733 829 1794 tp'
843 1732 863 1793 ᾧ
876 1731 1048 1792 καταγνωσθεὶς
1065 1730 1182 1791 ἐζημιώθη
1192 1737 1261 1793 ρυγῇ·
1272 1730 1394 1791 γενόμενος
1406 1731 1430 1779 δὲ
1450 1732 1482 1786 εἰς
1491 1728 1565 1779 Ἦλιν
1581 1730 1622 1778 καὶ
1637 1731 1823 1795 ἀργολαδίπεςτερδ

263 1812 310 1853 τῶν
321 1806 417 1855 ’Πλείων
441 1807 468 1855 τὸ
480 1807 577 1867 ἄγαλμα
595 1811 637 1855 τοῦ
651 1806 705 1862 Διὸς
720 1810 761 1855 τού
781 1804 910 1866 Ὀλυμπίου
919 1806 959 1852 καί
966 1803 1139 1863 καταγνωσθεὶς
1150 1801 1191 1850 ὑπ’
1199 1802 1278 1850 αὐτῶν
1289 1803 1320 1855 b:
1332 1800 1499 1862 νοσφισάμενος
1512 1800 1625 1863 ἀνῃρέθη.
1637 1802 1704 1850 -ln
1713 1801 1746 1851 his
1758 1808 1824 1855 oerhru

264 1879 302 1927 esl
316 1875 380 1927 duos
394 1876 477 1925 allerri
494 1873 632 1926 Philochori
644 1875 719 1938 locos,
738 1875 842 1925 sltemm
864 1873 895 1925 de
914 1872 1008 1933 Phidia,
1025 1872 1130 1922 alterum
1152 1870 1183 1920 de
1196 1869 1296 1920 Periclis
1314 1868 1413 1920 decrem
1429 1871 1565 1935 hlegarioo.
1579 1870 1662 1921 Minus
1677 1871 1821 1935 busetubirnu

264 1948 397 2014 quaerenda
410 1948 540 1997 silbarum
552 1947 742 2011 fragmentorum
752 1958 888 2009 compages.
905 1944 1027 2008 Saupplus
1042 1942 1148 2006 primum
1168 1942 1461 2005 fragmentum-pertinere
1473 1944 1561 1991 censet
1572 1954 1655 2004 usque
1667 1941 1697 1991 sd
1707 1944 1769 1992 rerba
1781 1946 1823 1993 διο·

265 2024 339 2071 θανεῖν
352 2020 399 2068 θτιδ
411 2017 525 2078 Ἠλείων,
538 2017 600 2067 adeo
613 2020 642 2067 ut
658 2030 737 2068 annus
755 2029 804 2079 nno
817 2018 919 2066 uenus
929 2014 963 2064 sit
975 2013 1083 2071 Phidias,
1096 2026 1144 2063 uon
1156 2011 1287 2062 indicetur.
1296 2014 1350 2061 Hoc
1361 2012 1382 2063 si
1395 2011 1549 2075 probaveris,
1559 2011 1691 2074 legendum
1697 2014 1822 2065 ταιοθιιιθι

266 2092 302 2139 ἐπὶ
312 2091 336 2139 δὲ
352 2088 503 2149 Πυθοδώρου,
520 2089 549 2136 ut
558 2085 675 2136 transitus
687 2086 718 2136 sd
733 2084 837 2135 alterum
867 2086 1030 2145 fragmentum
1043 2082 1123 2144 aliquo
1139 2082 1213 2131 modo
1231 2082 1389 2146 significetur.
1399 2084 1451 2146 Pgo
1461 2096 1520 2133 cum
1532 2082 1689 2133 ceterisriris
1698 2083 1761 2134 doctis
1770 2088 1822 2135 rerba

265 2162 302 2209 ε’πὶ
315 2159 487 2221 Πυθοδώρου...
501 2156 598 2217 seron<
614 2169 671 2205 euru
688 2154 888 2205 antecedentibus
903 2153 1036 2216 junxerim,
1054 2151 1142 2203 deiude
1159 2166 1219 2202 uero
1237 2152 1336 2203 insertis
1348 2153 1431 2204 verbis
1448 2154 1482 2214 λη’
1498 2152 1528 2203 ού
1545 2154 1679 2203 διερείδεται
1695 2155 1723 2203 ad
1733 2158 1823 2217 sequestr

266 2228 400 2294 parandum
410 2226 589 2290 essesuspicor.
604 2225 815 2285 Quemadmodum
831 2223 993 2275 Philochorus
1005 2223 1113 2273 tabulam
1127 2221 1166 2273 de'
1178 2223 1274 2273 Phidire
1289 2224 1483 2273 furtoetmorte
1497 2224 1619 2282 serram,
1629 2224 1664 2273 sic
1674 2224 1739 2275 εθίειιι
1751 2226 1821 2289 queis

265 2304 376 2363 tempore
386 2297 473 2348 mortis
482 2311 540 2347 cum
555 2296 631 2347 initiis
642 2296 698 2346 belli
714 2294 909 2359 Peloponnesiaci
924 2294 1091 2357 componendo
1102 2293 1300 2357 perimebantur,
1310 2309 1409 2346 serrare
1416 2297 1506 2359 potuit,
1520 2309 1553 2345 eo
1563 2299 1662 2345 tantum
1671 2297 1769 2359 avulgan‘
1779 2298 1820 2351 tana

268 2370 392 2430 recedens,
404 2369 472 2432 quod
483 2383 538 2432 quau
554 2368 657 2419 Athenis
676 2368 730 2419 heri
744 2381 792 2417 nou
803 2367 913 2431 potuisse
923 2366 1081 2430 intelligebat,
1096 2380 1126 2417 ea
1145 2366 1170 2415 in
1183 2366 1251 2417 Elide
1263 2365 1383 2417 umidiore
1400 2365 1497 2417 statuit.
1514 2368 1635 2416 ceterum
1652 2366 1683 2415 de
1696 2366 1766 2416 Phid'n
1778 2369 1821 2429 apul

268 2441 340 2493 llleos
353 2440 441 2504 capitis
451 2438 612 2489 condemnato
620 2438 651 2487 cl.
666 2442 806 2507 Anonymus
816 2436 900 2487 rhetor
909 2440 934 2489 in
947 2439 1050 2489 liuticos
1068 2440 1094 2487 el
1110 2440 1231 2489 Eutroils
1243 2438 1289 2487 cles
1302 2450 1362 2488 iuss.
1374 2441 1434 2487 tom.
1447 2441 1484 2497 ll,
1493 2452 1518 2501 p.
1537 2441 1583 2488 183
1596 2441 1622 2487 et
1638 2437 1663 2487 in
1678 2438 1758 2488 αδδεδ
1766 2438 1819 2487 ml.

266 2511 388 2575 lrhtoph.
399 2515 445 2561 hs.
457 2516 502 2561 ⁶05
516 2510 554 2561 ed.
568 2509 686 2569 ohbner,
703 2511 729 2559 et
740 2511 830 2559 Seneca
843 2508 960 2559 Contror.
973 2513 997 2569 s,
1010 2516 1034 2570 θ,
1044 2512 1071 2560 el
1079 2512 1146 2559 recte
1161 2509 1215 2559 brec
1224 2509 1360 2571 dindimus
1377 2509 1496 2572 Sanppins
1507 2510 1526 2559 l.
1540 2508 1557 2559 l.
1574 2524 1600 2572 ρ.
1615 2514 1666 2560 l7ll.
1681 2539 1706 2547 -
1717 2511 1819 2573 Ιςθιιιροε

269 2584 293 2632 iu
305 2580 400 2631 cornico
415 2582 486 2643 poeta
504 2580 608 2631 mendas
631 2578 768 2631 Mercurius
783 2577 814 2629 de
827 2577 913 2628 Phidia
924 2581 950 2630 et
961 2578 1054 2629 Pericle
1073 2578 1157 2640 tinxit,
1178 2592 1208 2629 ea
1226 2577 1341 2641 quamvis
1361 2577 1427 2641 apud
1445 2578 1529 2641 ipsum
1551 2579 1729 2642 Arbtophaneu
1740 2582 1819 2642 styps

265 2656 293 2701 st
308 2652 398 2702 chorus
408 2654 524 2713 unquam
536 2663 625 2699 uorum
645 2649 761 2712 quiddam
781 2653 807 2699 et
817 2648 954 2699 inauditum
972 2649 1043 2712 plane
1053 2648 1181 2710 mirentur,
1197 2648 1354 2699 nibilominus
1365 2646 1539 2699 historicorum
1560 2650 1650 2713 vulgus
1659 2650 1712 2699 inde
1720 2650 1746 2699 ab
1754 2651 1818 2713 [phun
1868 2660 1869 2703 1

267 2722 293 2771 in
307 2720 434 2771 historiam
448 2718 481 2769 itn
491 2719 605 2779 traduxit,
619 2723 646 2771 ut
662 2732 702 2770 res
713 2732 756 2771 aes
768 2722 891 2783 septemve
905 2734 1025 2771 annornm
1038 2719 1118 2783 spatio
1132 2724 1255 2783 separatas
1267 2720 1447 2782 conjungerent.
1462 2719 1533 2770 huo
1544 2720 1621 2783 huy'us
1635 2721 1762 2771 oenludou'u
1775 2723 1818 2784 orlgs

270 2796 354 2855 aperte
365 2789 498 2855 repetenda
507 2791 545 2839 est
553 2803 583 2839 ex
592 2790 640 2839 ista
653 2789 863 2853 chronologlarum
883 2790 1001 2841 mixtione
1017 2803 1063 2853 per
1074 2793 1154 2841 totum
1173 2790 1300 2841 historiam
1319 2788 1424 2838 Atticam
1437 2789 1518 2851 obuia,
1532 2804 1585 2853 qua
1596 2804 1636 2841 res
1647 2795 1817 2854 mptemmsum

270 2860 692 2921 slivoninsejuuctaeeomponunlur
711 2862 737 2909 et
745 2860 836 2923 passim
854 2860 928 2909 eliam
947 2860 1039 2911 causali
1051 2858 1159 2922 ηυοδαιιι
1171 2874 1234 2911 nexu
1252 2860 1317 2909 inter
1337 2871 1363 2908 se
1372 2859 1516 2922 iunguntur.
1534 2861 1650 2911 Siosami
1664 2861 1816 2925 expuguslisarn

271 2932 324 2987 lan.
336 2928 398 2990 439)
411 2929 437 2977 et
448 2926 546 2977 luderis
561 2927 707 2977 solutionem
717 2930 772 2989 (an.
780 2932 836 2986 lta,
844 2928 986 2991 Pythodoro
995 2929 1074 2991 arch.)
1086 2929 1167 2979 eidem
1178 2943 1242 2979 anno
1252 2928 1387 2980 vindicatas
1402 2941 1457 2979 esse
1472 2930 1548 2980 modo
1567 2932 1681 2982 uidimus.
1693 2934 1739 2981 lau
1748 2944 1817 2980 οοιιια-

268 3004 368 3051 taneum
386 3001 424 3047 cst
442 2997 516 3047 etiam
532 2998 660 3049 mchontes
671 2998 759 3049 borum
769 3012 888 3049 annorum
902 3001 948 3049 4³9
959 3002 985 3049 et
997 3002 1043 3049 itt
1055 2997 1180 3058 conlundi,
1195 3002 1270 3062 atque
1285 2998 1456 3063 Pythodornm
1477 3001 1623 3052 ιιιοθιοιιθειιι
1635 3000 1729 3051 adscribi
1742 3000 1816 3063 potuisse
1868 3042 1869 3047 ,

269 3071 342 3123 rebus
355 3069 412 3119 anui
423 3071 477 3117 439.
498 3071 535 3117 lix
553 3068 601 3119 hoc
618 3071 702 3120 autem
715 3082 797 3120 errore
815 3070 930 3132 deinceps
942 3069 1010 3119 nasei
1032 3069 1193 3131 potuitalius,
1209 3084 1259 3132 quo
1275 3069 1326 3119 duo
1336 3068 1479 3132 Pythodori,
1489 3070 1603 3122 alterum
1613 3076 1668 3133 θθθ,
1680 3070 1733 3120 alter
1744 3075 1813 3121 aultl.
1868 3110 1869 3124 .

269 3142 483 3203 distinguerentur.
493 3139 521 3188 ld
528 3139 608 3203 ipsum
617 3141 642 3190 in
649 3140 752 3191 scholiis
762 3142 835 3191 Arist.
847 3139 964 3191 accidisse
971 3139 1090 3202 smpicari
1098 3139 1155 3190 lieet
1165 3140 1366 3203 pmptsreaquod
1375 3140 1469 3203 quiade
1478 3140 1568 3192 Phidia
1581 3143 1695 3191 blinerrae
1705 3140 1815 3190 urlloeur-
1868 3131 1869 3140 ’

270 3214 364 3271 rantur,
374 3210 405 3261 ad
422 3206 562 3271 Pythodori
577 3223 666 3261 annum
676 3211 824 3271 referuntur,
837 3211 901 3261 inter
916 3207 983 3258 hune
996 3223 1056 3259 sero
1071 3214 1097 3261 et
1112 3212 1218 3261 altorum
1233 3210 1402 3273 Pythodornm
1420 3210 1477 3261 anni
1489 3216 1537 3262 θθθ
1549 3213 1689 3262 ειοθιοιιθεω
1697 3208 1813 3273 εερθεκειιύ

270 3278 419 3331 intercedere
429 3278 595 3340 perhibentur,
607 3280 668 3330 adeo
677 3284 706 3329 ut
715 3281 781 3343 prior
790 3278 943 3343 Pythodorus
950 3278 982 3328 ad
993 3293 1085 3331 anunm
1091 3284 1139 3331 43⁹
1145 3282 1272 3343 pertineat.
1284 3280 1375 3331 Eodem
1385 3279 1548 3345 lantquonln
1559 3282 1658 3333 Eusebli
1666 3280 1762 3331 chronius
1767 3284 1813 3327 tm.
1868 3276 1869 3290 ¹

270 3350 337 3401 istud
354 3370 359 3399 ι
373 3347 482 3397 Phtdlos
494 3351 622 3399 Mlneruce
632 3352 737 3411 οδριιυιιι
756 3352 902 3401 eburneum
911 3350 972 3413 fecit
985 3355 1102 3401 annotat
1114 3352 1170 3414 (ol.
1184 3357 1223 3413 θθ,
1236 3356 1264 3413 a)
1275 3352 1426 3416 adscriptum
1438 3353 1471 3403 sil
1481 3357 1537 3405 tum
1550 3356 1577 3405 in
1589 3354 1647 3405 blaii
1663 3349 1813 3404 tuminluban

270 3418 424 3471 editionibus.
438 3420 471 3466 at
482 3416 607 3467 conciliari
617 3432 675 3468 cum
691 3419 731 3469 his
744 3422 868 3483 nequeunt
886 3418 960 3467 rerba
972 3418 1058 3469 scholll
1072 3440 1078 3468 :
1093 3421 1132 3470 tut
1145 3423 1288 3487 Πυθοδώρου
1302 3424 1353 3487 (an.
1365 3424 1422 3485 θθθ)
1438 3426 1464 3480 ὃς
1480 3426 1544 3475 tous
1565 3428 1612 3477 ἀπὸ
1624 3426 1704 3475 τούτου
1720 3421 1756 3485 (ab
1765 3421 1814 3467 uter

271 3487 421 3554 Pythodoro)
441 3488 583 3552 ἱδδομος,
605 3488 648 3539 ubi
668 3489 763 3553 rellqtra
785 3490 933 3541 scholiorum
944 3490 1007 3539 ratio
1020 3490 1158 3554 llsglwet:
1174 3493 1264 3552 δγδοος.
1279 3496 1334 3544 lam
1349 3508 1409 3544 vero
1421 3508 1500 3558 quum
1514 3508 1529 3545 a
1549 3496 1686 3558 Pythodoro
1700 3486 1815 3555 uphnrsit

271 3561 390 3623 θεύδωρος
400 3560 460 3621 (see.
474 3556 575 3609 Diodor.
592 3563 629 3620 lt,
647 3563 675 3610 :ll
688 3562 713 3610 et
725 3560 806 3611 Sebol.
821 3566 863 3609 Ar.
879 3560 984 3609 hohern.
994 3562 1044 3623 el),
1059 3562 1151 3611 archon
1163 3563 1220 3625 suni
1233 3568 1289 3626 rsa,
1298 3562 1373 3624 hujus
1382 3578 1471 3615 nonren
1481 3566 1506 3614 in
1518 3565 1641 3617 scholium
1651 3560 1814 3615 mundanos

270 3630 373 3694 conjecit
391 3628 536 3679 Palmarius.
554 3632 633 3687 Quam
652 3632 831 3694 conjecturam,
846 3632 902 3681 licet
925 3630 1073 3683 dubitationi
1093 3633 1234 3696 obnoxiam,
1254 3636 1324 3685 muto
1342 3634 1440 3685 aridius
1458 3638 1600 3700 arripueris,
1614 3649 1687 3699 quum
1704 3634 1764 3683 alten
1775 3624 1813 3675 nit

271 3715 380 3753 errorem
396 3699 537 3750 Pbiloehori
559 3700 677 3760 involvat,
702 3715 776 3764 quem
791 3701 950 3767 praejudicata
960 3702 992 3754 de
1002 3706 1056 3767 ejus
1065 3702 1193 3767 scriptoria
1202 3706 1349 3756 audomtate
1358 3705 1440 3769 opinio
1452 3721 1517 3771 egre
1527 3707 1660 3758 admiserit.

301 3772 316 3836 §
329 3779 352 3822 l·
373 3776 544 3821 Διαπιστούται
562 3772 587 3821 δὲ
601 3776 683 3833 ταῦτα,
696 3772 753 3837 ele]
765 3772 837 3837 Apud
854 3772 988 3824 Diodorum
1004 3780 1083 3834 thio,
1103 3782 1118 3825 θ
1132 3775 1186 3825 blec
1195 3776 1230 3826 its
1238 3776 1330 3827 babent
1340 3795 1347 3826 z
1359 3779 1480 3840 Μέμνηται
1494 3780 1519 3828 dt
1528 3781 1618 3829 τούτων
1634 3780 1671 3827 καί
1681 3764 1813 3839 'hermi

271 3850 310 3903 τῆς
321 3844 420 3907 ἀρχαίας
431 3844 555 3905 κωμωδίας
573 3844 680 3904 ποιητὴς,
690 3846 792 3905 γεγονὼς
807 3846 868 3895 κατὰ
879 3846 922 3903 τὴν
931 3852 974 3895 τού
991 3849 1129 3909 Περικλέους
1143 3847 1244 3909 ἠλικίαν,
1254 3848 1278 3897 δν
1288 3849 1364 3898 τοῖσδε
1377 3852 1425 3904 τοῖς
1440 3853 1613 3912 τετραμέτροις·

519 3978 680 4041 ὧλιπερνήτες
694 3978 803 4039 γεωργοί,
814 3978 878 4041 τάμά
886 3997 919 4035 τις
927 3981 1021 4037 ήυνιίτω

520 4048 613 4111 ῥήματ’,
626 4050 645 4097 εί
659 4048 763 4111 βούλεσθ’
774 4050 875 4100 ἀκούσαι
891 4053 939 4100 eie.
951 4064 1031 4113 usqne
1040 4050 1073 4101 ad
1082 4051 1136 4107 τούς
1145 4051 1168 4100 τ’
1176 4052 1264 4102 ἐνθάδε.

398 4118 444 4164 Καὶ
458 4115 526 4165 πάλιν
538 4117 562 4165 ἐν
575 4118 652 4172 ἀλλοις
663 4114 784 4174 Εὔπολιςθ
795 4122 901 4179 ποιητής·

394 4184 492 4249 [Ιιιιιιιο
500 4184 566 4235 idern
578 4186 752 4253 Aristophanes
765 4189 789 4238 in
800 4190 901 4241 hohern.
914 4193 979 4253 sel).

655 4312 658 4317 ,
1138 4266 1266 4327 Περικλέης
1279 4263 1404 4327 ύύλύμπιος

519 4328 659 4393 ήστραπτεν,
674 4330 780 4393 θδρύντα,
791 4331 909 4381 συνεκύιια
918 4335 961 4392 τήν
970 4334 1081 4385 Ἐλλάδα.

396 4394 491 4459 [lusere
500 4416 506 4446 ι
520 4398 569 4448 Καὶ
578 4400 646 4448 πάλιν
656 4402 680 4449 ἐν
690 4404 778 4463 Δήμοις
793 4403 913 4459 Εὗπολιςύ
925 4405 1044 4469 ποιητής]

535 4469 615 4518 Πειθώ
624 4486 658 4526 τις
671 4472 855 4529 increbuissent
872 4480 922 4529 τοῖς
934 4476 1043 4537 χεῦεσιν·

533 4540 607 4595 οὕτως
619 4540 704 4601 ἀκήλει,
722 4544 762 4591 καί
775 4542 844 4605 μόνος
853 4549 900 4593 τῶν
911 4545 1016 4612 ῥητόρων

535 4607 563 4657 τὸ
573 4612 665 4673 κε’ντρον
675 4611 825 4672 ἀγκατελειπε
839 4620 885 4671 ταῖς
897 4615 1063 4679 ἀκροωμένοις.
1353 4613 1356 4619 ’
1610 4659 1616 4671 .
1865 4623 1867 4678 ί

276 4728 352 4812 Αἰτίαι
375 4745 416 4788 μεν
432 4728 473 4811 σύν
489 4734 531 4811 τού
546 4733 769 4791 Πελοποννησιακοῦ
786 4739 889 4798 πολέμου
901 4740 1008 4789 τοιαῦταί
1020 4759 1078 4797 τινες
1094 4741 1204 4804 ύπήρξαν,
1222 4742 1254 4795 ὡς
1273 4740 1371 4805 Ἔρορος
1390 4743 1512 4806 ἀνάγραφε,
1526 4743 1659 4792 Postremus
1675 4740 1745 4785 vetiti
1755 4725 1813 4771 im
1864 4701 1867 4791 ί

273 4801 358 4881 bernus
371 4800 475 4879 liupolrs¹
483 4802 573 4879 petitos
586 4814 639 4852 esse
649 4804 746 4855 abunde
757 4810 852 4857 constat
860 4810 868 4867 (
877 4811 908 4858 V.
922 4811 1015 4861 comio.
1026 4813 1153 4875 Fragmp.
1167 4818 1209 4862 lot
1221 4811 1262 4861 ed.
1273 4812 1365 4870 Didotl.
1373 4814 1458 4863 Poetae
1467 4812 1541 4877 hujus
1555 4810 1643 4863 mentio
1652 4799 1781 4858 libum·
1792 4787 1811 4864 ί

274 4866 382 4931 videtur,
391 4870 461 4933 eulpa
468 4882 493 4918 m
503 4868 609 4949 alienum
621 4871 703 4924 locum
709 4876 899 4941 transmigravit,
909 4881 952 4930 ubi
962 4882 1074 4932 tortassis
1094 4881 1154 4931 illud
1166 4883 1190 4931 ἐν
1204 4880 1283 4939 ἄλλοις
1300 4885 1383 4933 ortum
1396 4897 1428 4933 ex
1439 4884 1463 4933 is
1483 4886 1581 4946 Δήμοις.
1592 4877 1736 4933 bristolthtls
1741 4866 1811 4934 W*

274 4951 361 4991 uersus
373 4953 422 4989 non
431 4940 552 5002 apposuit,
570 4952 601 4989 ex
610 4942 807 4996 hebescentibus
824 4958 883 4997 sero
898 4949 971 5013 plurs
979 4964 1053 5013 quam
1067 4951 1190 5003 Diodorus
1199 4953 1308 5004 exhibet.
1319 4956 1340 5004 E
1353 4952 1419 5005 iente
1432 4954 1557 5006 communi
1567 4955 1613 5005 alia
1628 4924 1811 5003 mmmm?

273 5010 396 5091 Diodorus
408 5009 523 5091 selegisse
541 5008 647 5091 ridetur.
659 5014 669 5078 ΙΙ
685 5040 716 5052 -
732 5016 906 5082 ῶλιιιερυῆης]
922 5020 959 5069 ⁸10
970 5020 1107 5081 modom„
1119 5022 1259 5086 ὼρῳρητες,
1268 5024 1392 5089 ,dmm
1403 5024 1475 5076 mm
1485 5027 1611 5089 Ἥβη,
1621 5018 1688 5073 mdc,
1697 5002 1810 5087 mestun.

277 5080 306 5131 lu
319 5083 408 5131 nostris
429 5079 596 5143 Aristophanis
610 5082 691 5148 codd,
704 5100 736 5137 ex
749 5086 868 5149 amarioris
882 5090 963 5141 utatis
974 5091 1122 5155 recensione,
1136 5093 1225 5158 legitur
1242 5113 1249 5144 ι
1262 5094 1283 5145 δ
1297 5096 1428 5158 σοφώτατοι
1442 5096 1550 5159 γεωργοί.
1568 5095 1578 5158 ll
1592 5124 1618 5138 -
1629 5093 1654 5149 δή
1666 5076 1770 5145 wella
1779 5081 1807 5114 Ν
