3809 5859
177 411 234 470 158

176 537 226 592 des
238 548 300 586 arcs
311 525 494 593 admirable33
513 534 542 578 ei
552 537 599 578 sur
611 537 657 575 ces
667 537 729 574 arcs
740 517 769 588 jc
781 519 875 572 visun
887 515 950 570 ‹idi-

174 605 951 686 ficenvecunecoupole,ensorrnedepavillon,sormi

177 709 214 764 de
223 722 343 779 nuages;
358 701 451 758 c'dtait
462 717 519 754 une
529 714 625 754 oeurre
634 694 895 770 prodigieusement
905 691 951 748 di-

176 798 252 852 vine.
269 795 306 848 Et
320 809 386 847 sous
398 807 430 846 ce
444 787 589 863 pandion,
608 803 657 839 sur
669 784 708 838 les
724 780 835 852 arcs,je
855 781 898 836 vis
912 781 951 835 les

177 891 343 955 trente-sept
356 879 458 933 saintes
464 884 612 946 martyres,
622 881 714 926 toules
721 870 871 926 tclaianies
883 868 952 923 dans

177 974 252 1028 leurs
272 969 357 1025 robes
378 963 530 1036 bimones,
561 979 629 1016 avec
658 958 706 1014 des
735 958 841 1012 formes
868 955 952 1030 d'une

178 1060 279 1115 beaute
301 1053 444 1111 ineffable.
460 1051 505 1108 En
517 1050 587 1108 haut
603 1047 639 1102 de
658 1043 831 1117 l'edilice,je
851 1046 893 1099 vis
913 1063 953 1098 un

179 1149 261 1203 irdne
273 1145 351 1200 divin
364 1153 392 1196 et
406 1137 576 1206 admirable,
599 1145 661 1190 tout
678 1135 769 1189 entier
784 1133 819 1188 de
834 1132 898 1200 lcu,
915 1132 954 1187 σὺ

177 1253 206 1292 se
217 1233 333 1289 dressaii
347 1232 375 1285 la
392 1228 471 1283 croix
489 1225 530 1280 du
550 1223 696 1298 seigneur.
712 1224 754 1276 La
767 1219 884 1275 lumiere
906 1222 952 1274 rd-

178 1321 291 1396 pandue
303 1319 340 1374 de
350 1327 444 1372 tontes
458 1323 538 1388 paris
552 1310 732 1385 l'enveloppu
744 1318 772 1364 ct
788 1327 817 1364 se
830 1308 952 1363 conson-

180 1408 222 1465 dii
233 1425 302 1464 avec
315 1408 355 1462 les
367 1421 472 1477 caynus
485 1401 521 1457 de
536 1400 564 1454 la
576 1399 670 1465 croix,
689 1415 765 1471 pour
779 1396 886 1452 former
898 1413 955 1450 nne

179 1497 300 1552 colonne
314 1494 350 1548 de
365 1490 483 1547 lumiere
497 1486 733 1560 rnyonnante‘qui
746 1484 878 1540 s'diendit
890 1484 952 1556 jus-

180 1584 244 1659 qu'i
255 1584 283 1636 la
292 1579 361 1637 base
372 1579 422 1634 des
433 1577 577 1637 colonnes.

221 1670 250 1748 [S
262 1663 338 1746 115.]
352 1691 363 1716 ι
375 1669 411 1722 Et
421 1683 476 1720 une
486 1681 588 1718 source
603 1660 764 1716 abundante
772 1659 864 1732 jaillit‚
872 1660 956 1714 coula

181 1770 208 1819 et
226 1777 254 1814 se
272 1754 405 1830 repandit
412 1772 461 1808 sur
471 1761 552 1807 toute
568 1751 596 1804 la
608 1749 720 1823 plume,
735 1749 762 1802 lo
777 1748 889 1802 couvrit
907 1765 957 1801 en-

181 1847 345 1912 ίίὲτεαισιιῑ,
359 1843 432 1898 aussi
450 1841 512 1895 loin
529 1856 584 1912 que
598 1837 667 1892 l’oeil
689 1837 807 1909 pouvait
822 1836 896 1890 noir.
920 1837 957 1889 Ei

181 1935 235 1990 elle
249 1933 346 1988 devint
359 1947 417 1985 une
438 1945 500 1983 mer
522 1927 589 1980 unic
604 1935 632 1979 et
651 1925 768 1997 azurec,
787 1933 815 1978 et
837 1933 901 1977 tous
916 1923 956 1976 les

182 2021 296 2094 champs
307 2027 444 2094 parntem
466 2014 501 2070 de
518 2015 545 2068 la
557 2013 674 2068 couleur
688 2011 727 2066 du
742 2012 802 2066 ciel.
818 2012 852 2065 Ei
864 2003 894 2081 je
913 2011 957 2064 vis

182 2223 234 2278 τῶν
248 2221 326 2297 τριῶν
342 2217 445 2276 στύλων
456 2214 564 2292 σταυροὶ
577 2213 645 2292 τρεῖς
658 2209 886 2290 φωτοειδίστατοι,
897 2211 961 2268 καθ’

183 2306 306 2385 ὁμοίωσιν
327 2310 372 2364 τοῦ
396 2303 550 2363 δεσποτικοῦ
566 2309 694 2384 σταυροῦ,
715 2299 834 2360 καὶτῶν
856 2297 957 2356 στύλων

185 2393 281 2454 τούτων
297 2395 320 2452 oi
332 2391 440 2468 σταυροὶ
451 2390 504 2451 ίσοι
515 2383 594 2468 ἦσαν,
607 2395 654 2462 τῆς
669 2391 694 2449 δέ
710 2387 864 2469 φωτοειδοῦς
879 2407 959 2464 κεφα·

183 2483 275 2549 λίδοςθ
285 2483 378 2546 στῦλος
392 2479 549 2559 ὑψηλότερος
560 2484 688 2558 ὑπῆρχεν.
704 2476 758 2537 Καὶ
768 2481 820 2540 τοῖς
831 2473 958 2549 τέσσαρσι

186 2571 287 2636 στύλοις
300 2569 387 2630 ἐπάνω
399 2571 451 2626 τῶν
465 2571 583 2647 σταυρῶν
594 2567 712 2646 καμάραι
728 2561 956 2638 θαυμαστοειδεῖς,

186 2659 241 2718 lom
262 2656 404 2730 ἀλλήλαις,
430 2657 625 2736 συνεπάγησαν.
649 2654 756 2715 Τούτων
781 2650 808 2709 δὲ
828 2649 959 2709 ἐπάιωθεν

185 2743 342 2826 κυκλοφερές
356 2743 515 2824 ἡμίσφαιρον
531 2743 671 2819 σκήνωμα,
688 2745 722 2808 ὡς
738 2739 866 2810 σελήνην,
884 2735 960 2795 ἐθεώ-

187 2856 261 2911 ρουν,
286 2836 418 2912 νεφοφανῆ
437 2832 483 2889 καὶ
501 2831 653 2901 θιοκτίστην
673 2824 813 2904 οἰκοδομὴν
836 2824 959 2903 ἔχουσαν·

185 2919 310 2980 ὑποκάτω
320 2917 347 2976 δέ
358 2924 404 2990 τῆς
414 2922 511 2991 σκηνῆς
523 2919 611 2976 ἐπάνω
621 2920 671 2974 τῶν
681 2919 809 2993 καμαρῶν
819 2912 877 2980 τοὺς
886 2911 960 2990 τριά-

186 3031 266 3068 κοντα
281 3005 369 3084 ἁγίους
384 3005 519 3087 μάρτυρας
533 3012 577 3064 τοῦ
594 3008 731 3083 Χριστοῦ,
745 3005 780 3068 ὡς
797 3004 823 3060 ἐν
839 2999 961 3079 σχήματι

189 3097 348 3156 λευκοτάτου
369 3093 452 3173 φωιθς
470 3091 538 3169 μετὰ
553 3097 605 3151 τῶν
616 3091 765 3168 ἐνδυμάτων
776 3134 784 3162 ,
796 3089 857 3169 περί
882 3080 917 3146 ὧν
932 3089 961 3146 οὗ

188 3185 303 3262 δύναμαι
317 3181 502 3260 διηγήσασθαι.
518 3181 626 3242 Ἐπάνω
636 3179 662 3239 δὲ
680 3185 725 3238 τοῦ
737 3177 818 3257 ἄκρου
832 3181 879 3248 τῆς
892 3180 961 3235 οἰκο-

190 3274 271 3349 δομῆς
294 3270 419 3349 ἐθεώρουν
440 3270 529 3350 θρόνον
543 3267 713 3345 θαυμαστθν,
729 3265 898 3337 θεύπλαστον,
915 3287 962 3345 φο-

190 3360 282 3440 ύερθν,
296 3357 418 3437 πύρινον,
439 3356 485 3416 καλ
498 3357 542 3416 τὸν
564 3355 718 3416 δεσποτικὸν
741 3353 852 3433 σταυρὸν
873 3355 962 3412 ἐπάνω

190 3451 286 3519 αὐτοῦ,
312 3449 366 3526 φῶς
385 3445 411 3504 δὲ
435 3445 520 3527 τούτῳ
541 3445 755 3526 περιερχόμενον,
780 3440 911 3518 συμμιγὲν
927 3443 963 3508 εἷς

188 3537 235 3604 τὰς
251 3537 358 3602 ἀκτῖνας
370 3539 414 3592 τοῦ
425 3539 547 3612 σταυροῦ,
555 3533 599 3591 καί
611 3529 783 3610 συμπεπηγδς
794 3532 837 3590 ἐπὶ
845 3529 874 3587 τὸ
885 3529 962 3600 αὐτὸ,

189 3625 233 3684 καλ
252 3626 344 3684 στῦλον
358 3622 442 3700 φωτὸς
457 3625 635 3701 ἐργασάμενον
650 3621 768 3700 ἔλαμψεν
790 3618 881 3698 μέχρις
896 3617 962 3676 ἄνευ.

229 3715 246 3789 §
271 3712 335 3770 115.
359 3710 407 3770 Ἐν
424 3711 497 3790 μέσῳ
511 3709 538 3768 δέ
554 3713 606 3768 τῶν
626 3709 727 3788 βάσεων
739 3710 790 3764 τῶν
805 3704 961 3785 κατωτέρων

190 3800 292 3858 στύλων
318 3797 451 3879 ἐξέρρευσε
476 3796 548 3875 πηγὴ
578 3794 753 3876 σφοδροτάτου
780 3792 888 3864 ὓδατος,
916 3791 962 3849 καλ

193 3891 335 3965 ἐκχυθεῖσα
351 3885 463 3958 ἡπλῶθη
475 3887 502 3942 ἐν
516 3885 613 3950 πάσαις
624 3893 680 3950 ταῖς
691 3880 810 3952 πεδιάσι,
820 3879 865 3939 καί
880 3878 962 3948 ἐπλή-

192 3999 260 4056 ρωσε
274 3975 308 4034 τά
324 3975 463 4051 σύμπαντα
482 3975 543 4053 ἄχρι
557 3979 603 4045 τῆς
619 3977 669 4031 τῶν
688 3973 829 4052 ὀφθαλμῶν
847 3969 963 4041 καταλή-

191 4077 274 4152 ψεως,
292 4071 337 4131 καί
356 4070 458 4147 ἐγένετο
473 4069 594 4128 θάλασσα
609 4067 723 4144 μεγάλη.
748 4065 911 4143 Ούροινοειδῆ
934 4063 961 4123 δὲ

191 4159 236 4217 καί
258 4157 421 4237 χλωρίζοντα
444 4156 525 4236 ἐφάνη
544 4159 611 4232 ὁμοῦ
632 4154 719 4212 πάντα
735 4154 767 4211 τθι
796 4151 883 4210 πεδία.
908 4149 963 4210 Καί

192 4238 258 4304 είδον
284 4248 381 4317 πλῆθος
402 4243 516 4323 πυρίνων
544 4240 736 4316 θυσιαστηρίων
759 4238 888 4317 ἄμετρον,
920 4236 965 4295 καλ

191 4332 303 4412 σταυρὸν
314 4334 359 4390 ἕνα
380 4329 468 4388 ἐπάνω
480 4328 535 4395 ἐνὸς
545 4327 655 4386 ἑκάστου
668 4323 862 4401 θυσιαστηρίου·
878 4323 965 4398 ἐλαμ-

194 4445 242 4480 πον
258 4421 284 4479 δὲ
298 4407 377 4486 ὡς’τδ
391 4423 488 4487 πλῆθος
501 4421 553 4475 τῶν
579 4415 689 4495 ἄστρων.
707 4413 762 4474 Καὶ
781 4403 847 4470 εἶδον
868 4411 964 4488 ἀγέλην

195 4508 369 4589 ἀναρίθμητον
382 4507 462 4583 αἰγῶν
478 4507 504 4562 ἐν
518 4504 641 4582 χρώματι
656 4505 780 4581 μελανῷ,
795 4501 867 4573 ἥτις,
881 4499 964 4579 περά-

194 4621 263 4656 σασα
278 4597 311 4655 τθι
326 4595 423 4664 ύδατα,
440 4592 561 4672 πρύὸατα
579 4591 697 4667 ἐγένετο,
712 4592 747 4655 ὡς
761 4588 807 4647 καί
821 4586 868 4658 τὴν
881 4586 964 4666 χρόαν

195 4689 341 4764 στραφῆναι
357 4683 442 4740 αὐτῶν
453 4682 489 4746 είς
498 4677 654 4749 λευκότητα.
673 4677 856 4759 Χρυσόμαλλα
871 4675 897 4732 δὲ
912 4698 964 4756 φω·

194 4773 360 4832 τοειθέστατα
379 4767 482 4848 ἐφάπαξ
496 4763 708 4842 ἐγένοντο,ῶοτε
726 4764 772 4823 καί
795 4766 901 4829 ἀκτῖνας
917 4767 963 4822 ἐκ·

196 4863 317 4938 πέμπειν.
329 4857 403 4919 Αύτθι
416 4858 438 4915 δ’
449 4856 486 4914 ἔτι
500 4854 672 4934 προσέχοντος
685 4855 760 4930 ἐμοῦ,
774 4851 893 4932 ἐξαίφνης
909 4852 965 4927 γε’ν-

196 4973 268 5021 νησις
281 4953 334 5008 τῶν
349 4943 476 5022 ποιμνίων
496 4944 611 5021 ἐγένετο,
625 4943 669 5001 καί
696 4941 904 5015 ἐπληθύνθησαν,
919 4940 965 4997 καί

196 5039 229 5096 τά
243 5036 394 5116 γεννήματα
406 5033 490 5091 αὐτῶν
502 5029 639 5111 ἐπλήρωσε
653 5031 686 5090 τά
701 5027 857 5104 σύμπαντα,
872 5027 917 5085 καὶ
931 5025 964 5084 cd

197 5127 351 5203 γεννηθέντα
368 5121 443 5203 αἰρνία
462 5119 549 5180 πάντα
564 5119 725 5200 φωτόμαλλα
743 5121 871 5195 ὑπῆρχον.
886 5113 964 5176 Μετὰ

852 391 1101 453 AGATHANGE.

1004 535 1045 570 un
1057 513 1180 570 nombre
1200 515 1333 570 immense
1347 515 1465 570 d'nniels
1479 515 1516 570 de
1535 515 1596 583 feu,
1606 527 1649 585 et,
1662 516 1729 590 pres
1745 517 1784 574 de
1875 579 1879 590 ¹

1007 604 1119 675 chaque
1129 602 1286 672 outel‚une
1295 602 1416 658 colonne
1425 605 1587 659 surmontie
1594 603 1681 659 d'une
1690 607 1783 673 croix,

1006 702 1034 746 ει
1043 708 1100 748 une
1109 689 1262 746 multitude
1270 691 1640 766 innombrablem’apparut
1648 690 1785 750 brillante

1006 797 1117 834 comme
1129 778 1168 834 les
1177 780 1283 835 c'toiles.
1301 781 1337 834 Et
1344 779 1424 852 jevis
1433 779 1612 836 d'immenses
1620 790 1784 854 troupeaux

1006 869 1042 923 de
1063 866 1179 924 chivres
1202 869 1296 923 noires
1310 869 1377 942 qni,
1391 867 1473 944 apris
1496 870 1578 924 avoir
1600 872 1725 924 traversi
1742 871 1783 926 les

1006 974 1093 1027 enux,
1103 975 1132 1012 se
1147 954 1319 1030 changdrent
1337 974 1374 1012 en
1388 973 1527 1031 agnem,
1542 965 1570 1013 et
1583 958 1647 1012 leur
1664 958 1784 1013 couleur

1006 1043 1104 1099 devint
1117 1044 1255 1112 blanche,
1269 1052 1296 1098 et
1309 1045 1373 1100 leur
1385 1043 1458 1100 laine
1472 1045 1617 1101 scintillait
1633 1055 1665 1100 et
1677 1045 1784 1121 lancaii

1006 1130 1057 1186 des
1068 1132 1221 1188 enncelies.
1244 1133 1279 1185 Et
1294 1131 1388 1186 tundis
1401 1150 1456 1204 que
1465 1131 1494 1205 je
1505 1132 1671 1208 regendus,
1690 1142 1755 1188 tout
1768 1134 1785 1188 ir

1007 1236 1083 1293 coup
1100 1221 1139 1275 les
1162 1231 1320 1294 troupeaux
1340 1219 1516 1275 enlaniirent
1532 1232 1560 1276 et
1579 1219 1608 1276 s'e
1628 1220 1785 1295 multiplie-

1006 1317 1080 1374 rent,
1095 1318 1124 1363 et
1136 1308 1176 1362 les
1189 1325 1319 1382 agneaux
1334 1309 1384 1382 qui
1407 1309 1537 1364 venaiem
1557 1308 1592 1364 de
1603 1311 1697 1366 natire
1707 1328 1786 1366 rem·

1007 1396 1112 1467 plicent
1125 1396 1154 1450 la
1168 1413 1337 1470 campagum
1352 1406 1381 1450 ei
1404 1407 1469 1451 tons
1487 1397 1593 1452 etaient
1610 1397 1784 1455 d'une'cou-

1009 1484 1072 1538 leur
1084 1482 1299 1540 tres-brillante.
1313 1485 1388 1538 Toni
1401 1482 1418 1538 ir
1432 1502 1524 1557 coup,
1546 1484 1669 1540 d'nnires
1681 1486 1786 1558 naqui-

1011 1581 1075 1625 rent
1095 1589 1197 1626 encore
1211 1582 1239 1626 et
1252 1589 1282 1626 se
1300 1569 1514 1644 multiplidrent.
1537 1574 1574 1626 Et
1591 1591 1648 1628 une
1670 1573 1783 1642 moine,

1011 1669 1096 1731 ayant
1113 1661 1238 1714 traversi
1265 1659 1303 1716 les
1321 1677 1410 1728 caux,
1433 1677 1462 1714 se
1494 1660 1618 1736 changed
1641 1679 1678 1716 en
1701 1661 1786 1734 lonps

1010 1748 1105 1813 noim,
1116 1748 1150 1802 iis
1170 1748 1383 1802 assaillirentles
1392 1758 1549 1822 troupeaux
1562 1759 1590 1804 et
1603 1749 1786 1805 commence-

1011 1835 1106 1890 renti
1125 1853 1161 1890 en
1174 1836 1244 1891 faire
1263 1855 1303 1890 un
1318 1837 1453 1891 immense
1473 1855 1604 1912 coinage,
1617 1848 1647 1893 et
1666 1839 1693 1893 le
1714 1856 1787 1912 sang

1011 1924 1144 1978 conlaiti
1165 1921 1238 1978 llots.
1261 1925 1297 1978 Et
1313 1923 1406 1979 tundis
1428 1942 1484 1997 que
1492 1923 1523 1996 je
1531 1924 1683 2000 regnrdais,
1700 1923 1789 1997 jevis

1009 2010 1131 2085 poindre
1145 2010 1195 2067 des
1211 2012 1280 2066 ailcs
1294 2031 1350 2067 aux
1359 2023 1534 2086 troupeaux‚
1547 2025 1576 2069 et
1588 2014 1622 2068 ils
1636 2013 1787 2068 devincent

1014 2212 1065 2259 tres
1076 2208 1242 2270 lucidissime!
1253 2211 1285 2261 nd
1298 2211 1482 2262 similitudinem
1500 2213 1583 2262 crucis
1597 2211 1745 2273 Domiuice,
1761 2214 1788 2262 et

1014 2301 1090 2352 trium
1106 2303 1276 2353 columnarum
1295 2305 1403 2367 aequues
1415 2306 1485 2355 erent
1496 2317 1597 2367 cruces,
1607 2304 1652 2355 sed
1667 2305 1787 2354 luminoso

1015 2395 1123 2459 capitulo
1143 2396 1257 2446 columna
1279 2399 1332 2447 erat
1348 2396 1475 2447 excelsior.
1493 2399 1524 2446 nt
1543 2399 1651 2460 quatuor
1666 2397 1787 2446 columne

1014 2501 1089 2552 supra
1104 2502 1191 2538 eruces
1211 2489 1329 2539 mirabilis
1352 2491 1466 2554 aspectus
1483 2489 1601 2551 iornices,
1621 2488 1728 2538 invicem
1748 2488 1782 2538 si-

1012 2561 1097 2642 miles,
1115 2580 1237 2631 habebant
1252 2580 1422 2645 superductos.
1438 2583 1516 2645 Supra
1532 2581 1578 2631 has
1591 2579 1704 2631 videbam
1724 2581 1786 2630 orbi

1013 2672 1094 2722 cniare
1107 2671 1200 2722 dimidii
1215 2672 1301 2722 circuli
1311 2671 1510 2732 tebermculum
1520 2671 1590 2736 qumi
1603 2672 1699 2732 innam,
1714 2671 1786 2734 cuins

1017 2767 1139 2814 structura
1149 2777 1177 2814 ex
1191 2765 1256 2815 nnbe
1269 2765 1399 2816 videbatur
1409 2769 1435 2815 ei
1448 2763 1565 2815 divinitus
1577 2765 1642 2814 tacte
1662 2766 1708 2814 :et
1721 2763 1786 2814 inira

1015 2861 1201 2912 tabernaculum
1220 2875 1293 2926 snpra
1315 2861 1421 2912 fornices
1438 2861 1551 2912 ridebam
1570 2861 1670 2926 triginta
1690 2863 1788 2911 sanctos

1016 2957 1108 3008 christi
1118 2961 1249 3020 martyres,
1256 2960 1382 3020 tamquam
1391 2957 1417 3006 in
1428 2957 1506 3007 torma
1515 2957 1681 3007 candidissimi
1690 2957 1789 3006 luminis

1016 3068 1073 3104 curn
1084 3054 1251 3116 vestimentis,
1266 3053 1297 3104 de
1311 3054 1402 3117 quibos
1413 3053 1473 3104 nibil
1485 3054 1576 3104 reierre
1587 3066 1698 3118 possum.
1711 3056 1788 3117 supra

1016 3149 1136 3201 verticem
1149 3150 1248 3200 edificii
1260 3151 1403 3214 spectabam
1415 3151 1504 3201 solium
1517 3150 1701 3213 admirandum,
1714 3149 1788 3200 dirini

1016 3247 1111 3311 operis,
1126 3247 1304 3308 reverendum,
1314 3248 1426 3312 igneum,
1440 3250 1553 3312 etenira
1562 3247 1624 3298 iilud
1638 3247 1789 3298 Dominimm

1017 3351 1131 3408 crucem,
1154 3345 1238 3395 iurnen
1254 3357 1314 3396 νετο
1333 3344 1510 3395 circumfusum
1536 3343 1597 3395 solio
1609 3348 1664 3395 emt
1682 3344 1789 3394 mixtum

1017 3451 1074 3489 cum
1087 3440 1162 3490 radiis
1182 3439 1276 3500 crucis,
1292 3439 1416 3504 simulque
1429 3453 1487 3490 cum
1498 3440 1529 3490 iis
1548 3442 1701 3504 comportem
1719 3441 1789 3491 coiu-

1017 3552 1099 3589 rnnum
1108 3541 1171 3591 lucis
1182 3539 1316 3601 efficiebat,
1326 3544 1352 3591 et
1364 3540 1484 3603 usquead
1497 3543 1593 3604 purtem
1601 3554 1740 3604 supremam
1749 3555 1788 3592 re·

1018 3636 1170 3701 splendebat.

1048 3729 1063 3794 ς
1083 3733 1135 3780 iis.
1152 3732 1191 3778 Ex
1204 3728 1286 3779 medio
1300 3727 1397 3778 basium
1406 3727 1548 3779 inferiorum
1559 3727 1729 3779 columnamm
1738 3741 1792 3778 sce·

1016 3823 1123 3874 tun'ehut
1136 3822 1273 3884 tonsoque
1284 3820 1612 3884 vehementissimaeseaque
1621 3821 1701 3871 eiiusu
1714 3820 1791 3884 expli-

1017 3916 1118 3966 cabatur
1133 3927 1177 3977 per
1186 3913 1267 3963 omnin
1275 3910 1329 3964 locs
1342 3891 1501 3977 cempestrin.
1520 3913 1680 3976 replebitque
1692 3912 1790 3975 omnia,

1018 4021 1076 4072 que
1084 4007 1204 4072 petebant
1214 4005 1341 4057 oculorum
1352 4005 1508 4070 conspectui,
1521 4005 1641 4068 fiebatque
1652 4017 1720 4054 mare
1733 4019 1788 4054 mu-

1017 4115 1100 4167 gnum.
1122 4100 1236 4152 coeiestis
1257 4102 1340 4150 antem
1354 4102 1380 4150 et
1404 4099 1490 4148 viridis
1503 4099 1591 4148 coloris
1609 4110 1694 4147 omnes
1713 4097 1790 4147 siinui

1018 4195 1167 4259 apparebant
1178 4192 1266 4256 campi.
1277 4194 1309 4242 Et
1320 4191 1372 4241 ridi
1394 4189 1578 4241 multitudinem
1594 4189 1716 4253 ingentem
1727 4189 1791 4239 nite-

1017 4289 1082 4338 rium
1095 4288 1220 4350 igneomm
1236 4287 1263 4335 et
1278 4298 1377 4334 crucem
1394 4297 1471 4348 supro
1485 4283 1678 4347 unumquodque
1697 4282 1790 4333 altare:

1019 4380 1177 4444 splendebant
1183 4381 1267 4428 autem
1273 4380 1302 4428 ut
1309 4377 1441 4428 multitudo
1448 4377 1581 4428 stellarum.
1593 4375 1687 4425 etvini
1695 4389 1791 4439 gregem

1019 4472 1221 4524 innumerabilem
1234 4484 1360 4535 copramm
1372 4471 1461 4521 coloris
1472 4470 1548 4536 nigri,
1557 4482 1615 4533 quae
1626 4467 1791 4532 ingredientes

1019 4567 1045 4617 in
1059 4579 1135 4630 equos
1147 4564 1239 4615 fiebant
1257 4577 1332 4626 ores,
1345 4566 1376 4613 nt
1388 4565 1414 4614 ct
1432 4563 1496 4612 cutis
1510 4575 1595 4612 earnm
1616 4563 1756 4611 mutaretur
1766 4562 1791 4610 in

1016 4649 1147 4701 candorem
1158 4672 1169 4716 ι,
1176 4654 1251 4704 unico
1258 4656 1340 4704 nutem
1349 4654 1403 4703 rice
1413 4653 1500 4704 coloris
1509 4650 1578 4701 aurei
1590 4652 1616 4698 et
1626 4649 1791 4712 splendidissi-

1019 4763 1067 4800 me
1079 4748 1178 4809 ircbnnt,
1188 4748 1217 4796 ut
1229 4744 1311 4795 radios
1322 4744 1395 4793 etiarn
1405 4743 1554 4794 omitterent.
1562 4745 1628 4791 Dum
1639 4741 1721 4791 ndlruc
1736 4753 1793 4802 spe-

1017 4841 1128 4899 culabar,
1141 4839 1269 4890 confestim
1284 4849 1386 4900 gregum
1402 4836 1468 4886 iacto
1483 4838 1522 4886 est
1534 4834 1673 4900 gennano,
1691 4831 1791 4883 etmul-

1020 4934 1122 4999 iipiicati
1136 4933 1206 4993 snut,
1219 4933 1244 4981 et
1256 4931 1331 4980 fctus
1344 4943 1430 4980 eorum
1442 4927 1523 4979 omnia
1532 4927 1690 4992 repleverunt
1702 4945 1709 4974 ι
1722 4924 1791 4988 ngn'r-

1020 5040 1069 5090 que
1083 5025 1191 5092 generati
1202 5024 1273 5075 erant
1284 5035 1370 5074 omnes
1388 5021 1465 5072 lucidi
1474 5020 1580 5072 velleris,
1603 5022 1664 5070 Post
1672 5019 1718 5068 iios
1730 5030 1793 5066 nero

1020 5124 1047 5172 et
1059 5121 1101 5171 ciii
1113 5121 1189 5170 ioetus
1198 5115 1316 5182 propositi
1332 5117 1407 5177 sunt,
1423 5116 1449 5164 et
1459 5113 1547 5164 exiliis
1563 5111 1687 5171 nonnulii,
1705 5108 1749 5173 qni
1766 5107 1794 5157 in
