3809 5859
220 369 262 430 70
636 362 837 443 ennolion
857 363 1122 426 fllsnoninniin
1142 364 1217 426 LIB.
1242 366 1266 438 1,
1289 366 1392 425 iii-no.

220 498 271 579 γάρ
285 494 514 577 παρατεθήσεσθαι
527 494 679 575 πολιορκίαν
696 498 782 564 αὐτοῖς
794 495 873 577 μέχρι
883 498 992 571 πολλοῦ,
1045 503 1063 571 i,
1078 505 1172 578 πείρα,
1189 496 1218 557 ai
1232 499 1278 557 καί
1294 498 1325 556 τὸ
1337 504 1391 555 πᾶν
1402 496 1561 571 ίδυνήθησαν
1592 496 1817 575 κατεργάσασθαι

222 585 268 650 καί
284 583 322 663 μή
341 584 368 653 ἒξ
389 586 531 664 ἐπιδρομῆς
556 582 601 663 βίορ
620 581 710 651 ὅπλοις
731 584 830 644 ἁλῶναι
851 583 900 659 δν,
923 580 993 665 Ιήπερ
1087 585 1166 647 xxi.
1191 583 1250 665 11ρ“ο
1270 584 1375 644 πόντιον
1396 583 1425 644 δί
1446 588 1492 643 τού
1515 589 1637 643 ναυτικοῦ
1661 584 1832 660 ίπεμίλετο,

221 672 372 753 ίάλωσαν),
394 677 472 731 τούτο
492 670 519 729 δὲ
539 671 612 751 παρδι
632 670 677 730 τδν
698 669 782 750 μίχαν
801 671 927 752 άρχιερία
946 677 994 744 τῆς
1046 672 1160 754 τριήρεις
1180 671 1226 740 τδς
1239 671 1287 750 μίν
1302 674 1334 731 ἐκ
1351 671 1409 730 νίου
1429 671 1656 752 ναυπηγούμενος,
1670 670 1760 739 vicit
1783 676 1829 753 τῷ

219 762 343 838 Ῥώμης,
355 750 377 841 ᾧ
389 758 434 818 καί
446 760 546 835 μᾶλλον
555 747 626 840 εἶχον
636 758 739 840 θαρρεῖν
743 806 754 839 ,
771 758 810 819 ίτι
825 760 851 818 δὲ
865 760 911 819 καί
919 759 994 840 παρδ
1048 760 1135 841 χρόνῳ
1148 758 1326 828 πεπονηκυίας
1336 763 1466 839 άνορθδιν,
1477 760 1523 826 τδις
1537 759 1566 818 δὲ
1578 760 1832 841 διαόρύχουςούσας

220 848 280 915 τοὺς
303 848 398 915 ἄλλους
420 844 549 925 ἡγεμόνας
570 850 617 918 τῆς
637 845 754 914 Ἰταλίας
769 847 815 906 καί
836 850 888 906 τῶν
903 849 990 907 ἄλλων
1047 848 1181 908 άνακεύων
1200 848 1247 909 καί
1261 848 1426 930 θεραπεύων·
1441 850 1480 908 ίτι
1497 847 1525 907 δί
1537 850 1617 909 πλοία
1631 849 1723 931 μακρά
1743 873 1831 909 κατε·

222 930 349 1019 ἑσπερίων
375 938 475 1013 γενῶν,
497 934 614 1012 δεόμενοι
637 933 793 1013 ξυμμαχίας
814 958 842 995 τε
863 934 909 995 καί
932 937 992 995 ίπι·
1047 937 1171 1009 σκεύαζε,
1193 935 1226 994 τί
1246 934 1274 995 ii
1293 936 1340 996 καί
1357 935 1548 1017 κατάφρακτα,
1562 938 1607 995 καί
1627 936 1739 1018 ταχείας
1755 943 1828 1004 ναῦς

222 1024 327 1105 κουρίας
341 1022 389 1096 τήν
404 1023 532 1104 ταχίστην
545 1030 651 1103 τυχεῖν,
664 1021 688 1082 εἴ
701 1045 730 1101 γε
748 1022 786 1099 μὴ
806 1022 926 1101 μίλλοιεν
935 1047 993 1083 κιν·
1047 1026 1244 1104 τριακοντόρους
1255 1048 1285 1085 τε
1298 1024 1345 1086 καί
1355 1027 1592 1104 πεντηκοντόρους,
1609 1023 1655 1083 καί
1669 1024 1719 1098 τὴν
1735 1028 1828 1100 ἄλλην

223 1113 351 1173 δυνεύσειν
364 1114 389 1171 ίν
405 1113 478 1189 ἀκμῇ
496 1110 621 1170 κινδύνων
645 1110 696 1182 ήδη
716 1110 917 1183 καθεστηκότες.
938 1113 994 1173 Καί
1049 1112 1078 1172 δί
1092 1112 1199 1171 άπασαν
1219 1114 1317 1172 τούτων
1339 1114 1479 1185 ἐπισκευήν
1493 1137 1522 1173 τε
1542 1112 1588 1171 καί
1602 1112 1695 1195 χρείαν
1715 1115 1830 1190 ίτοιμά·

222 1205 245 1263 σί
259 1200 307 1279 μὲν
321 1203 347 1259 ίν
360 1199 459 1267 τούτοις
475 1191 554 1272 ήσαν.
1051 1204 1101 1270 ζων
1113 1222 1143 1260 τι
1154 1192 1186 1273 ήν
1201 1200 1246 1259 καί
1260 1201 1438 1283 διορθούμενος
1451 1202 1492 1261 ότι
1505 1201 1635 1281 τάχιστα,
1648 1201 1762 1278 μηδενὸς
1772 1208 1834 1261 τῶν

263 1290 328 1351 XX.
342 1284 510 1353 Βασιλεύςδί
528 1285 693 1366 Μεχίμιτις,
713 1285 859 1358 ίπειδὴτδν
877 1288 994 1363 πόλεμον
1051 1292 1078 1356 ίς
1091 1294 1166 1349 τοῦτο
1185 1289 1314 1369 φερόντων
1328 1288 1487 1371 φειδόμενος.
1532 1291 1566 1366 (3)
1590 1289 1660 1367 11ρδς
1673 1289 1702 1348 δί
1720 1290 1830 1355 τούτοις

222 1379 352 1456 λαμπρῶς
366 1374 501 1454 ίζήνεγκεν
522 1374 588 1447 ήδη,
601 1375 647 1435 καί
661 1377 713 1433 τῶν
736 1372 786 1441 ίξω
802 1373 837 1433 τά
852 1373 899 1451 μὲν
914 1374 995 1434 κατί-
1050 1376 1171 1437 ναυτικόν
1196 1374 1327 1455 ξυνίλεχεν
1354 1381 1384 1438 ίιι
1406 1377 1496 1448 πάσης
1517 1380 1565 1449 τῆς
1586 1378 1664 1436 aito]
1687 1378 1833 1458 παραλίας

223 1470 307 1546 δραμε
321 1465 367 1525 καί
379 1463 523 1543 διήρπασε,
536 1464 571 1522 it
585 1464 613 1523 δί
628 1463 784 1537 ἀπέστησε,
799 1462 834 1523 τδι
845 1463 872 1522 δὲ
884 1463 995 1543 ἐχειρύν-
1050 1464 1172 1538 Ἀσιανῆς
1184 1492 1213 1525 τε
1228 1465 1274 1525 καί
1288 1465 1464 1544 Εὗρυνπαίας,
1486 1464 1575 1545 ίρίτας
1595 1488 1626 1523 τε
1638 1466 1684 1525 καί
1700 1467 1832 1546 θρανίτας

223 1577 299 1627 σατο,
313 1552 522 1633 παρεσκευάζετο
535 1550 591 1629 ἅμα
599 1544 643 1630 ἦρι
656 1550 702 1611 καί
716 1554 783 1629 αὐτῇ
794 1556 828 1631 τῇ
839 1550 915 1611 πόλει
927 1552 996 1611 κατά
1049 1552 1095 1613 καί
1109 1555 1253 1632 θαλαμίους
1266 1554 1312 1613 καί
1322 1553 1381 1620 τοὺς
1390 1552 1434 1613 inti
1447 1557 1499 1613 τιῖιν
1511 1554 1744 1633 καταστρωμάτων
1756 1556 1830 1612 tm·

223 1647 273 1719 γῆν
283 1642 328 1702 καί
341 1642 477 1702 θάλασσαν
490 1639 663 1723 προσόαλεῖν.
707 1638 741 1720 (i)
759 1638 814 1699 Καί
832 1644 926 1720 πρῶτα
945 1640 995 1717 μὲν
1049 1641 1188 1720 λεγόμενος
1200 1687 1209 1717 ,
1222 1642 1261 1701 ίτι
1275 1639 1305 1700 δί
1320 1640 1483 1723 κοόιρνήτας
1503 1640 1549 1701 καί
1563 1642 1721 1718 κελευστὰς,
1744 1665 1828 1721 τριη-

224 1729 316 1809 ξυνῆχε
336 1729 385 1798 τίς
405 1729 527 1805 δυνάμεις
549 1727 595 1787 καί
616 1727 773 1807 ξονεκρότει,
796 1728 841 1786 καί
865 1728 899 1787 τά
917 1751 998 1809 στρα-
1052 1726 1164 1808 ράρχους
1180 1752 1208 1787 τι
1228 1728 1275 1788 καί
1295 1728 1441 1809 ναυάρχους
1459 1728 1504 1789 καί
1527 1729 1702 1808 στρατηγούς·
1720 1730 1767 1789 καί
1793 1730 1831 1787 τά

224 1815 343 1895 τεύματα
363 1816 526 1897 πανταχόθεν
551 1815 711 1896 ξυνήθροιζιν
737 1812 767 1873 iu
788 1838 817 1873 τε
836 1815 924 1884 Ἀσίας
950 1815 995 1877 καί
1055 1817 1123 1875 ἄλλα
1143 1817 1172 1876 δδ
1190 1817 1359 1900 πληρώματα
1381 1822 1433 1877 τῶν
1445 1822 1510 1878 νεῶν
1525 1817 1593 1898 μετὰ
1612 1820 1712 1890 πολλῆς
1730 1823 1833 1895 imuni-

226 1905 373 1987 Εύρύιπης,
388 1906 487 1965 ἱππικά
499 1929 528 1964 τι
546 1904 591 1965 καί
605 1903 716 1975 πεζικά,
738 1902 776 1963 ίτι
793 1902 820 1963 δί
834 1904 946 1969 δπλίτας
969 1925 998 1962 τε
1053 1902 1126 1975 λείας
1137 1928 1167 1964 τε
1181 1906 1227 1965 καί
1239 1908 1353 1977 σπουδῆς
1367 1904 1527 1986 ίξτπλήρου·
1541 1906 1620 1966 πλόον
1635 1906 1687 1985 χδρ
1703 1908 1830 1986 1σχύσειν

226 1994 272 2059 καί
285 1992 393 2061 τοξότας
404 1992 451 2053 καί
463 1992 636 2073 σφενδονήτας
646 1989 780 2067 κατίλιγε,
790 1989 836 2047 καί
846 1987 999 2057 οίκοντιστίις
1056 1992 1081 2058 t<
1094 1992 1142 2064 τήν
1156 1992 1309 2073 πολιορκίαν
1323 2016 1351 2053 τε
1363 1995 1409 2053 καί
1422 1993 1467 2053 τὸν
1482 1994 1597 2071 πόλεμον
1605 1994 1688 2053 ίδόκει
1698 1996 1737 2074 τῷ
1753 1996 1831 2054 κατὰ

224 2080 271 2141 καί
289 2090 378 2141 πᾶσαν
409 2081 493 2151 άλλην
521 2079 593 2149 τάξιν
617 2077 754 2151 ίξήταζεν,
783 2076 852 2135 όπλα
867 2100 896 2137 τι
919 2100 1000 2137 κατε·
1053 2078 1189 2139 θάλασσαν
1201 2081 1345 2162 ναυτικῷῆ
1360 2105 1393 2162 τη
1409 2081 1478 2142 ioci
1497 2086 1546 2161 γῆν
1565 2091 1693 2163 στρατιᾷ,
1711 2082 1757 2140 καί
1782 2083 1831 2143 διδ

226 2168 349 2238 σκεύαζεν
359 2168 384 2235 ίς
395 2167 538 2248 ἀσφάλειαν
550 2169 602 2224 τῶν
612 2164 836 2244 προμαχομένων,
847 2164 961 2231 ἀσπίδας
971 2187 1000 2225 τε
1053 2172 1130 2226 τοῦτο
1143 2169 1175 2229 τδ
1184 2168 1263 2229 πλίον
1275 2169 1351 2245 ίνεμε
1363 2174 1410 2241 τῆς
1426 2169 1575 2244 ίπιμελιίας
1590 2172 1676 2250 αύτῷ,
1691 2171 1737 2229 καί
1748 2170 1831 2249 πάση

227 2258 273 2316 καὶ
287 2258 371 2336 κράνη
387 2256 432 2317 καίΙ
444 2255 563 2335 θώρακας
577 2252 623 2314 καί
639 2253 742 2334 θυρεούς
758 2252 849 2322 ἔξωθεν
868 2254 999 2333 καταφρά·
1054 2258 1155 2335 σπουδῇ
1173 2257 1220 2316 καί
1236 2259 1387 2339 προθυμία,
1399 2258 1508 2340 προσέτι
1519 2282 1550 2339 γε
1565 2257 1618 2335 μήν
1630 2257 1676 2317 καί
1689 2260 1827 2339 φιλοτιμίᾳ

227 2368 303 2413 κτους
318 2344 435 2427 σιδήρῳ,
453 2342 517 2423 πρὸς
531 2344 558 2405 δὲ
573 2342 638 2424 βιλη
652 2365 682 2401 τε
696 2340 741 2399 καί
756 2341 863 2401 άκύντια
875 2341 921 2401 καί
937 2341 997 2421 ξίφη
1051 2344 1117 2421 πρός
1136 2345 1167 2404 τδ
1191 2344 1265 2425 ίργον
1281 2347 1395 2425 ίχρῆτο,
1414 2344 1546 2426 προύργου
1566 2370 1592 2405 τι
1611 2351 1690 2405 τούτο
1709 2348 1827 2424 νομίζων

227 2436 272 2495 καί
301 2434 349 2495 ύσα
375 2435 443 2494 είλλα
463 2438 488 2493 oi
506 2441 531 2501 t<
559 2430 732 2514 τειχομαχίαν
755 2429 838 2491 ίδόκει
863 2430 998 2500 ἐπιτήδεια
1055 2422 1129 2491 εἶναι.

228 2514 294 2582 ι’ίναι
305 2523 392 2583 πάντα
405 2523 472 2600 μετὰ
485 2525 583 2595 πολλῆς
595 2526 676 2581 ἐποίει
691 2523 816 2592 σπουδῆς·
826 2516 891 2600 πρὸς
901 2514 927 2579 ii
939 2518 999 2580 τού·
1094 2523 1190 2586 xxti.
1210 2520 1257 2582 Ἐν
1267 2521 1368 2589 τούτοις
1381 2522 1404 2579 δ’
1415 2520 1486 2590 ὄντος
1496 2524 1576 2581 αὐτοῦ
1594 2522 1640 2582 καί
1653 2545 1830 2601 παρασκευα-

228 2635 281 2680 τοις
295 2611 416 2691 μηχανάς
438 2611 613 2681 κατεσκεύαζε
633 2613 671 2690 τῷ
686 2610 769 2689 τείχει
788 2608 929 2681 παντοίας,
952 2610 999 2677 τάς
1055 2612 1163 2687 ζομίνου
1175 2610 1318 2690 χειμῶνος,
1331 2608 1378 2671 καί
1391 2610 1421 2671 τὸ
1437 2611 1486 2692 ἔαρ
1499 2609 1636 2693 ύπόφαινεν
1651 2608 1720 2681 ήδη,
1733 2610 1778 2669 καί
1794 2610 1823 2676 δς

226 2724 254 2760 τε
270 2700 351 2767 σίλλας
364 2701 410 2759 καί
423 2701 469 2769 τάς
484 2699 654 2780 πετρούόλους
666 2697 697 2770 δή
708 2697 804 2765 ταύτας
820 2696 895 2779 (καί)
908 2696 1001 2756 νιωτί·
1055 2697 1129 2764 εὐθύς
1142 2698 1189 2766 τίς
1210 2701 1258 2775 μίν
1273 2705 1336 2763 ναῦς
1349 2700 1545 2783 παρεσκεύαζεν
1567 2704 1593 2769 ἐς
1613 2696 1752 2780 ἀναγωγήν
1772 2699 1831 2760 tini

228 2814 285 2872 ρας,
301 2797 412 2868 πρᾶγμα
427 2787 496 2856 ξίνον
511 2786 555 2847 καί
568 2791 604 2854 είς
622 2785 701 2858 ἀκοήν
716 2787 839 2859 ἄπιστον,
860 2788 895 2852 iii<
909 2784 1003 2853 ἔδειξεν
1058 2786 1275 2854 Καλλιουπόλιως
1299 2789 1368 2869 [ἐκεῖ
1386 2788 1437 2869 γάρ
1460 2782 1527 2862 ήσαν
1548 2791 1621 2869 αύτῷ
1638 2788 1825 2869 ξυνηχμίναι),

228 2959 272 3022 qui
289 2958 315 3007 in
329 2958 477 3007 tesnmenm
493 2968 539 3003 sno
553 2953 619 3017 opud
635 2954 735 3004 Munatii
746 2953 771 3003 in
786 2952 839 3003 vito
852 2952 946 3003 Niooiai
960 2955 992 3014 V,
1006 2953 1051 3003 lib.
1068 2958 1083 3003 3
1097 2957 1201 3013 (Μυσοί.
1214 2958 1259 3015 111,
1273 2963 1298 3018 3,
1316 2970 1341 3019 μ.
1356 2956 1416 3019 335)
1430 2956 1463 3006 do
1480 2955 1520 3005 his
1537 2955 1573 3005 ito
1586 2954 1662 3007 habat
1680 2958 1829 3007 :comitam-

229 3031 279 3081 ttui
292 3028 456 3091 imperatorii
469 3024 628 3083 oratorium,
636 3028 679 3089 qut
691 3023 729 3074 ati
740 3038 787 3075 ιιοι
801 3024 962 3087 impetrandi
975 3022 1077 3087 [auaris
1087 3027 1175 3085 qratia
1185 3028 1319 3088 uenerant,
1331 3027 1409 3077 ciana
1418 3028 1442 3076 at
1454 3029 1548 3089 aperta
1557 3028 1726 3089 reipamiom
1736 3031 1828 3077 omitia

224 3096 353 3164 prasidio
371 3098 462 3147 mitra
478 3096 581 3157 panim
592 3096 787 3158 pecuniarum,
816 3096 918 3157 partim
940 3096 1103 3159 triremium,
1120 3097 1221 3157 partim
1243 3095 1410 3147 terrestrium
1430 3098 1611 3154 examitum,
1630 3100 1732 3158 parata
1751 3102 1776 3147 ot
1799 3102 1828 3147 ιἰι

225 3170 355 3235 promptu
366 3178 421 3216 σεισ
431 3164 539 3229 [oroque
550 3163 764 3227 itqntfioantmui',
773 3166 797 3212 ot
808 3166 872 3227 quta
884 3166 977 3215 nostra
984 3162 1117 3213 domarat
1125 3164 1243 3215 substitio
1254 3164 1448 3215 adamandam
1459 3168 1485 3215 et
1497 3164 1676 3215 amovendam
1689 3179 1707 3216 a
1720 3169 1830 3217 mroici-

228 3239 336 3296 θιυειιίι
346 3235 506 3285 obstinatam
520 3233 597 3285 ittam
609 3236 646 3285 tot
661 3235 825 3283 tmmantunn
833 3235 1023 3297 tantarumque
1037 3234 1213 3284 tartarorum
1227 3236 1343 3299 qentium
1359 3235 1516 3287 obsidionem
1528 3248 1698 3299 nequaquam
1710 3234 1830 3300 sistram

226 3320 304 3373 ροισι
323 3303 530 3364 arbitrabamur,
547 3306 712 3362 monuimus,
734 3307 765 3354 ut
779 3302 817 3354 aa
830 3304 941 3353 ederem
961 3302 1098 3365 quamiam
1117 3305 1233 3354 aliorum
1245 3304 1460 3355 Christianorum
1473 3304 1602 3369 saoomim
1618 3308 1830 3367 impetrationem

229 3380 352 3431 animum
362 3376 531 3439 nnautmnqua
543 3374 720 3437 converterit,
735 3386 767 3423 ao
783 3373 901 3424 substitio
918 3375 1010 3424 nostra
1029 3377 1104 3426 carta
1121 3376 1145 3423 et
1160 3387 1226 3425 aera
1248 3377 1385 3439 tamquam
1392 3376 1479 3427 solida
1488 3376 1608 3440 quartam
1617 3379 1765 3426 ceterorum
1772 3392 1829 3427 om·

229 3453 306 3501 mium
315 3444 496 3510 fundamenta
506 3456 609 3509 νειιιρετ
617 3448 718 3508 parata
731 3458 783 3496 esse
794 3445 1060 3511 iutetttqeret,oioque
1068 3444 1174 3495 tritium
1183 3446 1291 3496 motum
1301 3449 1392 3497 nostro
1403 3450 1512 3497 nomino
1525 3446 1588 3496 otiis
1602 3447 1766 3511 principiani
1783 3463 1830 3497 re·

229 3519 353 3585 quousque
364 3516 533 3567 denuntiaret
537 3551 595 3564 ......
605 3518 638 3565 m
651 3527 731 3578 quum
745 3517 862 3566 oratores
871 3518 978 3565 nonnisi
991 3516 1129 3579 qemeratta
1138 3528 1263 3578 respousa
1276 3517 1434 3579 retulissent,
1444 3531 1475 3566 ro
1492 3515 1593 3580 intorta
1607 3516 1645 3566 ad
1655 3529 1703 3565 ιιοσ
1715 3518 1828 3568 rediere.

229 3593 290 3642 liaeo
309 3601 354 3650 ago
368 3586 484 3649 exscripsi
496 3584 679 3637 exzmioisonii
692 3585 752 3635 hist.
767 3585 826 3649 imp.
845 3598 907 3635 osio.
926 3590 948 3645 1,
960 3600 984 3649 μ.
1001 3591 1058 3648 331,
1072 3585 1118 3636 nbi
1128 3586 1194 3637 vido.
1204 3586 1273 3636 iiiiii
1283 3587 1388 3650 [antiton
1407 3587 1529 3637 isidorum
1544 3585 1700 3645 cardinalem,
1714 3587 1758 3649 qni
1775 3590 1828 3638 Ge-

229 3659 316 3713 nuonsi
332 3671 393 3708 nove
408 3656 644 3721 Constantinopolim
666 3655 732 3706 vonit
749 3669 833 3706 manso
855 3656 988 3706 Novembri
1005 3660 1065 3708 1453
1075 3658 1171 3722 (Duoos
1182 3669 1206 3720 μ.
1220 3662 1274 3716 333,
1288 3660 1326 3719 9).

260 3729 336 3793 11114
350 3733 371 3779 1,
385 3726 532 3792 Μιχὲμιτις]
543 3728 583 3777 Sic
597 3726 705 3777 otiannin
719 3739 772 3789 sqq.
796 3740 821 3775 o.
839 3731 878 3775 311.
891 3729 930 3775 31.
949 3732 989 3777 33.
1005 3731 1043 3777 33.
1055 3732 1085 3777 13
1101 3731 1127 3777 ει
1141 3726 1232 3789 possim
1243 3741 1331 3777 nomon
1341 3726 1406 3791 rogia
1418 3731 1544 3779 εεετείυτ.
1559 3728 1571 3791 ΙΙ
1586 3730 1666 3774 -ιῶν
1680 3727 1723 3781 tta
1736 3726 1768 3775 τὰ
1780 3728 1828 3788 μὲν

229 3803 359 3864 κατέδραμε
371 3800 429 3863 σία]
444 3798 530 3848 Vicina
540 3796 609 3847 urbis
618 3800 675 3847 onia
684 3796 842 3848 machometis
855 3796 989 3846 adventum
1006 3796 1132 3847 caninias
1144 3801 1293 3847 voatoverot
1311 3802 1346 3848 v.
1362 3800 1426 3847 Duo.
1441 3813 1466 3861 ρ.
1480 3802 1534 3859 333,
1551 3803 1574 3849 3.
1584 3797 1714 3847 intimus
1722 3808 1747 3859 μ.
1768 3802 1827 3859 333,

232 3878 269 3922 io.
279 3869 442 3921 cnotcoeond.
455 3883 479 3933 μ.
488 3873 543 3929 333,
557 3874 578 3919 1.
594 3867 665 3931 i!-§
675 3875 697 3918 3.
706 3867 1023 3932 ταςπετροόὸλουςβετθετο
1034 3873 1058 3932 p.
1073 3871 1087 3917 3
1100 3888 1107 3918 ν
1121 3866 1170 3918 ital
1179 3879 1256 3917 maxe
1270 3868 1303 3917 de
1313 3872 1410 3920 θεοισν
1423 3868 1449 3918 εί
1461 3871 1545 3919 turco
1555 3867 1672 3920 tomento
1683 3868 1830 3920 ακιαιιάαι·

230 3943 255 3994 ίε
268 3956 315 3993 ευσ
325 3940 535 3993 bombardoroso
550 3938 779 4001 Corutantinopott
792 3938 992 4001 acompaqmatio
1003 3950 1053 3989 oon
1069 3937 1166 3989 Turoni
1182 3937 1362 3989 dteaemiitia.
1374 3938 1508 3990 Phrontzoa
1517 3954 1541 4003 μ.
1557 3944 1611 4001 337,
1629 3935 1770 4001 sz'tqiqm
1782 3941 1830 4003 γὰρ

180 4054 186 4080 ,
229 4012 365 4071 τηλεθύλοος
381 4011 480 4068 πολλός,
492 4010 516 4067 ἐξ
535 4011 612 4059 αὐτῶν
624 4010 649 4059 nt
666 4025 725 4065 τινες
736 4014 850 4059 τοσοῦτον
864 4011 972 4073 ὑπῆρχον
985 4011 1018 4065 τίς
1030 4010 1140 4073 μέγεθος,
1159 4009 1187 4064 i<
1204 4008 1248 4057 ούκ
1259 4009 1369 4059 ἐδύναντο
1387 4008 1563 4071 τεσσαράκοντα
1580 4011 1650 4070 ζεύγη
1670 4008 1733 4069 βοῦν
1751 4010 1830 4073 σύρειν

230 4082 332 4139 ίκιίστην
353 4082 430 4131 αὐτῶν
446 4084 461 4139 ἡ
478 4082 518 4129 καί
535 4082 680 4139 πεντήκοντα
696 4081 764 4141 ζεύγη
776 4080 816 4128 καὶ
826 4080 895 4129 πλέον
910 4081 925 4138 ἢ
936 4080 979 4130 δύο
992 4078 1093 4143 χιλιάδες
1106 4080 1242 4143 ἀνθρώπων.
1258 4080 1295 4129 De
1308 4078 1441 4129 bonnarii
1455 4079 1571 4140 maximo,
1582 4091 1660 4141 quom
1673 4076 1828 4144 idriinopoii

230 4152 345 4202 omanus
358 4153 489 4214 ilungaros
500 4152 590 4201 facerat
601 4155 639 4211 (ν.
650 4152 733 4199 Ducis
743 4165 767 4214 μ.
787 4153 831 4200 317
846 4154 871 4201 ot
884 4154 938 4203 313.
950 4150 1114 4201 Ghoioooond.
1133 4164 1161 4214 μ.
1175 4150 1250 4214 333),
1263 4149 1297 4199 ito
1309 4150 1386 4200 homi
1398 4153 1482 4200 Duooo
1493 4163 1518 4214 μ.
1531 4154 1577 4201 tit
1590 4171 1598 4199 ι
1609 4153 1659 4200 Τοῦ
1670 4151 1830 4213 niumm

230 4222 339 4286 ἄρξαντος
360 4222 467 4270 ἐκέλευσε
483 4222 524 4279 τὴν
541 4221 641 4283 χωνείαν
663 4222 860 4283 μετακομισθῆναι
878 4222 902 4269 ίν
916 4227 946 4285 τῇ
960 4220 1222 4280 ίίωνσταντινουπόλει,
1238 4222 1278 4269 καί
1294 4222 1371 4277 ζεύξας
1392 4221 1483 4282 ἀμάξας
1502 4220 1642 4283 τριάκοντα,
1666 4219 1742 4269 ιίλαον
1757 4220 1828 4279 αὐτὴν

230 4292 327 4341 ὄπισθεν
337 4294 359 4340 ot
374 4292 391 4346 ξ’
403 4291 465 4354 βόες,
475 4293 536 4353 λέγω
546 4291 598 4354 βόες
608 4294 670 4354 βοῶν
683 4289 815 4353 (Leonard.
828 4290 926 4341 Chions.
937 4305 962 4355 μ.
975 4297 1022 4343 313
1033 4310 1040 4340 ι
1051 4303 1133 4356 quam
1147 4293 1194 4341 uta
1204 4288 1283 4339 boum
1292 4292 1481 4354 quinquaqinta
1489 4293 1596 4340 contum
1603 4290 1675 4353 juqa
1683 4289 1827 4353 υεθεθειιίγ

231 4364 272 4413 καί
292 4364 318 4411 ἐκ
334 4362 434 4422 πλαγίου
447 4364 491 4423 ,τῆς
503 4362 601 4425 χωνείας
613 4364 692 4426 ἄνδρες
705 4363 737 4423 a',
747 4364 787 4411 καὶ
800 4364 832 4419 εἰς
842 4364 869 4412 τὸ
878 4364 950 4413 iuuat
964 4366 997 4420 είς
1007 4365 1035 4412 τὸ
1048 4363 1273 4423 θτερον,τοι”ιί1κιιν
1288 4362 1328 4411 καί
1342 4364 1432 4419 ίξισούν
1454 4362 1542 4423 αύτήν,
1554 4362 1595 4410 iia
1612 4362 1646 4423 μή
1657 4362 1776 4420 ὸλισύήσει
1787 4369 1827 4411 τοὶ

231 4432 333 4497 δρόμου·
350 4433 390 4481 καί
403 4432 533 4495 ἔμπροσθεν
545 4437 592 4480 τῶν
608 4434 703 4494 ἁμαξῶν
715 4434 819 4488 τέκτονες
831 4439 860 4491 ν’,
876 4437 918 4483 τοῦ
937 4433 1121 4490 κατασκευάζειν
1139 4431 1238 4495 γεφύρας
1254 4430 1406 4488 ξυλίνουςέίς
1421 4432 1463 4487 τὰς
1482 4432 1618 4493 ἀνωμαλίας
1635 4438 1677 4489 τῆς
1696 4433 1766 4491 δδού,
1785 4435 1826 4481 καί

232 4503 327 4570 ίργάται
341 4502 384 4551 σύν
398 4504 476 4557 αὐτοῖς
486 4510 517 4551 α’.
533 4501 647 4560 Ἐποίησε
658 4509 715 4565 γοῦν
736 4504 777 4552 τὸν
791 4504 949 4568 Φεύρουόιριον
967 4504 1007 4553 καὶ
1024 4503 1126 4566 Μάρτιον
1136 4504 1182 4559 ἕως
1197 4503 1225 4551 ού
1236 4503 1382 4561 κατήντησεν
1400 4504 1425 4552 ἐν
1436 4504 1503 4565 τύπῳ
1513 4502 1607 4566 μακρὰν
1616 4508 1659 4561 τῆς
1678 4502 1769 4557 πόλεως
1780 4502 1827 4553 ἀπὸ

233 4575 316 4638 μιλίων
331 4573 342 4622 ί
363 4571 405 4635 (i).
425 4571 519 4622 Deinde
529 4570 688 4623 bombardoin
702 4573 770 4622 iiiam
789 4574 887 4634 ἔστησεν
904 4575 928 4624 ὲν
942 4580 972 4637 τῇ
984 4575 1047 4635 πύλη
1064 4578 1106 4622 τού
1119 4574 1188 4634 ἁγίου
1200 4574 1326 4635 ‘Pomm-i
1344 4574 1444 4631 πλησίον
1457 4572 1554 4635 (θύσειε
1562 4584 1588 4635 μ.
1601 4574 1658 4641 373,
1672 4571 1710 4635 1).
1725 4572 1828 4623 chaim-

232 4643 304 4702 nood.
314 4657 339 4707 μ.
353 4647 408 4702 333,
425 4648 455 4693 33
469 4656 581 4707 magnam
598 4642 756 4694 bombnniom
772 4646 867 4695 ionum
886 4642 962 4695 tuisse
975 4644 1037 4694 dicit
1051 4647 1084 4700 ὡς
1097 4646 1167 4706 ζεύγη
1179 4646 1242 4707 βοῶν
1256 4646 1331 4693 ἕλκειν
1342 4644 1502 4706 titinium
1510 4644 1552 4691 καὶ
1563 4643 1646 4706 ἀνδρας
1658 4644 1684 4699 ic
1694 4642 1825 4705 δισχιλίας.

231 4713 376 4766 critobulus
385 4712 461 4777 hujus
474 4712 615 4765 bombardae
630 4726 680 4763 non
694 4713 812 4775 meminit,
830 4714 873 4765 ood
882 4714 914 4765 de
929 4714 991 4776 olii,
1005 4727 1063 4778 qua
1076 4713 1211 4765 obsidionis
1223 4718 1332 4778 tompore
1350 4714 1375 4763 in
1387 4714 1447 4777 iqoii
1459 4713 1547 4763 mitris
1565 4712 1670 4763 oontiiti
1689 4712 1735 4773 sit,
1747 4716 1829 4762 nonai

232 4801 285 4839 ο.ε
303 4792 361 4847 .39,
376 4783 422 4835 ubi
436 4784 501 4834 vide.
518 4785 528 4847 ΙΙ
540 4810 571 4820 -

263 4799 330 4909 XPXI.
349 4855 364 4919 §
383 4854 576 4919 1.Διαύρο’χους]
592 4856 632 4905 (71.
643 4854 755 4917 Τίιιιυγιί.
766 4858 791 4915 7,
810 4861 838 4907 13
850 4874 857 4905 ι
876 4862 928 4916 νῆες
942 4857 1063 4920 διάδροχοι
1074 4862 1188 4906 τοσοῦτον
1201 4856 1284 4920 χμῖνον
1293 4858 1338 4916 ἠδη
1353 4856 1549 4908 θαλασσεύονσαι.
1563 4855 1575 4919 ΙΙ
1592 4886 1619 4897 -
1633 4855 1764 4920 ἀναπαύων]
1772 4858 1825 4905 Vox

230 4926 287 4979 iiiii
300 4941 349 4977 non
370 4926 452 4985 obvio,
467 4929 586 4988 quantum
604 4926 692 4987 εείωιις
707 4930 816 4977 υίίυινιυιι
832 4927 910 4977 ini-in
924 4928 1040 4991 usurpari
1056 4941 1101 4992 μιο
1116 4929 1230 4990 immuni,
1249 4928 1330 4989 δαείω,
1343 4927 1418 4977 imin
1440 4927 1466 4976 in
1476 4926 1562 4976 Ionicis
1573 4926 1727 4991 ρετίύθεῑυτ.

260 5000 333 5047 xxii.
352 4996 614 5061 51.“11γιμο’να.,.τὸν
628 4996 750 5061 σατράπην
763 4997 969 5062 Καλλιουπόλεως]
985 5000 1044 5047 iimo
1057 4998 1083 5047 111
1100 4997 1209 5061 margine
1224 4998 1376 5061 supplentur.
1389 4998 1524 5058 Παλτόγλης
1546 4996 1613 5060 apud
1630 4995 1827 5049 Moroumnnum

228 5067 389 5131 σ.1.μ.13ε
409 5066 508 5117 turcicis
527 5060 695 5131 εοτίμίοίίθιιε,
713 5071 740 5116 nt
755 5067 861 5128 vitietur,
879 5071 983 5118 voootor
996 5068 1141 5131 Battaoqtu
1151 5068 1291 5119 Sutatman
1301 5068 1358 5129 Bej.
1373 5066 1445 5129 Apud
1462 5066 1690 5128 coatmoonoynm,
1699 5078 1727 5127 μ.
1743 5070 1797 5123 3311,
1810 5069 1827 5114 i

228 5136 313 5188 editur
328 5138 478 5200 Παντόγληςς
494 5137 554 5188 ibid.
574 5151 598 5202 p.
610 5144 665 5202 519,
682 5143 699 5188 9
716 5140 849 5200 Παιτύγλης
862 5140 1055 5195 Καλλιουπόλεως
1069 5140 1190 5203 ύιταρχοςς
1205 5152 1245 5203 op.
1264 5137 1419 5188 iaeonordnm
1437 5138 1536 5188 Chiam.
1554 5152 1579 5201 μ.
1593 5140 1638 5187 333
1655 5133 1826 5197 antinoitas,

228 5210 312 5260 Πάλδε
323 5208 387 5272 apud
401 5211 496 5259 Ducam
505 5223 530 5273 p.
547 5213 601 5273 370,
618 5218 641 5272 ii,
655 5210 696 5261 11111
711 5211 838 5262 ι’11νδὲό
853 5212 973 5275 ἅνθρωπος
984 5211 1011 5261 τὸ
1025 5207 1095 5274 ’γίνος
1111 5212 1139 5260 ἐκ
1155 5215 1204 5259 τῶν
1222 5210 1362 5275 Bounimon
1376 5211 1460 5270 ίλκων,
1479 5209 1541 5267 τινὀς
1554 5214 1601 5259 τῶν
1615 5206 1734 5273 ἀρχόντων
1750 5209 1826 5257 timi-
