<?xml version="1.0" encoding="UTF-8"?>
<!DOCTYPE html PUBLIC "-//W3C//DTD XHTML 1.0 Transitional//EN"
    "http://www.w3.org/TR/xhtml1/DTD/xhtml1-transitional.dtd">
<html xmlns="http://www.w3.org/1999/xhtml" xml:lang="en" lang="en">
 <head>
  <title>
</title>
<meta http-equiv="Content-Type" content="text/html;charset=utf-8" />
  <meta name='ocr-system' content='tesseract 3.04.00' />
  <meta name='ocr-capabilities' content='ocr_page ocr_carea ocr_par ocr_line ocrx_word'/>
</head>
<body>
  <div class='ocr_page' id='page_1' title='image "./fragmentahistor01langgoog/fragmentahistor01langgoog_0519.png"; bbox 0 0 3809 5859; ppageno 0'>
   <div class='ocr_carea' id='block_1_1' title="bbox 853 338 1750 433">
    <p class='ocr_par' dir='ltr' id='par_1_1' title="bbox 853 338 1750 433">
     <span class='ocr_line' id='line_1_1' title="bbox 853 338 1750 433; baseline 0 -36"><span class='ocrx_word' id='word_1_1' title='bbox 853 338 1750 433; x_wconf 77' lang='lat' dir='ltr'>annauna.1,.,·</span> 
     </span>
    </p>
   </div>
   <div class='ocr_carea' id='block_1_2' title="bbox 149 428 1747 2397">
    <p class='ocr_par' dir='ltr' id='par_1_2' title="bbox 151 428 1746 643">
     <span class='ocr_line' id='line_1_2' title="bbox 190 428 1746 577; baseline 0.013 -53"><span class='ocrx_word' id='word_1_2' title='bbox 190 462 235 524; x_wconf 86' lang='lat' dir='ltr'>lb.</span> <span class='ocrx_word' id='word_1_3' title='bbox 245 484 277 543; x_wconf 88' lang='lat' dir='ltr'>p.</span> <span class='ocrx_word' id='word_1_4' title='bbox 292 484 322 537; x_wconf 87' lang='lat'>7,</span> <span class='ocrx_word' id='word_1_5' title='bbox 336 484 369 523; x_wconf 92' lang='grc' dir='ltr'>ιι</span> <span class='ocrx_word' id='word_1_6' title='bbox 381 465 445 547; x_wconf 72' lang='lat' dir='ltr'>cpi&lt;</span> <span class='ocrx_word' id='word_1_7' title='bbox 463 464 553 539; x_wconf 77' lang='grc' dir='ltr'><strong>αὑτὸν]</strong></span> <span class='ocrx_word' id='word_1_8' title='bbox 565 465 713 545; x_wconf 82' lang='grc' dir='ltr'><strong>τρίισαυτὸν</strong></span> <span class='ocrx_word' id='word_1_9' title='bbox 726 467 786 548; x_wconf 81' lang='lat' dir='ltr'>(sic)</span> <span class='ocrx_word' id='word_1_10' title='bbox 802 428 905 532; x_wconf 87' lang='lat' dir='ltr'><strong>codex.</strong></span> <span class='ocrx_word' id='word_1_11' title='bbox 916 471 947 530; x_wconf 91' lang='lat' dir='ltr'>Si</span> <span class='ocrx_word' id='word_1_12' title='bbox 961 472 1081 532; x_wconf 87' lang='lat' dir='ltr'>mavelis</span> <span class='ocrx_word' id='word_1_13' title='bbox 1093 494 1157 553; x_wconf 80' lang='grc' dir='ltr'><strong>προς</strong></span> <span class='ocrx_word' id='word_1_14' title='bbox 1167 473 1244 534; x_wconf 83' lang='grc' dir='ltr'><strong>αθτον</strong></span> <span class='ocrx_word' id='word_1_15' title='bbox 1256 495 1321 534; x_wconf 90' lang='lat' dir='ltr'>cum</span> <span class='ocrx_word' id='word_1_16' title='bbox 1331 474 1505 552; x_wconf 86' lang='lat' dir='ltr'>Weschero,</span> <span class='ocrx_word' id='word_1_17' title='bbox 1515 479 1591 577; x_wconf 84' lang='lat' dir='ltr'>nibil</span> <span class='ocrx_word' id='word_1_18' title='bbox 1606 483 1746 561; x_wconf 77' lang='lat' dir='ltr'>refragor.</span> 
     </span>
     <span class='ocr_line' id='line_1_3' title="bbox 151 560 780 643; baseline 0 -21"><span class='ocrx_word' id='word_1_19' title='bbox 151 560 313 641; x_wconf 87' lang='lat' dir='ltr'>Utrumque</span> <span class='ocrx_word' id='word_1_20' title='bbox 324 560 498 621; x_wconf 90' lang='lat' dir='ltr'>insolentius</span> <span class='ocrx_word' id='word_1_21' title='bbox 512 562 621 623; x_wconf 89' lang='lat' dir='ltr'>dietum</span> <span class='ocrx_word' id='word_1_22' title='bbox 636 584 691 643; x_wconf 93' lang='lat' dir='ltr'>pro</span> <span class='ocrx_word' id='word_1_23' title='bbox 704 568 740 633; x_wconf 83' lang='grc' dir='ltr'>εἰς</span> <span class='ocrx_word' id='word_1_24' title='bbox 753 590 780 623; x_wconf 87' lang='grc' dir='ltr'><strong>α.</strong></span> 
     </span>
    </p>

    <p class='ocr_par' dir='ltr' id='par_1_3' title="bbox 192 656 1592 747">
     <span class='ocr_line' id='line_1_4' title="bbox 192 656 1592 747; baseline 0.012 -30"><span class='ocrx_word' id='word_1_25' title='bbox 192 659 222 732; x_wconf 99' lang='grc'><strong>5,</strong></span> <span class='ocrx_word' id='word_1_26' title='bbox 239 679 266 730; x_wconf 91' lang='grc' dir='ltr'>ι,</span> <span class='ocrx_word' id='word_1_27' title='bbox 282 679 312 737; x_wconf 88' lang='lat' dir='ltr'>p.</span> <span class='ocrx_word' id='word_1_28' title='bbox 331 679 360 732; x_wconf 86' lang='lat'>7,</span> <span class='ocrx_word' id='word_1_29' title='bbox 377 678 411 717; x_wconf 81' lang='grc' dir='ltr'>αι</span> <span class='ocrx_word' id='word_1_30' title='bbox 433 660 457 716; x_wconf 86' lang='grc' dir='ltr'>οἱ</span> <span class='ocrx_word' id='word_1_31' title='bbox 472 656 500 717; x_wconf 75' lang='grc' dir='ltr'>δὲ</span> <span class='ocrx_word' id='word_1_32' title='bbox 515 658 732 740; x_wconf 74' lang='grc' dir='ltr'><strong>Λακεδαιμόνιοι]</strong></span> <span class='ocrx_word' id='word_1_33' title='bbox 747 661 869 722; x_wconf 76' lang='lat' dir='ltr'>Praestat</span> <span class='ocrx_word' id='word_1_34' title='bbox 881 664 961 741; x_wconf 88' lang='lat' dir='ltr'>quod</span> <span class='ocrx_word' id='word_1_35' title='bbox 974 664 1145 725; x_wconf 85' lang='lat' dir='ltr'>Wescherus</span> <span class='ocrx_word' id='word_1_36' title='bbox 1159 666 1258 726; x_wconf 85' lang='lat' dir='ltr'><strong>dedit.</strong></span> <span class='ocrx_word' id='word_1_37' title='bbox 1272 670 1476 747; x_wconf 81' lang='grc' dir='ltr'><strong>Λακεδαιμόνιοι</strong></span> <span class='ocrx_word' id='word_1_38' title='bbox 1490 673 1529 733; x_wconf 86' lang='grc' dir='ltr'>δε.</span> <span class='ocrx_word' id='word_1_39' title='bbox 1588 672 1592 681; x_wconf 84' lang='grc'><strong>’</strong></span> 
     </span>
    </p>

    <p class='ocr_par' dir='ltr' id='par_1_4' title="bbox 189 754 1335 840">
     <span class='ocr_line' id='line_1_5' title="bbox 189 754 1335 840; baseline 0.009 -26"><span class='ocrx_word' id='word_1_40' title='bbox 189 758 219 829; x_wconf 89' lang='grc'>6,</span> <span class='ocrx_word' id='word_1_41' title='bbox 238 777 265 836; x_wconf 86' lang='grc' dir='ltr'>ι,</span> <span class='ocrx_word' id='word_1_42' title='bbox 279 776 352 834; x_wconf 87' lang='lat' dir='ltr'>p.9,</span> <span class='ocrx_word' id='word_1_43' title='bbox 371 777 416 817; x_wconf 82' lang='grc' dir='ltr'>ιο.</span> <span class='ocrx_word' id='word_1_44' title='bbox 432 754 585 837; x_wconf 72' lang='grc' dir='ltr'><strong>Παυσανίᾳ]</strong></span> <span class='ocrx_word' id='word_1_45' title='bbox 599 757 752 817; x_wconf 81' lang='grc' dir='ltr'><strong>Παυσανίου</strong></span> <span class='ocrx_word' id='word_1_46' title='bbox 765 759 844 837; x_wconf 85' lang='lat' dir='ltr'>conj.</span> <span class='ocrx_word' id='word_1_47' title='bbox 860 758 1004 820; x_wconf 86' lang='lat' dir='ltr'>Loehbach</span> <span class='ocrx_word' id='word_1_48' title='bbox 1011 782 1097 840; x_wconf 91' lang='lat' dir='ltr'>,quo</span> <span class='ocrx_word' id='word_1_49' title='bbox 1111 763 1196 822; x_wconf 82' lang='lat' dir='ltr'>facile</span> <span class='ocrx_word' id='word_1_50' title='bbox 1210 763 1335 824; x_wconf 86' lang='lat' dir='ltr'>carebis.</span> 
     </span>
    </p>

    <p class='ocr_par' dir='ltr' id='par_1_5' title="bbox 149 845 1747 1204">
     <span class='ocr_line' id='line_1_6' title="bbox 191 845 1747 946; baseline 0.011 -36.518"><span class='ocrx_word' id='word_1_51' title='bbox 191 872 312 931; x_wconf 86' lang='lat' dir='ltr'>7,1,p.</span> <span class='ocrx_word' id='word_1_52' title='bbox 336 872 383 924; x_wconf 90' lang='grc' dir='ltr'>ιο,</span> <span class='ocrx_word' id='word_1_53' title='bbox 407 852 435 925; x_wconf 94' lang='grc'>7.</span> <span class='ocrx_word' id='word_1_54' title='bbox 457 849 647 921; x_wconf 78' lang='grc' dir='ltr'><strong>κατεσκεύαζον</strong></span> <span class='ocrx_word' id='word_1_55' title='bbox 665 852 722 930; x_wconf 80' lang='grc' dir='ltr'><strong>[καὶ</strong></span> <span class='ocrx_word' id='word_1_56' title='bbox 743 855 854 932; x_wconf 77' lang='grc' dir='ltr'><strong>στρατὸν</strong></span> <span class='ocrx_word' id='word_1_57' title='bbox 878 858 1015 937; x_wconf 74' lang='grc' dir='ltr'>συνέλεγον</span> <span class='ocrx_word' id='word_1_58' title='bbox 1034 859 1092 939; x_wconf 75' lang='grc' dir='ltr'><strong>καί]</strong></span> <span class='ocrx_word' id='word_1_59' title='bbox 1115 860 1261 940; x_wconf 77' lang='grc' dir='ltr'><strong>χρημάτων</strong></span> <span class='ocrx_word' id='word_1_60' title='bbox 1279 866 1364 934; x_wconf 86' lang='grc' dir='ltr'><strong>θησαυ</strong></span> <span class='ocrx_word' id='word_1_61' title='bbox 1366 865 1520 946; x_wconf 82' lang='grc' dir='ltr'><strong>ρορυλοίκιον</strong></span> <span class='ocrx_word' id='word_1_62' title='bbox 1541 845 1697 940; x_wconf 78' lang='grc' dir='ltr'><strong>ίποεήσαντο</strong></span> <span class='ocrx_word' id='word_1_63' title='bbox 1719 872 1747 929; x_wconf 75' lang='lat' dir='ltr'>is</span> 
     </span>
     <span class='ocr_line' id='line_1_7' title="bbox 152 873 1747 1042; baseline 0.01 -34"><span class='ocrx_word' id='word_1_64' title='bbox 152 873 247 1029; x_wconf 64' lang='lat' dir='ltr'>dviii),</span> <span class='ocrx_word' id='word_1_65' title='bbox 261 946 413 1028; x_wconf 78' lang='grc' dir='ltr'><strong>[θοτέρῳδί</strong></span> <span class='ocrx_word' id='word_1_66' title='bbox 431 946 518 1029; x_wconf 79' lang='grc' dir='ltr'><strong>χρόνω</strong></span> <span class='ocrx_word' id='word_1_67' title='bbox 535 948 634 1027; x_wconf 59' lang='lat' dir='ltr'>qam</span> <span class='ocrx_word' id='word_1_68' title='bbox 648 952 730 1007; x_wconf 77' lang='lat' dir='ltr'>ix</span> <span class='ocrx_word' id='word_1_69' title='bbox 697 973 743 1021; x_wconf 79' lang='grc' dir='ltr'>της</span> <span class='ocrx_word' id='word_1_70' title='bbox 765 951 853 1022; x_wconf 69' lang='grc' dir='ltr'><strong>Δήλου</strong></span> <span class='ocrx_word' id='word_1_71' title='bbox 866 952 900 1012; x_wconf 81' lang='grc' dir='ltr'>τὰ</span> <span class='ocrx_word' id='word_1_72' title='bbox 917 954 1077 1035; x_wconf 78' lang='grc' dir='ltr'><strong>συναχθέντα</strong></span> <span class='ocrx_word' id='word_1_73' title='bbox 1100 968 1157 1019; x_wconf 83' lang='grc' dir='ltr'>οισ.</span> <span class='ocrx_word' id='word_1_74' title='bbox 1171 958 1312 1017; x_wconf 79' lang='lat' dir='ltr'>Biacheler</span> <span class='ocrx_word' id='word_1_75' title='bbox 1332 960 1489 1041; x_wconf 89' lang='lat' dir='ltr'>supplevit.</span> <span class='ocrx_word' id='word_1_76' title='bbox 1506 962 1540 1020; x_wconf 92' lang='lat' dir='ltr'>ln</span> <span class='ocrx_word' id='word_1_77' title='bbox 1561 963 1669 1042; x_wconf 87' lang='lat' dir='ltr'>quibus</span> <span class='ocrx_word' id='word_1_78' title='bbox 1687 985 1747 1024; x_wconf 78' lang='lat' dir='ltr'>vox</span> 
     </span>
     <span class='ocr_line' id='line_1_8' title="bbox 149 1042 1746 1159; baseline 0.011 -54"><span class='ocrx_word' id='word_1_79' title='bbox 149 1047 236 1106; x_wconf 77' lang='lat' dir='ltr'>adsta</span> <span class='ocrx_word' id='word_1_80' title='bbox 249 1065 267 1104; x_wconf 86' lang='lat' dir='ltr'>a</span> <span class='ocrx_word' id='word_1_81' title='bbox 281 1044 381 1124; x_wconf 83' lang='lat' dir='ltr'>verbis</span> <span class='ocrx_word' id='word_1_82' title='bbox 394 1042 429 1104; x_wconf 73' lang='grc' dir='ltr'>τὰ</span> <span class='ocrx_word' id='word_1_83' title='bbox 442 1045 602 1125; x_wconf 81' lang='grc' dir='ltr'><strong>συναχθέντα</strong></span> <span class='ocrx_word' id='word_1_84' title='bbox 618 1060 749 1124; x_wconf 88' lang='lat' dir='ltr'>separata</span> <span class='ocrx_word' id='word_1_85' title='bbox 762 1067 865 1126; x_wconf 88' lang='lat' dir='ltr'>parum</span> <span class='ocrx_word' id='word_1_86' title='bbox 887 1068 919 1109; x_wconf 85' lang='lat' dir='ltr'>se</span> <span class='ocrx_word' id='word_1_87' title='bbox 934 1051 1123 1112; x_wconf 81' lang='lat' dir='ltr'>commendat</span> <span class='ocrx_word' id='word_1_88' title='bbox 1138 1054 1257 1113; x_wconf 87' lang='lat' dir='ltr'>llcoedit</span> <span class='ocrx_word' id='word_1_89' title='bbox 1269 1056 1348 1134; x_wconf 91' lang='lat' dir='ltr'>quod</span> <span class='ocrx_word' id='word_1_90' title='bbox 1371 1080 1437 1117; x_wconf 88' lang='grc' dir='ltr'><strong>αντα</strong></span> <span class='ocrx_word' id='word_1_91' title='bbox 1459 1059 1490 1118; x_wconf 93' lang='lat' dir='ltr'>in</span> <span class='ocrx_word' id='word_1_92' title='bbox 1510 1060 1612 1120; x_wconf 88' lang='lat' dir='ltr'>codice</span> <span class='ocrx_word' id='word_1_93' title='bbox 1625 1075 1746 1159; x_wconf 79' lang='lat' dir='ltr'>accentu</span> 
     </span>
     <span class='ocr_line' id='line_1_9' title="bbox 150 1155 237 1205; baseline -0.04 -1"><span class='ocrx_word' id='word_1_94' title='bbox 150 1155 237 1205; x_wconf 86' lang='lat' dir='ltr'>caret.</span> 
     </span>
    </p>

    <p class='ocr_par' dir='ltr' id='par_1_6' title="bbox 189 1234 1011 1321">
     <span class='ocr_line' id='line_1_10' title="bbox 189 1234 1011 1321; baseline 0.006 -23"><span class='ocrx_word' id='word_1_95' title='bbox 189 1241 219 1312; x_wconf 88' lang='grc'>8,</span> <span class='ocrx_word' id='word_1_96' title='bbox 235 1257 252 1296; x_wconf 84' lang='lat' dir='ltr'>s</span> <span class='ocrx_word' id='word_1_97' title='bbox 257 1259 308 1317; x_wconf 92' lang='lat' dir='ltr'>,p.</span> <span class='ocrx_word' id='word_1_98' title='bbox 327 1257 374 1311; x_wconf 93' lang='grc' dir='ltr'>ιι,</span> <span class='ocrx_word' id='word_1_99' title='bbox 391 1234 611 1314; x_wconf 76' lang='grc' dir='ltr'><strong>55αυτοῢ]ίοι·ι.</strong></span> <span class='ocrx_word' id='word_1_100' title='bbox 628 1200 1011 1321; x_wconf 70' lang='lat' dir='ltr'>librasiilapsuprociccd.</span> 
     </span>
    </p>

    <p class='ocr_par' dir='ltr' id='par_1_7' title="bbox 150 1292 1746 1496">
     <span class='ocr_line' id='line_1_11' title="bbox 187 1292 1746 1473; baseline 0.011 -81"><span class='ocrx_word' id='word_1_101' title='bbox 187 1335 233 1397; x_wconf 91' lang='lat' dir='ltr'>lh.</span> <span class='ocrx_word' id='word_1_102' title='bbox 247 1356 278 1415; x_wconf 90' lang='lat' dir='ltr'>p.</span> <span class='ocrx_word' id='word_1_103' title='bbox 298 1356 376 1409; x_wconf 92' lang='grc' dir='ltr'>ιι,7</span> <span class='ocrx_word' id='word_1_104' title='bbox 392 1334 416 1393; x_wconf 92' lang='grc' dir='ltr'>οί</span> <span class='ocrx_word' id='word_1_105' title='bbox 435 1332 531 1414; x_wconf 80' lang='grc' dir='ltr'><strong>τρότερ</strong></span> <span class='ocrx_word' id='word_1_106' title='bbox 532 1357 556 1394; x_wconf 91' lang='grc' dir='ltr'>οι</span> <span class='ocrx_word' id='word_1_107' title='bbox 579 1333 751 1415; x_wconf 77' lang='grc' dir='ltr'><strong>πεμφθέντες]</strong></span> <span class='ocrx_word' id='word_1_108' title='bbox 773 1340 797 1397; x_wconf 91' lang='grc' dir='ltr'>οί</span> <span class='ocrx_word' id='word_1_109' title='bbox 822 1340 946 1420; x_wconf 79' lang='grc' dir='ltr'><strong>πρότερον</strong></span> <span class='ocrx_word' id='word_1_110' title='bbox 970 1364 1000 1401; x_wconf 85' lang='grc' dir='ltr'>ιτ.</span> <span class='ocrx_word' id='word_1_111' title='bbox 1020 1342 1172 1404; x_wconf 89' lang='lat' dir='ltr'>Biicheler.</span> <span class='ocrx_word' id='word_1_112' title='bbox 1189 1342 1288 1401; x_wconf 82' lang='lat' dir='ltr'>Malim</span> <span class='ocrx_word' id='word_1_113' title='bbox 1304 1356 1333 1402; x_wconf 91' lang='lat' dir='ltr'>et</span> <span class='ocrx_word' id='word_1_114' title='bbox 1353 1345 1431 1473; x_wconf 83' lang='lat' dir='ltr'>ipse,</span> <span class='ocrx_word' id='word_1_115' title='bbox 1446 1346 1497 1404; x_wconf 87' lang='lat' dir='ltr'>sed</span> <span class='ocrx_word' id='word_1_116' title='bbox 1517 1292 1648 1409; x_wconf 87' lang='lat' dir='ltr'>mutandi</span> <span class='ocrx_word' id='word_1_117' title='bbox 1667 1352 1746 1409; x_wconf 88' lang='lat' dir='ltr'>nulla</span> 
     </span>
     <span class='ocr_line' id='line_1_12' title="bbox 150 1437 315 1496; baseline -0.019 0"><span class='ocrx_word' id='word_1_118' title='bbox 150 1437 315 1496; x_wconf 79' lang='lat' dir='ltr'>necessitas.</span> 
     </span>
    </p>

    <p class='ocr_par' dir='ltr' id='par_1_8' title="bbox 149 1528 1744 1804">
     <span class='ocr_line' id='line_1_13' title="bbox 188 1528 1744 1618; baseline 0.006 -26"><span class='ocrx_word' id='word_1_119' title='bbox 188 1534 217 1602; x_wconf 81' lang='grc'><strong>8,</strong></span> <span class='ocrx_word' id='word_1_120' title='bbox 235 1532 251 1589; x_wconf 88' lang='grc'>3</span> <span class='ocrx_word' id='word_1_121' title='bbox 256 1552 311 1609; x_wconf 93' lang='lat' dir='ltr'>p.</span> <span class='ocrx_word' id='word_1_122' title='bbox 332 1551 378 1604; x_wconf 91' lang='grc' dir='ltr'>ιι,</span> <span class='ocrx_word' id='word_1_123' title='bbox 396 1532 430 1589; x_wconf 92' lang='grc' dir='ltr'>ι3</span> <span class='ocrx_word' id='word_1_124' title='bbox 446 1552 652 1609; x_wconf 81' lang='grc' dir='ltr'><strong>παραγενοαενοι</strong></span> <span class='ocrx_word' id='word_1_125' title='bbox 664 1528 734 1598; x_wconf 82' lang='grc' dir='ltr'>είς</span> <span class='ocrx_word' id='word_1_126' title='bbox 711 1554 740 1590; x_wconf 89' lang='grc' dir='ltr'>το</span> <span class='ocrx_word' id='word_1_127' title='bbox 755 1531 830 1609; x_wconf 76' lang='grc' dir='ltr'><strong>[αὐτὸ</strong></span> <span class='ocrx_word' id='word_1_128' title='bbox 846 1532 951 1611; x_wconf 77' lang='grc' dir='ltr'><strong>τέμενος</strong></span> <span class='ocrx_word' id='word_1_129' title='bbox 968 1534 1032 1614; x_wconf 83' lang='grc' dir='ltr'><strong>καί]</strong></span> <span class='ocrx_word' id='word_1_130' title='bbox 1046 1534 1152 1614; x_wconf 82' lang='grc' dir='ltr'>διπλῆν]</span> <span class='ocrx_word' id='word_1_131' title='bbox 1168 1536 1278 1595; x_wconf 87' lang='grc' dir='ltr'>Ηοιιιιιι</span> <span class='ocrx_word' id='word_1_132' title='bbox 1292 1538 1383 1596; x_wconf 90' lang='lat' dir='ltr'>loco</span> <span class='ocrx_word' id='word_1_133' title='bbox 1368 1560 1467 1617; x_wconf 86' lang='grc' dir='ltr'><strong>παραγ</strong></span> <span class='ocrx_word' id='word_1_134' title='bbox 1460 1540 1524 1598; x_wconf 62' lang='lat' dir='ltr'>ascl</span> <span class='ocrx_word' id='word_1_135' title='bbox 1544 1539 1618 1599; x_wconf 76' lang='grc' dir='ltr'><strong>αὐτοὶ</strong></span> <span class='ocrx_word' id='word_1_136' title='bbox 1636 1540 1697 1618; x_wconf 78' lang='grc' dir='ltr'><strong>[ὑπὸ</strong></span> <span class='ocrx_word' id='word_1_137' title='bbox 1712 1540 1744 1601; x_wconf 75' lang='lat' dir='ltr'>ch</span> 
     </span>
     <span class='ocr_line' id='line_1_14' title="bbox 149 1624 1744 1713; baseline 0.006 -27"><span class='ocrx_word' id='word_1_138' title='bbox 149 1624 254 1706; x_wconf 82' lang='grc' dir='ltr'><strong>τίμανος</strong></span> <span class='ocrx_word' id='word_1_139' title='bbox 272 1628 329 1707; x_wconf 83' lang='grc' dir='ltr'><strong>καί]</strong></span> <span class='ocrx_word' id='word_1_140' title='bbox 344 1628 439 1699; x_wconf 81' lang='grc' dir='ltr'>διπλῆν</span> <span class='ocrx_word' id='word_1_141' title='bbox 450 1628 633 1688; x_wconf 87' lang='lat' dir='ltr'>Wescherus.</span> <span class='ocrx_word' id='word_1_142' title='bbox 648 1627 739 1688; x_wconf 83' lang='lat' dir='ltr'>Voces</span> <span class='ocrx_word' id='word_1_143' title='bbox 755 1629 789 1695; x_wconf 85' lang='grc' dir='ltr'>εθς</span> <span class='ocrx_word' id='word_1_144' title='bbox 804 1628 834 1689; x_wconf 79' lang='grc' dir='ltr'>τὸ</span> <span class='ocrx_word' id='word_1_145' title='bbox 853 1644 937 1691; x_wconf 79' lang='lat' dir='ltr'>ccrtae</span> <span class='ocrx_word' id='word_1_146' title='bbox 957 1651 1020 1691; x_wconf 89' lang='lat' dir='ltr'>esse</span> <span class='ocrx_word' id='word_1_147' title='bbox 1046 1633 1176 1691; x_wconf 87' lang='lat' dir='ltr'><strong>codicem</strong></span> <span class='ocrx_word' id='word_1_148' title='bbox 1193 1633 1290 1691; x_wconf 88' lang='lat' dir='ltr'>denuo</span> <span class='ocrx_word' id='word_1_149' title='bbox 1304 1634 1472 1713; x_wconf 82' lang='lat' dir='ltr'>inspicienti</span> <span class='ocrx_word' id='word_1_150' title='bbox 1493 1634 1679 1699; x_wconf 85' lang='lat' dir='ltr'>videbantur.</span> <span class='ocrx_word' id='word_1_151' title='bbox 1693 1641 1744 1697; x_wconf 88' lang='lat' dir='ltr'>In-</span> 
     </span>
     <span class='ocr_line' id='line_1_15' title="bbox 150 1725 724 1804; baseline 0 -19"><span class='ocrx_word' id='word_1_152' title='bbox 150 1726 230 1785; x_wconf 80' lang='lat' dir='ltr'>clusa</span> <span class='ocrx_word' id='word_1_153' title='bbox 243 1744 280 1784; x_wconf 82' lang='lat' dir='ltr'>ex</span> <span class='ocrx_word' id='word_1_154' title='bbox 293 1726 359 1804; x_wconf 90' lang='lat' dir='ltr'>ipso</span> <span class='ocrx_word' id='word_1_155' title='bbox 373 1725 473 1785; x_wconf 86' lang='lat' dir='ltr'>codice</span> <span class='ocrx_word' id='word_1_156' title='bbox 486 1726 550 1785; x_wconf 89' lang='lat' dir='ltr'>erui</span> <span class='ocrx_word' id='word_1_157' title='bbox 567 1737 724 1801; x_wconf 89' lang='lat' dir='ltr'>nequeunt.</span> 
     </span>
    </p>

    <p class='ocr_par' dir='ltr' id='par_1_9' title="bbox 149 1820 1742 1999">
     <span class='ocr_line' id='line_1_16' title="bbox 187 1820 1742 1903; baseline 0.003 -20"><span class='ocrx_word' id='word_1_158' title='bbox 187 1822 235 1883; x_wconf 90' lang='lat' dir='ltr'>lb.</span> <span class='ocrx_word' id='word_1_159' title='bbox 247 1842 277 1901; x_wconf 89' lang='lat' dir='ltr'>p.</span> <span class='ocrx_word' id='word_1_160' title='bbox 296 1842 344 1897; x_wconf 87' lang='lat'>11,</span> <span class='ocrx_word' id='word_1_161' title='bbox 362 1824 397 1882; x_wconf 85' lang='grc' dir='ltr'>ιθ</span> <span class='ocrx_word' id='word_1_162' title='bbox 412 1820 517 1900; x_wconf 81' lang='grc' dir='ltr'>διεξῄει]</span> <span class='ocrx_word' id='word_1_163' title='bbox 533 1821 576 1880; x_wconf 87' lang='lat' dir='ltr'>sic</span> <span class='ocrx_word' id='word_1_164' title='bbox 589 1834 668 1880; x_wconf 88' lang='lat' dir='ltr'>recte</span> <span class='ocrx_word' id='word_1_165' title='bbox 679 1822 766 1880; x_wconf 88' lang='lat' dir='ltr'>etiam</span> <span class='ocrx_word' id='word_1_166' title='bbox 781 1820 968 1894; x_wconf 86' lang='lat' dir='ltr'>Wescherus,</span> <span class='ocrx_word' id='word_1_167' title='bbox 985 1822 1037 1899; x_wconf 93' lang='lat' dir='ltr'>qui</span> <span class='ocrx_word' id='word_1_168' title='bbox 1051 1822 1179 1882; x_wconf 83' lang='lat' dir='ltr'>codicem</span> <span class='ocrx_word' id='word_1_169' title='bbox 1195 1823 1325 1903; x_wconf 75' lang='lat' dir='ltr'>prebere</span> <span class='ocrx_word' id='word_1_170' title='bbox 1337 1836 1419 1883; x_wconf 88' lang='lat' dir='ltr'>notat</span> <span class='ocrx_word' id='word_1_171' title='bbox 1431 1822 1532 1899; x_wconf 76' lang='grc' dir='ltr'><strong>διεξαιν,</strong></span> <span class='ocrx_word' id='word_1_172' title='bbox 1547 1826 1615 1886; x_wconf 90' lang='lat' dir='ltr'>dum</span> <span class='ocrx_word' id='word_1_173' title='bbox 1632 1828 1662 1887; x_wconf 91' lang='lat' dir='ltr'>in</span> <span class='ocrx_word' id='word_1_174' title='bbox 1677 1848 1742 1888; x_wconf 87' lang='lat' dir='ltr'>meo</span> 
     </span>
     <span class='ocr_line' id='line_1_17' title="bbox 149 1913 1222 1999; baseline 0.005 -22"><span class='ocrx_word' id='word_1_175' title='bbox 149 1919 318 1999; x_wconf 84' lang='lat' dir='ltr'>apographo</span> <span class='ocrx_word' id='word_1_176' title='bbox 330 1940 347 1978; x_wconf 91' lang='lat' dir='ltr'>a</span> <span class='ocrx_word' id='word_1_177' title='bbox 361 1918 499 1978; x_wconf 83' lang='lat' dir='ltr'>Diibnero</span> <span class='ocrx_word' id='word_1_178' title='bbox 520 1920 629 1998; x_wconf 86' lang='lat' dir='ltr'>scripto</span> <span class='ocrx_word' id='word_1_179' title='bbox 644 1931 686 1979; x_wconf 89' lang='lat' dir='ltr'>est</span> <span class='ocrx_word' id='word_1_180' title='bbox 701 1913 806 1991; x_wconf 79' lang='grc' dir='ltr'>διεξειη.</span> <span class='ocrx_word' id='word_1_181' title='bbox 826 1918 967 1977; x_wconf 82' lang='lat' dir='ltr'>Biicheler</span> <span class='ocrx_word' id='word_1_182' title='bbox 981 1920 1107 1996; x_wconf 82' lang='lat' dir='ltr'>conjecit</span> <span class='ocrx_word' id='word_1_183' title='bbox 1117 1918 1222 1988; x_wconf 76' lang='grc' dir='ltr'><strong>ἔδειξαν.</strong></span> 
     </span>
    </p>

    <p class='ocr_par' dir='ltr' id='par_1_10' title="bbox 150 2000 1743 2192">
     <span class='ocr_line' id='line_1_18' title="bbox 190 2000 1743 2100; baseline 0.006 -27"><span class='ocrx_word' id='word_1_184' title='bbox 190 2017 219 2087; x_wconf 81' lang='grc'><strong>8,</strong></span> <span class='ocrx_word' id='word_1_185' title='bbox 236 2014 265 2086; x_wconf 90' lang='grc'><strong>5,</strong></span> <span class='ocrx_word' id='word_1_186' title='bbox 279 2035 310 2093; x_wconf 93' lang='lat' dir='ltr'>p.</span> <span class='ocrx_word' id='word_1_187' title='bbox 331 2036 375 2072; x_wconf 82' lang='grc' dir='ltr'>ια.</span> <span class='ocrx_word' id='word_1_188' title='bbox 388 2016 417 2073; x_wconf 95' lang='grc'>6.</span> <span class='ocrx_word' id='word_1_189' title='bbox 430 2013 594 2093; x_wconf 84' lang='grc' dir='ltr'><strong>παύσασθαι]</strong></span> <span class='ocrx_word' id='word_1_190' title='bbox 608 2000 772 2088; x_wconf 77' lang='grc' dir='ltr'><strong>παύσασθαι,</strong></span> <span class='ocrx_word' id='word_1_191' title='bbox 785 2026 813 2073; x_wconf 89' lang='lat' dir='ltr'>et</span> <span class='ocrx_word' id='word_1_192' title='bbox 825 2014 925 2073; x_wconf 89' lang='lat' dir='ltr'>eodem</span> <span class='ocrx_word' id='word_1_193' title='bbox 940 2016 1027 2074; x_wconf 91' lang='lat' dir='ltr'>modo</span> <span class='ocrx_word' id='word_1_194' title='bbox 1039 2037 1103 2095; x_wconf 90' lang='lat' dir='ltr'>cap.</span> <span class='ocrx_word' id='word_1_195' title='bbox 1117 2036 1163 2090; x_wconf 90' lang='grc' dir='ltr'>ιο,</span> <span class='ocrx_word' id='word_1_196' title='bbox 1179 2025 1196 2086; x_wconf 98' lang='lat'>4</span> <span class='ocrx_word' id='word_1_197' title='bbox 1211 2037 1241 2095; x_wconf 91' lang='lat' dir='ltr'>p.</span> <span class='ocrx_word' id='word_1_198' title='bbox 1259 2018 1306 2089; x_wconf 84' lang='lat'>13,</span> <span class='ocrx_word' id='word_1_199' title='bbox 1320 2033 1354 2075; x_wconf 85' lang='lat' dir='ltr'>ra</span> <span class='ocrx_word' id='word_1_200' title='bbox 1367 2016 1496 2098; x_wconf 79' lang='grc' dir='ltr'><strong>ὑπίσχετο</strong></span> <span class='ocrx_word' id='word_1_201' title='bbox 1506 2019 1680 2099; x_wconf 80' lang='grc' dir='ltr'><strong>χειρώσεσθαι</strong></span> <span class='ocrx_word' id='word_1_202' title='bbox 1690 2042 1743 2100; x_wconf 86' lang='lat' dir='ltr'>pro</span> 
     </span>
     <span class='ocr_line' id='line_1_19' title="bbox 150 2110 1087 2200; baseline 0.002 -31"><span class='ocrx_word' id='word_1_203' title='bbox 150 2114 196 2173; x_wconf 82' lang='grc' dir='ltr'>ὑπ.</span> <span class='ocrx_word' id='word_1_204' title='bbox 209 2110 388 2191; x_wconf 79' lang='grc' dir='ltr'><strong>χειρώσασθαι</strong></span> <span class='ocrx_word' id='word_1_205' title='bbox 404 2114 506 2192; x_wconf 90' lang='lat' dir='ltr'>reponi</span> <span class='ocrx_word' id='word_1_206' title='bbox 521 2116 582 2171; x_wconf 88' lang='lat' dir='ltr'>vult</span> <span class='ocrx_word' id='word_1_207' title='bbox 596 2110 748 2200; x_wconf 80' lang='lat' dir='ltr'>Riicheler,</span> <span class='ocrx_word' id='word_1_208' title='bbox 759 2123 865 2190; x_wconf 87' lang='lat' dir='ltr'>praeter</span> <span class='ocrx_word' id='word_1_209' title='bbox 878 2112 1087 2171; x_wconf 87' lang='lat' dir='ltr'>necessitatem.</span> 
     </span>
    </p>

    <p class='ocr_par' dir='ltr' id='par_1_11' title="bbox 192 2207 1335 2291">
     <span class='ocr_line' id='line_1_20' title="bbox 192 2207 1335 2291; baseline 0.001 -22"><span class='ocrx_word' id='word_1_210' title='bbox 192 2233 240 2284; x_wconf 89' lang='lat'>10,</span> <span class='ocrx_word' id='word_1_211' title='bbox 257 2220 319 2290; x_wconf 90' lang='lat' dir='ltr'>4p.</span> <span class='ocrx_word' id='word_1_212' title='bbox 339 2214 386 2285; x_wconf 93' lang='grc' dir='ltr'>ι3,</span> <span class='ocrx_word' id='word_1_213' title='bbox 404 2232 450 2272; x_wconf 91' lang='grc' dir='ltr'>ιο.</span> <span class='ocrx_word' id='word_1_214' title='bbox 469 2209 550 2277; x_wconf 87' lang='grc' dir='ltr'><strong>αίτιος</strong></span> <span class='ocrx_word' id='word_1_215' title='bbox 566 2208 699 2291; x_wconf 81' lang='grc' dir='ltr'><strong>[ονλωσας</strong></span> <span class='ocrx_word' id='word_1_216' title='bbox 711 2207 782 2268; x_wconf 84' lang='grc' dir='ltr'><strong>λυειν</strong></span> <span class='ocrx_word' id='word_1_217' title='bbox 796 2207 990 2285; x_wconf 81' lang='grc' dir='ltr'><strong>μελλοντας</strong></span> <span class='ocrx_word' id='word_1_218' title='bbox 949 2232 1010 2276; x_wconf 91' lang='grc' dir='ltr'><strong>τους</strong></span> <span class='ocrx_word' id='word_1_219' title='bbox 1022 2207 1137 2289; x_wconf 82' lang='grc' dir='ltr'><strong>Ἕλ]λην</strong></span> <span class='ocrx_word' id='word_1_220' title='bbox 1123 2235 1169 2279; x_wconf 88' lang='grc' dir='ltr'>νας</span> <span class='ocrx_word' id='word_1_221' title='bbox 1186 2211 1335 2273; x_wconf 86' lang='lat' dir='ltr'>Biicheler.</span> 
     </span>
    </p>

    <p class='ocr_par' dir='ltr' id='par_1_12' title="bbox 191 2305 1743 2397">
     <span class='ocr_line' id='line_1_21' title="bbox 191 2305 1743 2397; baseline 0.002 -31"><span class='ocrx_word' id='word_1_222' title='bbox 191 2330 237 2386; x_wconf 90' lang='grc' dir='ltr'>ιο,</span> <span class='ocrx_word' id='word_1_223' title='bbox 254 2310 283 2368; x_wconf 87' lang='grc'>5.</span> <span class='ocrx_word' id='word_1_224' title='bbox 300 2307 406 2387; x_wconf 76' lang='grc' dir='ltr'><strong>ἐγγυς</strong></span> <span class='ocrx_word' id='word_1_225' title='bbox 388 2310 440 2382; x_wconf 77' lang='grc' dir='ltr'>ηθη</span> <span class='ocrx_word' id='word_1_226' title='bbox 452 2307 587 2389; x_wconf 78' lang='grc' dir='ltr'><strong>γενόμενος</strong></span> <span class='ocrx_word' id='word_1_227' title='bbox 600 2311 647 2379; x_wconf 81' lang='grc' dir='ltr'>τῆς</span> <span class='ocrx_word' id='word_1_228' title='bbox 660 2305 798 2374; x_wconf 84' lang='grc' dir='ltr'><strong>Ελλαίθος.</strong></span> <span class='ocrx_word' id='word_1_229' title='bbox 818 2306 881 2363; x_wconf 86' lang='grc' dir='ltr'>Ηοο</span> <span class='ocrx_word' id='word_1_230' title='bbox 892 2306 1076 2364; x_wconf 83' lang='lat' dir='ltr'>manilestum</span> <span class='ocrx_word' id='word_1_231' title='bbox 1090 2327 1151 2367; x_wconf 86' lang='lat' dir='ltr'>esse</span> <span class='ocrx_word' id='word_1_232' title='bbox 1166 2308 1334 2385; x_wconf 83' lang='lat' dir='ltr'>figmentum</span> <span class='ocrx_word' id='word_1_233' title='bbox 1348 2308 1483 2391; x_wconf 83' lang='lat' dir='ltr'>Minoidae</span> <span class='ocrx_word' id='word_1_234' title='bbox 1484 2308 1667 2397; x_wconf 69' lang='lat' dir='ltr'>Minaequi</span> <span class='ocrx_word' id='word_1_235' title='bbox 1662 2311 1743 2390; x_wconf 82' lang='lat' dir='ltr'>frag-</span> 
     </span>
    </p>
   </div>
   <div class='ocr_carea' id='block_1_3' title="bbox 147 2386 1862 2489">
    <p class='ocr_par' dir='ltr' id='par_1_13' title="bbox 147 2386 1862 2489">
     <span class='ocr_line' id='line_1_22' title="bbox 147 2386 1862 2489; baseline 0.002 -24"><span class='ocrx_word' id='word_1_236' title='bbox 147 2420 273 2465; x_wconf 89' lang='lat' dir='ltr'>mentum</span> <span class='ocrx_word' id='word_1_237' title='bbox 292 2406 642 2489; x_wconf 55' lang='lat' dir='ltr'>noan-umjmcicamrit,</span> <span class='ocrx_word' id='word_1_238' title='bbox 660 2400 995 2465; x_wconf 86' lang='lat' dir='ltr'>censuitWachsmuth</span> <span class='ocrx_word' id='word_1_239' title='bbox 987 2422 1017 2460; x_wconf 89' lang='grc' dir='ltr'>ιο</span> <span class='ocrx_word' id='word_1_240' title='bbox 1035 2404 1134 2462; x_wconf 71' lang='lat' dir='ltr'>illicia.</span> <span class='ocrx_word' id='word_1_241' title='bbox 1150 2391 1279 2461; x_wconf 70' lang='lat' dir='ltr'>Miaccum</span> <span class='ocrx_word' id='word_1_242' title='bbox 1295 2390 1413 2483; x_wconf 72' lang='lat' dir='ltr'>xsoip.</span> <span class='ocrx_word' id='word_1_243' title='bbox 1429 2386 1478 2464; x_wconf 94' lang='grc'>33.</span> <span class='ocrx_word' id='word_1_244' title='bbox 1492 2408 1553 2481; x_wconf 81' lang='lat' dir='ltr'>Ego</span> <span class='ocrx_word' id='word_1_245' title='bbox 1568 2406 1604 2465; x_wconf 88' lang='lat' dir='ltr'>de</span> <span class='ocrx_word' id='word_1_246' title='bbox 1619 2406 1666 2467; x_wconf 89' lang='lat' dir='ltr'>his</span> <span class='ocrx_word' id='word_1_247' title='bbox 1681 2408 1742 2468; x_wconf 81' lang='lat' dir='ltr'>dixi</span> <span class='ocrx_word' id='word_1_248' title='bbox 1852 2429 1862 2441; x_wconf 88' lang='lat'><strong>·</strong></span> 
     </span>
    </p>
   </div>
   <div class='ocr_carea' id='block_1_4' title="bbox 145 2498 1744 2629">
    <p class='ocr_par' dir='ltr' id='par_1_14' title="bbox 145 2498 1744 2629">
     <span class='ocr_line' id='line_1_23' title="bbox 145 2498 1744 2629; baseline -0.001 -66"><span class='ocrx_word' id='word_1_249' title='bbox 145 2505 176 2563; x_wconf 93' lang='lat' dir='ltr'>in</span> <span class='ocrx_word' id='word_1_250' title='bbox 192 2506 395 2580; x_wconf 62' lang='grc' dir='ltr'>(ἓοοιιινιριοσίισ</span> <span class='ocrx_word' id='word_1_251' title='bbox 405 2505 531 2579; x_wconf 78' lang='lat' dir='ltr'>gelehrte</span> <span class='ocrx_word' id='word_1_252' title='bbox 545 2508 688 2579; x_wconf 81' lang='lat' dir='ltr'>Aazeigen</span> <span class='ocrx_word' id='word_1_253' title='bbox 705 2503 791 2629; x_wconf 87' lang='lat'><strong>1869,</strong></span> <span class='ocrx_word' id='word_1_254' title='bbox 805 2502 924 2569; x_wconf 75' lang='lat' dir='ltr'>Ianuar,</span> <span class='ocrx_word' id='word_1_255' title='bbox 940 2519 972 2578; x_wconf 95' lang='lat' dir='ltr'>p.</span> <span class='ocrx_word' id='word_1_256' title='bbox 986 2501 1023 2557; x_wconf 82' lang='lat'>28</span> <span class='ocrx_word' id='word_1_257' title='bbox 1037 2520 1104 2577; x_wconf 88' lang='lat' dir='ltr'>sqq.</span> <span class='ocrx_word' id='word_1_258' title='bbox 1121 2498 1155 2558; x_wconf 90' lang='lat' dir='ltr'>ln</span> <span class='ocrx_word' id='word_1_259' title='bbox 1178 2501 1291 2559; x_wconf 84' lang='lat' dir='ltr'>Latinis</span> <span class='ocrx_word' id='word_1_260' title='bbox 1305 2521 1360 2579; x_wconf 88' lang='lat' dir='ltr'>pro</span> <span class='ocrx_word' id='word_1_261' title='bbox 1378 2505 1515 2560; x_wconf 65' lang='lat' dir='ltr'>Minervae</span> <span class='ocrx_word' id='word_1_262' title='bbox 1534 2506 1744 2580; x_wconf 69' lang='lat' dir='ltr'>leucophryna-</span> 
     </span>
    </p>
   </div>
   <div class='ocr_carea' id='block_1_5' title="bbox 145 2601 1740 3936">
    <p class='ocr_par' dir='ltr' id='par_1_15' title="bbox 145 2601 370 2679">
     <span class='ocr_line' id='line_1_24' title="bbox 145 2601 370 2679; baseline 0.014 -21"><span class='ocrx_word' id='word_1_263' title='bbox 145 2601 206 2679; x_wconf 84' lang='lat' dir='ltr'>lege</span> <span class='ocrx_word' id='word_1_264' title='bbox 219 2605 323 2658; x_wconf 79' lang='lat' dir='ltr'>Diome</span> <span class='ocrx_word' id='word_1_265' title='bbox 336 2602 370 2661; x_wconf 87' lang='lat' dir='ltr'>L.</span> 
     </span>
    </p>

    <p class='ocr_par' dir='ltr' id='par_1_16' title="bbox 186 2690 1223 2777">
     <span class='ocr_line' id='line_1_25' title="bbox 186 2690 1223 2777; baseline -0.003 -21"><span class='ocrx_word' id='word_1_266' title='bbox 186 2716 232 2771; x_wconf 90' lang='lat' dir='ltr'>rr,</span> <span class='ocrx_word' id='word_1_267' title='bbox 251 2698 386 2777; x_wconf 80' lang='lat' dir='ltr'>1,p.13‚</span> <span class='ocrx_word' id='word_1_268' title='bbox 403 2696 479 2766; x_wconf 81' lang='lat'>24.&#39;</span> <span class='ocrx_word' id='word_1_269' title='bbox 464 2719 579 2775; x_wconf 79' lang='grc' dir='ltr'><strong>ιγνωσαν</strong></span> <span class='ocrx_word' id='word_1_270' title='bbox 594 2694 651 2777; x_wconf 80' lang='grc' dir='ltr'><strong>καί]</strong></span> <span class='ocrx_word' id='word_1_271' title='bbox 667 2698 701 2760; x_wconf 85' lang='grc' dir='ltr'>είς</span> <span class='ocrx_word' id='word_1_272' title='bbox 718 2692 876 2769; x_wconf 84' lang='grc' dir='ltr'><strong>Μαγνησίαν</strong></span> <span class='ocrx_word' id='word_1_273' title='bbox 891 2690 982 2751; x_wconf 83' lang='lat' dir='ltr'>scribi</span> <span class='ocrx_word' id='word_1_274' title='bbox 996 2693 1060 2751; x_wconf 83' lang='lat' dir='ltr'>vult</span> <span class='ocrx_word' id='word_1_275' title='bbox 1073 2693 1223 2755; x_wconf 81' lang='lat' dir='ltr'>Bricheler.</span> 
     </span>
    </p>

    <p class='ocr_par' dir='ltr' id='par_1_17' title="bbox 188 2788 1366 2873">
     <span class='ocr_line' id='line_1_26' title="bbox 188 2788 1366 2873; baseline -0.004 -20"><span class='ocrx_word' id='word_1_276' title='bbox 188 2815 235 2868; x_wconf 90' lang='grc' dir='ltr'>ιι,</span> <span class='ocrx_word' id='word_1_277' title='bbox 252 2802 277 2864; x_wconf 80' lang='lat'>4,</span> <span class='ocrx_word' id='word_1_278' title='bbox 296 2814 327 2873; x_wconf 91' lang='lat' dir='ltr'>p.</span> <span class='ocrx_word' id='word_1_279' title='bbox 344 2802 392 2866; x_wconf 87' lang='lat'>14,</span> <span class='ocrx_word' id='word_1_280' title='bbox 413 2814 457 2852; x_wconf 81' lang='grc' dir='ltr'>ια.</span> <span class='ocrx_word' id='word_1_281' title='bbox 474 2795 517 2853; x_wconf 73' lang='grc' dir='ltr'>ἐπί</span> <span class='ocrx_word' id='word_1_282' title='bbox 530 2814 598 2859; x_wconf 86' lang='grc' dir='ltr'><strong>τινος</strong></span> <span class='ocrx_word' id='word_1_283' title='bbox 611 2792 742 2869; x_wconf 78' lang='grc' dir='ltr'><strong>ποταμοῦ]</strong></span> <span class='ocrx_word' id='word_1_284' title='bbox 755 2788 800 2847; x_wconf 76' lang='grc' dir='ltr'>ἐπὶ</span> <span class='ocrx_word' id='word_1_285' title='bbox 810 2790 907 2849; x_wconf 84' lang='grc' dir='ltr'><strong>Νείλου</strong></span> <span class='ocrx_word' id='word_1_286' title='bbox 921 2788 999 2865; x_wconf 87' lang='lat' dir='ltr'>conj.</span> <span class='ocrx_word' id='word_1_287' title='bbox 1017 2788 1267 2868; x_wconf 83' lang='lat' dir='ltr'>Loehbach,haud</span> <span class='ocrx_word' id='word_1_288' title='bbox 1281 2804 1366 2850; x_wconf 89' lang='lat' dir='ltr'>recte.</span> 
     </span>
    </p>

    <p class='ocr_par' dir='ltr' id='par_1_18' title="bbox 146 2885 1740 3141">
     <span class='ocr_line' id='line_1_27' title="bbox 186 2885 1740 2970; baseline -0.003 -21"><span class='ocrx_word' id='word_1_289' title='bbox 186 2891 231 2949; x_wconf 91' lang='lat' dir='ltr'>lb.</span> <span class='ocrx_word' id='word_1_290' title='bbox 246 2909 274 2966; x_wconf 91' lang='lat' dir='ltr'>p.</span> <span class='ocrx_word' id='word_1_291' title='bbox 291 2896 340 2961; x_wconf 84' lang='lat'>14,</span> <span class='ocrx_word' id='word_1_292' title='bbox 356 2898 403 2957; x_wconf 78' lang='grc' dir='ltr'>ιθ..</span> <span class='ocrx_word' id='word_1_293' title='bbox 419 2889 596 2970; x_wconf 82' lang='grc' dir='ltr'><strong>ε’κτραπσισῶν</strong></span> <span class='ocrx_word' id='word_1_294' title='bbox 611 2885 638 2945; x_wconf 81' lang='grc' dir='ltr'>δὲ</span> <span class='ocrx_word' id='word_1_295' title='bbox 651 2886 673 2943; x_wconf 89' lang='grc' dir='ltr'>ν’</span> <span class='ocrx_word' id='word_1_296' title='bbox 684 2886 759 2963; x_wconf 87' lang='grc' dir='ltr'><strong>νεῶν]</strong></span> <span class='ocrx_word' id='word_1_297' title='bbox 773 2885 821 2943; x_wconf 77' lang='grc' dir='ltr'>οὐκ</span> <span class='ocrx_word' id='word_1_298' title='bbox 838 2886 1014 2965; x_wconf 80' lang='grc' dir='ltr'><strong>ίντραπεισῶν</strong></span> <span class='ocrx_word' id='word_1_299' title='bbox 1030 2886 1057 2943; x_wconf 75' lang='grc' dir='ltr'>δὲ</span> <span class='ocrx_word' id='word_1_300' title='bbox 1073 2886 1094 2943; x_wconf 83' lang='grc' dir='ltr'>ν’</span> <span class='ocrx_word' id='word_1_301' title='bbox 1109 2889 1186 2959; x_wconf 82' lang='grc' dir='ltr'><strong>νεῶν,</strong></span> <span class='ocrx_word' id='word_1_302' title='bbox 1202 2892 1294 2945; x_wconf 86' lang='lat' dir='ltr'>indem</span> <span class='ocrx_word' id='word_1_303' title='bbox 1313 2896 1355 2946; x_wconf 81' lang='lat' dir='ltr'>sie</span> <span class='ocrx_word' id='word_1_304' title='bbox 1373 2892 1427 2946; x_wconf 83' lang='lat' dir='ltr'>das</span> <span class='ocrx_word' id='word_1_305' title='bbox 1446 2892 1612 2947; x_wconf 80' lang='lat' dir='ltr'>unbecchtet</span> <span class='ocrx_word' id='word_1_306' title='bbox 1630 2893 1740 2959; x_wconf 70' lang='lat' dir='ltr'>diessen,</span> 
     </span>
     <span class='ocr_line' id='line_1_28' title="bbox 146 2982 1740 3061; baseline 0.001 -18"><span class='ocrx_word' id='word_1_307' title='bbox 146 2984 296 3045; x_wconf 84' lang='lat' dir='ltr'>Biicheler.</span> <span class='ocrx_word' id='word_1_308' title='bbox 312 2984 429 3043; x_wconf 86' lang='lat' dir='ltr'>Codicis</span> <span class='ocrx_word' id='word_1_309' title='bbox 440 2984 531 3043; x_wconf 83' lang='lat' dir='ltr'>verba</span> <span class='ocrx_word' id='word_1_310' title='bbox 542 3004 612 3043; x_wconf 90' lang='lat' dir='ltr'>sana</span> <span class='ocrx_word' id='word_1_311' title='bbox 624 2996 703 3042; x_wconf 87' lang='lat' dir='ltr'>sunt.</span> <span class='ocrx_word' id='word_1_312' title='bbox 718 2982 918 3058; x_wconf 76' lang='lat' dir='ltr'>navigandum</span> <span class='ocrx_word' id='word_1_313' title='bbox 934 2996 995 3041; x_wconf 85' lang='lat' dir='ltr'>erat</span> <span class='ocrx_word' id='word_1_314' title='bbox 1015 3002 1117 3043; x_wconf 86' lang='lat' dir='ltr'>versus</span> <span class='ocrx_word' id='word_1_315' title='bbox 1130 2987 1238 3044; x_wconf 89' lang='lat' dir='ltr'>ostium</span> <span class='ocrx_word' id='word_1_316' title='bbox 1253 2986 1448 3061; x_wconf 80' lang='lat' dir='ltr'>Canobicum,</span> <span class='ocrx_word' id='word_1_317' title='bbox 1460 3006 1548 3047; x_wconf 83' lang='lat' dir='ltr'>naves</span> <span class='ocrx_word' id='word_1_318' title='bbox 1567 3006 1640 3047; x_wconf 88' lang='lat' dir='ltr'>vcro</span> <span class='ocrx_word' id='word_1_319' title='bbox 1655 2987 1740 3046; x_wconf 86' lang='lat' dir='ltr'>illaea</span> 
     </span>
     <span class='ocr_line' id='line_1_29' title="bbox 147 3076 1166 3141; baseline 0.001 -1"><span class='ocrx_word' id='word_1_320' title='bbox 147 3095 226 3141; x_wconf 90' lang='lat' dir='ltr'>recto</span> <span class='ocrx_word' id='word_1_321' title='bbox 240 3101 326 3140; x_wconf 89' lang='lat' dir='ltr'>cursu</span> <span class='ocrx_word' id='word_1_322' title='bbox 340 3081 521 3140; x_wconf 86' lang='lat' dir='ltr'>deflectentes</span> <span class='ocrx_word' id='word_1_323' title='bbox 537 3081 568 3140; x_wconf 92' lang='lat' dir='ltr'>in</span> <span class='ocrx_word' id='word_1_324' title='bbox 585 3079 763 3137; x_wconf 81' lang='lat' dir='ltr'>Mendesium</span> <span class='ocrx_word' id='word_1_325' title='bbox 780 3076 839 3135; x_wconf 88' lang='lat' dir='ltr'>Nili</span> <span class='ocrx_word' id='word_1_326' title='bbox 854 3078 961 3136; x_wconf 87' lang='lat' dir='ltr'>ostium</span> <span class='ocrx_word' id='word_1_327' title='bbox 976 3076 1077 3137; x_wconf 78' lang='lat' dir='ltr'>delatae</span> <span class='ocrx_word' id='word_1_328' title='bbox 1091 3094 1166 3141; x_wconf 77' lang='lat' dir='ltr'>sunt.</span> 
     </span>
    </p>

    <p class='ocr_par' dir='ltr' id='par_1_19' title="bbox 145 3166 1740 3450">
     <span class='ocr_line' id='line_1_30' title="bbox 191 3166 1740 3259; baseline 0.001 -23"><span class='ocrx_word' id='word_1_329' title='bbox 191 3178 237 3250; x_wconf 90' lang='grc' dir='ltr'>ι3,</span> <span class='ocrx_word' id='word_1_330' title='bbox 248 3198 278 3257; x_wconf 95' lang='lat' dir='ltr'>p.</span> <span class='ocrx_word' id='word_1_331' title='bbox 299 3179 346 3253; x_wconf 92' lang='grc' dir='ltr'>ι6,</span> <span class='ocrx_word' id='word_1_332' title='bbox 361 3186 377 3246; x_wconf 90' lang='lat'>4</span> <span class='ocrx_word' id='word_1_333' title='bbox 395 3176 450 3257; x_wconf 80' lang='grc' dir='ltr'>(ἐπὶ</span> <span class='ocrx_word' id='word_1_334' title='bbox 463 3176 559 3253; x_wconf 83' lang='grc' dir='ltr'><strong>τοῖσδε)</strong></span> <span class='ocrx_word' id='word_1_335' title='bbox 580 3178 619 3256; x_wconf 77' lang='grc' dir='ltr'>ἐρ’</span> <span class='ocrx_word' id='word_1_336' title='bbox 633 3166 667 3256; x_wconf 78' lang='grc' dir='ltr'>ᾧ]</span> <span class='ocrx_word' id='word_1_337' title='bbox 681 3174 757 3232; x_wconf 80' lang='lat' dir='ltr'>Casu</span> <span class='ocrx_word' id='word_1_338' title='bbox 773 3174 880 3231; x_wconf 85' lang='lat' dir='ltr'>lactum</span> <span class='ocrx_word' id='word_1_339' title='bbox 895 3186 928 3231; x_wconf 91' lang='lat' dir='ltr'>ut</span> <span class='ocrx_word' id='word_1_340' title='bbox 950 3172 1042 3233; x_wconf 77' lang='lat' dir='ltr'>verba</span> <span class='ocrx_word' id='word_1_341' title='bbox 1059 3176 1103 3235; x_wconf 74' lang='lat' dir='ltr'>ici</span> <span class='ocrx_word' id='word_1_342' title='bbox 1122 3180 1209 3239; x_wconf 85' lang='grc' dir='ltr'><strong>τοῖσδε</strong></span> <span class='ocrx_word' id='word_1_343' title='bbox 1230 3193 1366 3258; x_wconf 81' lang='lat' dir='ltr'>tanquam</span> <span class='ocrx_word' id='word_1_344' title='bbox 1381 3181 1526 3259; x_wconf 89' lang='lat' dir='ltr'>ejicienda</span> <span class='ocrx_word' id='word_1_345' title='bbox 1545 3182 1740 3242; x_wconf 89' lang='lat' dir='ltr'>includantur.</span> 
     </span>
     <span class='ocr_line' id='line_1_31' title="bbox 145 3263 1739 3358; baseline 0.004 -25"><span class='ocrx_word' id='word_1_346' title='bbox 145 3274 270 3334; x_wconf 82' lang='lat' dir='ltr'>inclusis</span> <span class='ocrx_word' id='word_1_347' title='bbox 284 3273 383 3343; x_wconf 78' lang='lat' dir='ltr'>verbis</span> <span class='ocrx_word' id='word_1_348' title='bbox 397 3272 437 3353; x_wconf 75' lang='grc' dir='ltr'>ἐρ’</span> <span class='ocrx_word' id='word_1_349' title='bbox 449 3263 481 3353; x_wconf 82' lang='grc' dir='ltr'><strong>ᾧ,</strong></span> <span class='ocrx_word' id='word_1_350' title='bbox 500 3272 591 3333; x_wconf 85' lang='lat' dir='ltr'>scribi</span> <span class='ocrx_word' id='word_1_351' title='bbox 611 3271 743 3330; x_wconf 82' lang='lat' dir='ltr'>volebam</span> <span class='ocrx_word' id='word_1_352' title='bbox 759 3291 766 3330; x_wconf 75' lang='grc' dir='ltr'>ι</span> <span class='ocrx_word' id='word_1_353' title='bbox 782 3267 827 3329; x_wconf 72' lang='grc' dir='ltr'>ἐπὶ</span> <span class='ocrx_word' id='word_1_354' title='bbox 840 3270 941 3329; x_wconf 81' lang='grc' dir='ltr'><strong>τοῖσδε·</strong></span> <span class='ocrx_word' id='word_1_355' title='bbox 955 3270 1026 3339; x_wconf 78' lang='grc' dir='ltr'><strong>θντθς</strong></span> <span class='ocrx_word' id='word_1_356' title='bbox 1037 3286 1107 3346; x_wconf 87' lang='lat' dir='ltr'>etc.;</span> <span class='ocrx_word' id='word_1_357' title='bbox 1122 3294 1188 3335; x_wconf 89' lang='lat' dir='ltr'>nam</span> <span class='ocrx_word' id='word_1_358' title='bbox 1206 3277 1249 3336; x_wconf 88' lang='lat' dir='ltr'>sic</span> <span class='ocrx_word' id='word_1_359' title='bbox 1263 3280 1379 3337; x_wconf 86' lang='lat' dir='ltr'>demum</span> <span class='ocrx_word' id='word_1_360' title='bbox 1395 3279 1464 3337; x_wconf 83' lang='lat' dir='ltr'>ferri</span> <span class='ocrx_word' id='word_1_361' title='bbox 1478 3294 1600 3355; x_wconf 87' lang='lat' dir='ltr'>possunt</span> <span class='ocrx_word' id='word_1_362' title='bbox 1620 3281 1672 3358; x_wconf 90' lang='lat' dir='ltr'>qui</span> <span class='ocrx_word' id='word_1_363' title='bbox 1693 3296 1739 3339; x_wconf 79' lang='lat' dir='ltr'>se-</span> 
     </span>
     <span class='ocr_line' id='line_1_32' title="bbox 146 3370 481 3450; baseline 0 -20"><span class='ocrx_word' id='word_1_364' title='bbox 146 3384 275 3450; x_wconf 90' lang='lat' dir='ltr'>quuntur</span> <span class='ocrx_word' id='word_1_365' title='bbox 289 3370 481 3449; x_wconf 85' lang='lat' dir='ltr'>conjunctivi.</span> 
     </span>
    </p>

    <p class='ocr_par' dir='ltr' id='par_1_20' title="bbox 189 3464 1581 3552">
     <span class='ocr_line' id='line_1_33' title="bbox 189 3464 1581 3552; baseline 0.002 -23"><span class='ocrx_word' id='word_1_366' title='bbox 189 3469 284 3538; x_wconf 83' lang='lat'>14-15</span> <span class='ocrx_word' id='word_1_367' title='bbox 298 3490 330 3549; x_wconf 90' lang='lat' dir='ltr'>p.</span> <span class='ocrx_word' id='word_1_368' title='bbox 349 3471 383 3527; x_wconf 87' lang='lat'>16</span> <span class='ocrx_word' id='word_1_369' title='bbox 399 3488 441 3545; x_wconf 88' lang='lat' dir='ltr'>sq.</span> <span class='ocrx_word' id='word_1_370' title='bbox 452 3471 522 3528; x_wconf 89' lang='lat' dir='ltr'>Cum</span> <span class='ocrx_word' id='word_1_371' title='bbox 535 3467 581 3526; x_wconf 88' lang='lat' dir='ltr'>his</span> <span class='ocrx_word' id='word_1_372' title='bbox 593 3466 630 3527; x_wconf 85' lang='lat' dir='ltr'>cl.</span> <span class='ocrx_word' id='word_1_373' title='bbox 646 3464 787 3525; x_wconf 90' lang='lat' dir='ltr'>scholium</span> <span class='ocrx_word' id='word_1_374' title='bbox 802 3465 838 3523; x_wconf 91' lang='lat' dir='ltr'>ad</span> <span class='ocrx_word' id='word_1_375' title='bbox 856 3466 1081 3543; x_wconf 81' lang='lat' dir='ltr'>Hermogenem,</span> <span class='ocrx_word' id='word_1_376' title='bbox 1098 3469 1177 3547; x_wconf 86' lang='lat' dir='ltr'>qnod</span> <span class='ocrx_word' id='word_1_377' title='bbox 1187 3487 1277 3549; x_wconf 87' lang='lat' dir='ltr'>supra</span> <span class='ocrx_word' id='word_1_378' title='bbox 1288 3493 1318 3550; x_wconf 93' lang='lat' dir='ltr'>p.</span> <span class='ocrx_word' id='word_1_379' title='bbox 1330 3468 1435 3533; x_wconf 80' lang='lat' dir='ltr'>XXVII</span> <span class='ocrx_word' id='word_1_380' title='bbox 1446 3472 1581 3552; x_wconf 88' lang='lat' dir='ltr'>apposui.</span> 
     </span>
    </p>

    <p class='ocr_par' dir='ltr' id='par_1_21' title="bbox 187 3562 1740 3649">
     <span class='ocr_line' id='line_1_34' title="bbox 187 3562 1740 3649; baseline 0.001 -26"><span class='ocrx_word' id='word_1_381' title='bbox 187 3570 233 3627; x_wconf 92' lang='grc' dir='ltr'>ι6.</span> <span class='ocrx_word' id='word_1_382' title='bbox 251 3586 278 3639; x_wconf 91' lang='grc' dir='ltr'>ι,</span> <span class='ocrx_word' id='word_1_383' title='bbox 291 3586 322 3645; x_wconf 88' lang='lat' dir='ltr'>p.</span> <span class='ocrx_word' id='word_1_384' title='bbox 340 3586 386 3639; x_wconf 86' lang='lat'>17,</span> <span class='ocrx_word' id='word_1_385' title='bbox 404 3572 450 3631; x_wconf 83' lang='grc' dir='ltr'>ιθ.</span> <span class='ocrx_word' id='word_1_386' title='bbox 467 3562 547 3623; x_wconf 76' lang='grc' dir='ltr'><strong>αἰτίαν</strong></span> <span class='ocrx_word' id='word_1_387' title='bbox 563 3564 590 3623; x_wconf 81' lang='grc' dir='ltr'>δὲ</span> <span class='ocrx_word' id='word_1_388' title='bbox 605 3562 669 3640; x_wconf 76' lang='grc' dir='ltr'><strong>(καὶ)</strong></span> <span class='ocrx_word' id='word_1_389' title='bbox 681 3562 820 3641; x_wconf 80' lang='grc' dir='ltr'><strong>πλείονες]</strong></span> <span class='ocrx_word' id='word_1_390' title='bbox 834 3562 896 3623; x_wconf 86' lang='lat' dir='ltr'>Vox</span> <span class='ocrx_word' id='word_1_391' title='bbox 906 3565 952 3622; x_wconf 84' lang='grc' dir='ltr'>καὶ</span> <span class='ocrx_word' id='word_1_392' title='bbox 964 3584 1024 3624; x_wconf 89' lang='grc' dir='ltr'>ιιοιι</span> <span class='ocrx_word' id='word_1_393' title='bbox 1036 3580 1098 3625; x_wconf 88' lang='lat' dir='ltr'>erat</span> <span class='ocrx_word' id='word_1_394' title='bbox 1110 3569 1191 3627; x_wconf 89' lang='lat' dir='ltr'>uncis</span> <span class='ocrx_word' id='word_1_395' title='bbox 1205 3568 1390 3631; x_wconf 88' lang='lat' dir='ltr'>includenda.</span> <span class='ocrx_word' id='word_1_396' title='bbox 1404 3568 1447 3629; x_wconf 79' lang='lat' dir='ltr'>ct.</span> <span class='ocrx_word' id='word_1_397' title='bbox 1462 3588 1550 3649; x_wconf 88' lang='lat' dir='ltr'>supra</span> <span class='ocrx_word' id='word_1_398' title='bbox 1560 3586 1627 3648; x_wconf 76' lang='lat' dir='ltr'>pag.</span> <span class='ocrx_word' id='word_1_399' title='bbox 1639 3564 1740 3626; x_wconf 76' lang='lat' dir='ltr'>xxvi.</span> 
     </span>
    </p>

    <p class='ocr_par' dir='ltr' id='par_1_22' title="bbox 188 3651 1318 3742">
     <span class='ocr_line' id='line_1_35' title="bbox 188 3651 1318 3742; baseline 0.003 -21"><span class='ocrx_word' id='word_1_400' title='bbox 188 3666 234 3735; x_wconf 87' lang='lat'>16,</span> <span class='ocrx_word' id='word_1_401' title='bbox 251 3666 280 3735; x_wconf 92' lang='lat'>3,</span> <span class='ocrx_word' id='word_1_402' title='bbox 299 3683 329 3741; x_wconf 96' lang='lat' dir='ltr'>p.</span> <span class='ocrx_word' id='word_1_403' title='bbox 347 3682 395 3738; x_wconf 83' lang='lat'>19,</span> <span class='ocrx_word' id='word_1_404' title='bbox 409 3664 438 3720; x_wconf 86' lang='lat'>6.</span> <span class='ocrx_word' id='word_1_405' title='bbox 455 3651 536 3742; x_wconf 75' lang='lat' dir='ltr'>ltde&#39;]</span> <span class='ocrx_word' id='word_1_406' title='bbox 552 3660 661 3719; x_wconf 82' lang='grc' dir='ltr'><strong>Κοίπαιθ</strong></span> <span class='ocrx_word' id='word_1_407' title='bbox 677 3660 769 3718; x_wconf 85' lang='lat' dir='ltr'>codex</span> <span class='ocrx_word' id='word_1_408' title='bbox 781 3658 884 3732; x_wconf 89' lang='lat' dir='ltr'>habet,</span> <span class='ocrx_word' id='word_1_409' title='bbox 898 3663 979 3739; x_wconf 91' lang='lat' dir='ltr'>quod</span> <span class='ocrx_word' id='word_1_410' title='bbox 992 3683 1110 3723; x_wconf 88' lang='lat' dir='ltr'>monere</span> <span class='ocrx_word' id='word_1_411' title='bbox 1121 3663 1230 3724; x_wconf 91' lang='lat' dir='ltr'>oblitus</span> <span class='ocrx_word' id='word_1_412' title='bbox 1244 3684 1318 3725; x_wconf 90' lang='lat' dir='ltr'>sum.</span> 
     </span>
    </p>

    <p class='ocr_par' dir='ltr' id='par_1_23' title="bbox 146 3755 1739 3936">
     <span class='ocr_line' id='line_1_36' title="bbox 183 3755 1739 3841; baseline -0.001 -24"><span class='ocrx_word' id='word_1_413' title='bbox 183 3758 229 3819; x_wconf 93' lang='lat' dir='ltr'>lb.</span> <span class='ocrx_word' id='word_1_414' title='bbox 245 3780 276 3838; x_wconf 89' lang='lat' dir='ltr'>p.</span> <span class='ocrx_word' id='word_1_415' title='bbox 294 3780 342 3835; x_wconf 81' lang='lat'>19,</span> <span class='ocrx_word' id='word_1_416' title='bbox 358 3780 393 3816; x_wconf 84' lang='grc' dir='ltr'>ια</span> <span class='ocrx_word' id='word_1_417' title='bbox 409 3756 476 3834; x_wconf 79' lang='grc' dir='ltr'><strong>μήτ’</strong></span> <span class='ocrx_word' id='word_1_418' title='bbox 490 3759 516 3816; x_wconf 78' lang='grc' dir='ltr'>ἐν</span> <span class='ocrx_word' id='word_1_419' title='bbox 532 3758 615 3834; x_wconf 72' lang='grc' dir='ltr'>ἀγορᾶ</span> <span class='ocrx_word' id='word_1_420' title='bbox 628 3758 697 3835; x_wconf 81' lang='lat' dir='ltr'>etc]</span> <span class='ocrx_word' id='word_1_421' title='bbox 707 3756 813 3815; x_wconf 83' lang='lat' dir='ltr'>Versus</span> <span class='ocrx_word' id='word_1_422' title='bbox 827 3755 932 3841; x_wconf 80' lang='lat' dir='ltr'>reduxi</span> <span class='ocrx_word' id='word_1_423' title='bbox 944 3758 1103 3817; x_wconf 84' lang='lat' dir='ltr'>secundum</span> <span class='ocrx_word' id='word_1_424' title='bbox 1117 3773 1232 3819; x_wconf 88' lang='lat' dir='ltr'>nostros</span> <span class='ocrx_word' id='word_1_425' title='bbox 1247 3760 1453 3840; x_wconf 76' lang='lat' dir='ltr'>Aristophanis</span> <span class='ocrx_word' id='word_1_426' title='bbox 1464 3759 1589 3821; x_wconf 85' lang='lat' dir='ltr'>codices.</span> <span class='ocrx_word' id='word_1_427' title='bbox 1599 3760 1638 3818; x_wconf 79' lang='lat' dir='ltr'>At</span> <span class='ocrx_word' id='word_1_428' title='bbox 1653 3770 1739 3829; x_wconf 87' lang='lat' dir='ltr'>recte,</span> 
     </span>
     <span class='ocr_line' id='line_1_37' title="bbox 146 3852 1222 3936; baseline 0.002 -21"><span class='ocrx_word' id='word_1_429' title='bbox 146 3857 263 3936; x_wconf 87' lang='lat' dir='ltr'>opinor,</span> <span class='ocrx_word' id='word_1_430' title='bbox 279 3856 420 3915; x_wconf 86' lang='lat' dir='ltr'>Biicheler</span> <span class='ocrx_word' id='word_1_431' title='bbox 434 3867 529 3913; x_wconf 87' lang='lat' dir='ltr'>censet</span> <span class='ocrx_word' id='word_1_432' title='bbox 543 3854 741 3930; x_wconf 77' lang='lat' dir='ltr'>refingendum</span> <span class='ocrx_word' id='word_1_433' title='bbox 754 3852 858 3932; x_wconf 89' lang='lat' dir='ltr'>potius·</span> <span class='ocrx_word' id='word_1_434' title='bbox 868 3873 931 3913; x_wconf 88' lang='lat' dir='ltr'>esse</span> <span class='ocrx_word' id='word_1_435' title='bbox 941 3854 1021 3913; x_wconf 88' lang='lat' dir='ltr'>hunc</span> <span class='ocrx_word' id='word_1_436' title='bbox 1034 3855 1065 3914; x_wconf 92' lang='lat' dir='ltr'>in</span> <span class='ocrx_word' id='word_1_437' title='bbox 1080 3856 1197 3915; x_wconf 91' lang='lat' dir='ltr'>modum</span> <span class='ocrx_word' id='word_1_438' title='bbox 1214 3880 1222 3917; x_wconf 77' lang='grc' dir='ltr'>ι</span> 
     </span>
    </p>
   </div>
   <div class='ocr_carea' id='block_1_6' title="bbox 143 3976 1741 4276">
    <p class='ocr_par' dir='ltr' id='par_1_24' title="bbox 143 3976 1741 4276">
     <span class='ocr_line' id='line_1_38' title="bbox 362 3976 986 4060; baseline -0.008 -20"><span class='ocrx_word' id='word_1_439' title='bbox 362 3984 396 4047; x_wconf 81' lang='grc' dir='ltr'>ὡς</span> <span class='ocrx_word' id='word_1_440' title='bbox 407 3978 460 4060; x_wconf 79' lang='grc' dir='ltr'>χρὴ</span> <span class='ocrx_word' id='word_1_441' title='bbox 476 3980 615 4059; x_wconf 81' lang='grc' dir='ltr'><strong>Μεγαρέας</strong></span> <span class='ocrx_word' id='word_1_442' title='bbox 630 3977 691 4055; x_wconf 76' lang='grc' dir='ltr'><strong>μήτ’</strong></span> <span class='ocrx_word' id='word_1_443' title='bbox 707 3982 732 4037; x_wconf 80' lang='grc' dir='ltr'>ἰν</span> <span class='ocrx_word' id='word_1_444' title='bbox 747 3980 830 4059; x_wconf 73' lang='grc' dir='ltr'>ἀγορᾷ</span> <span class='ocrx_word' id='word_1_445' title='bbox 848 3976 927 4056; x_wconf 67' lang='grc' dir='ltr'><strong>[μήτε</strong></span> <span class='ocrx_word' id='word_1_446' title='bbox 938 3981 986 4055; x_wconf 81' lang='grc' dir='ltr'><strong>γῇ,</strong></span> 
     </span>
     <span class='ocr_line' id='line_1_39' title="bbox 362 4074 947 4155; baseline -0.002 -22"><span class='ocrx_word' id='word_1_447' title='bbox 362 4074 423 4147; x_wconf 75' lang='grc' dir='ltr'><strong>μήτ’</strong></span> <span class='ocrx_word' id='word_1_448' title='bbox 437 4077 465 4133; x_wconf 85' lang='grc' dir='ltr'>ίν</span> <span class='ocrx_word' id='word_1_449' title='bbox 476 4074 605 4153; x_wconf 75' lang='grc' dir='ltr'><strong>θαλάττῃ]</strong></span> <span class='ocrx_word' id='word_1_450' title='bbox 621 4075 682 4151; x_wconf 77' lang='grc' dir='ltr'><strong>μήτ’</strong></span> <span class='ocrx_word' id='word_1_451' title='bbox 696 4079 723 4133; x_wconf 77' lang='grc' dir='ltr'>ἰν</span> <span class='ocrx_word' id='word_1_452' title='bbox 736 4074 837 4155; x_wconf 81' lang='grc' dir='ltr'><strong>ἠπείρῳ</strong></span> <span class='ocrx_word' id='word_1_453' title='bbox 852 4074 947 4153; x_wconf 84' lang='grc' dir='ltr'>με’νεεν.</span> 
     </span>
     <span class='ocr_line' id='line_1_40' title="bbox 143 4195 1741 4276; baseline -0.003 -17"><span class='ocrx_word' id='word_1_454' title='bbox 143 4200 191 4260; x_wconf 91' lang='lat' dir='ltr'>Sic</span> <span class='ocrx_word' id='word_1_455' title='bbox 216 4219 275 4259; x_wconf 90' lang='lat' dir='ltr'>una</span> <span class='ocrx_word' id='word_1_456' title='bbox 299 4199 482 4259; x_wconf 87' lang='lat' dir='ltr'>solummodo</span> <span class='ocrx_word' id='word_1_457' title='bbox 496 4199 605 4259; x_wconf 89' lang='lat' dir='ltr'>codicis</span> <span class='ocrx_word' id='word_1_458' title='bbox 627 4199 731 4258; x_wconf 89' lang='lat' dir='ltr'>lacuna</span> <span class='ocrx_word' id='word_1_459' title='bbox 752 4211 795 4258; x_wconf 87' lang='lat' dir='ltr'>est</span> <span class='ocrx_word' id='word_1_460' title='bbox 816 4198 965 4258; x_wconf 72' lang='lat' dir='ltr'>camelius</span> <span class='ocrx_word' id='word_1_461' title='bbox 985 4196 1074 4257; x_wconf 80' lang='lat' dir='ltr'>verba</span> <span class='ocrx_word' id='word_1_462' title='bbox 1087 4197 1248 4276; x_wconf 88' lang='lat' dir='ltr'>procedunt</span> <span class='ocrx_word' id='word_1_463' title='bbox 1265 4216 1350 4273; x_wconf 90' lang='lat' dir='ltr'>quam</span> <span class='ocrx_word' id='word_1_464' title='bbox 1366 4196 1399 4256; x_wconf 90' lang='lat' dir='ltr'>in</span> <span class='ocrx_word' id='word_1_465' title='bbox 1412 4198 1520 4255; x_wconf 89' lang='lat' dir='ltr'>nostris</span> <span class='ocrx_word' id='word_1_466' title='bbox 1535 4195 1741 4276; x_wconf 82' lang='lat' dir='ltr'>Aristophanis</span> 
     </span>
    </p>
   </div>
   <div class='ocr_carea' id='block_1_7' title="bbox 142 4296 1659 4570">
    <p class='ocr_par' dir='ltr' id='par_1_25' title="bbox 142 4296 1659 4570">
     <span class='ocr_line' id='line_1_41' title="bbox 142 4296 301 4357; baseline 0.006 -1"><span class='ocrx_word' id='word_1_467' title='bbox 142 4296 301 4357; x_wconf 89' lang='lat' dir='ltr'>codicibus.</span> 
     </span>
     <span class='ocr_line' id='line_1_42' title="bbox 186 4372 1568 4475; baseline -0.003 -23"><span class='ocrx_word' id='word_1_468' title='bbox 186 4412 232 4467; x_wconf 84' lang='lat'>17,</span> <span class='ocrx_word' id='word_1_469' title='bbox 253 4415 279 4468; x_wconf 90' lang='lat'>1,</span> <span class='ocrx_word' id='word_1_470' title='bbox 294 4414 322 4473; x_wconf 91' lang='lat' dir='ltr'>p.</span> <span class='ocrx_word' id='word_1_471' title='bbox 338 4415 386 4470; x_wconf 81' lang='lat'>19,</span> <span class='ocrx_word' id='word_1_472' title='bbox 404 4416 437 4452; x_wconf 85' lang='lat' dir='ltr'>at</span> <span class='ocrx_word' id='word_1_473' title='bbox 455 4384 488 4465; x_wconf 75' lang='lat' dir='ltr'>iis</span> <span class='ocrx_word' id='word_1_474' title='bbox 504 4392 579 4459; x_wconf 84' lang='grc' dir='ltr'>πόλις</span> <span class='ocrx_word' id='word_1_475' title='bbox 593 4392 775 4472; x_wconf 79' lang='grc' dir='ltr'><strong>Κερκυραίων]</strong></span> <span class='ocrx_word' id='word_1_476' title='bbox 788 4382 820 4464; x_wconf 69' lang='grc' dir='ltr'>ἦν</span> <span class='ocrx_word' id='word_1_477' title='bbox 834 4391 908 4459; x_wconf 67' lang='grc' dir='ltr'>ποΊιις</span> <span class='ocrx_word' id='word_1_478' title='bbox 923 4390 1052 4469; x_wconf 78' lang='grc' dir='ltr'>[ἄποικος]</span> <span class='ocrx_word' id='word_1_479' title='bbox 1068 4393 1151 4469; x_wconf 85' lang='grc' dir='ltr'><strong>Κερκ.</strong></span> <span class='ocrx_word' id='word_1_480' title='bbox 1163 4372 1286 4450; x_wconf 82' lang='lat' dir='ltr'>litichele</span> <span class='ocrx_word' id='word_1_481' title='bbox 1295 4412 1321 4462; x_wconf 89' lang='lat' dir='ltr'>r,</span> <span class='ocrx_word' id='word_1_482' title='bbox 1337 4403 1414 4449; x_wconf 85' lang='lat' dir='ltr'>recte</span> <span class='ocrx_word' id='word_1_483' title='bbox 1430 4390 1568 4475; x_wconf 74' lang='lat' dir='ltr'>fortassis.</span> 
     </span>
     <span class='ocr_line' id='line_1_43' title="bbox 186 4484 1659 4570; baseline -0.003 -23"><span class='ocrx_word' id='word_1_484' title='bbox 186 4510 232 4563; x_wconf 91' lang='grc' dir='ltr'>ι7,</span> <span class='ocrx_word' id='word_1_485' title='bbox 247 4512 276 4567; x_wconf 81' lang='grc' dir='ltr'>α,</span> <span class='ocrx_word' id='word_1_486' title='bbox 289 4511 319 4570; x_wconf 90' lang='lat' dir='ltr'>p.</span> <span class='ocrx_word' id='word_1_487' title='bbox 338 4512 386 4567; x_wconf 83' lang='lat'>19,</span> <span class='ocrx_word' id='word_1_488' title='bbox 402 4491 440 4548; x_wconf 80' lang='lat'>28</span> <span class='ocrx_word' id='word_1_489' title='bbox 455 4489 560 4569; x_wconf 82' lang='grc' dir='ltr'><strong>ἔχοντες</strong></span> <span class='ocrx_word' id='word_1_490' title='bbox 571 4488 637 4548; x_wconf 79' lang='grc' dir='ltr'>πολὺ</span> <span class='ocrx_word' id='word_1_491' title='bbox 649 4489 782 4567; x_wconf 83' lang='grc' dir='ltr'><strong>ναυτικόν]</strong></span> <span class='ocrx_word' id='word_1_492' title='bbox 795 4490 830 4555; x_wconf 80' lang='grc' dir='ltr'>ὡς</span> <span class='ocrx_word' id='word_1_493' title='bbox 846 4490 887 4567; x_wconf 87' lang='grc' dir='ltr'>ίχ.</span> <span class='ocrx_word' id='word_1_494' title='bbox 905 4486 935 4547; x_wconf 76' lang='grc' dir='ltr'>τὸ</span> <span class='ocrx_word' id='word_1_495' title='bbox 948 4484 1014 4545; x_wconf 73' lang='grc' dir='ltr'>πολὺ</span> <span class='ocrx_word' id='word_1_496' title='bbox 1029 4510 1054 4547; x_wconf 94' lang='grc' dir='ltr'>ν.</span> <span class='ocrx_word' id='word_1_497' title='bbox 1070 4498 1121 4545; x_wconf 87' lang='lat' dir='ltr'>aut</span> <span class='ocrx_word' id='word_1_498' title='bbox 1133 4492 1290 4567; x_wconf 80' lang='grc' dir='ltr'><strong>παρέχοντες</strong></span> <span class='ocrx_word' id='word_1_499' title='bbox 1312 4486 1380 4545; x_wconf 76' lang='grc' dir='ltr'>πολὺ</span> <span class='ocrx_word' id='word_1_500' title='bbox 1399 4485 1429 4545; x_wconf 74' lang='grc' dir='ltr'>τὸ</span> <span class='ocrx_word' id='word_1_501' title='bbox 1446 4508 1471 4546; x_wconf 93' lang='grc' dir='ltr'>ν.</span> <span class='ocrx_word' id='word_1_502' title='bbox 1485 4489 1497 4543; x_wconf 83' lang='lat' dir='ltr'>i</span> <span class='ocrx_word' id='word_1_503' title='bbox 1509 4485 1659 4545; x_wconf 80' lang='lat' dir='ltr'>liticheler.</span> 
     </span>
    </p>
   </div>
   <div class='ocr_carea' id='block_1_8' title="bbox 54 4581 1600 4762">
    <p class='ocr_par' dir='ltr' id='par_1_26' title="bbox 54 4581 1600 4762">
     <span class='ocr_line' id='line_1_44' title="bbox 54 4581 1600 4667; baseline -0.003 -22"><span class='ocrx_word' id='word_1_504' title='bbox 54 4658 62 4667; x_wconf 31' lang='grc' dir='ltr'><strong>ο</strong></span> <span class='ocrx_word' id='word_1_505' title='bbox 185 4588 235 4665; x_wconf 85' lang='grc' dir='ltr'>ι6,</span> <span class='ocrx_word' id='word_1_506' title='bbox 249 4607 279 4665; x_wconf 95' lang='lat' dir='ltr'>p.</span> <span class='ocrx_word' id='word_1_507' title='bbox 296 4608 343 4663; x_wconf 82' lang='lat'>19,</span> <span class='ocrx_word' id='word_1_508' title='bbox 362 4586 398 4644; x_wconf 88' lang='grc'>35</span> <span class='ocrx_word' id='word_1_509' title='bbox 413 4585 457 4644; x_wconf 81' lang='grc' dir='ltr'>ἐπὶ</span> <span class='ocrx_word' id='word_1_510' title='bbox 471 4585 579 4665; x_wconf 81' lang='grc' dir='ltr'><strong>ταύτης]</strong></span> <span class='ocrx_word' id='word_1_511' title='bbox 594 4586 748 4656; x_wconf 70' lang='lat' dir='ltr'>iselasticus</span> <span class='ocrx_word' id='word_1_512' title='bbox 764 4584 916 4644; x_wconf 85' lang='lat' dir='ltr'>Biicheler.</span> <span class='ocrx_word' id='word_1_513' title='bbox 931 4583 1049 4642; x_wconf 86' lang='lat' dir='ltr'>Codicis</span> <span class='ocrx_word' id='word_1_514' title='bbox 1063 4585 1208 4662; x_wconf 89' lang='lat' dir='ltr'>scriptura</span> <span class='ocrx_word' id='word_1_515' title='bbox 1220 4584 1296 4642; x_wconf 90' lang='lat' dir='ltr'>nihil</span> <span class='ocrx_word' id='word_1_516' title='bbox 1309 4582 1480 4642; x_wconf 84' lang='lat' dir='ltr'>oilcnsionis</span> <span class='ocrx_word' id='word_1_517' title='bbox 1505 4581 1600 4641; x_wconf 82' lang='lat' dir='ltr'>habet.</span> 
     </span>
     <span class='ocr_line' id='line_1_45' title="bbox 184 4679 1475 4762; baseline -0.002 -21"><span class='ocrx_word' id='word_1_518' title='bbox 184 4682 228 4746; x_wconf 96' lang='lat' dir='ltr'>lb.</span> <span class='ocrx_word' id='word_1_519' title='bbox 245 4682 462 4762; x_wconf 76' lang='grc' dir='ltr'><strong>ἐξεπολιόρκησαν</strong></span> <span class='ocrx_word' id='word_1_520' title='bbox 476 4684 499 4741; x_wconf 89' lang='lat' dir='ltr'>ol</span> <span class='ocrx_word' id='word_1_521' title='bbox 513 4681 653 4761; x_wconf 81' lang='grc' dir='ltr'><strong>Ἀθηναῖοι]</strong></span> <span class='ocrx_word' id='word_1_522' title='bbox 668 4682 743 4741; x_wconf 78' lang='grc' dir='ltr'>πόλιν</span> <span class='ocrx_word' id='word_1_523' title='bbox 759 4682 840 4742; x_wconf 82' lang='lat' dir='ltr'>addit</span> <span class='ocrx_word' id='word_1_524' title='bbox 853 4681 993 4739; x_wconf 88' lang='lat' dir='ltr'>Biicheler</span> <span class='ocrx_word' id='word_1_525' title='bbox 1008 4679 1129 4758; x_wconf 84' lang='lat' dir='ltr'>majoris</span> <span class='ocrx_word' id='word_1_526' title='bbox 1143 4680 1361 4759; x_wconf 84' lang='lat' dir='ltr'>perspicuitatis</span> <span class='ocrx_word' id='word_1_527' title='bbox 1374 4684 1475 4757; x_wconf 80' lang='lat' dir='ltr'>gratia.</span> 
     </span>
    </p>
   </div>
   <div class='ocr_carea' id='block_1_9' title="bbox 839 4832 1034 4917">
    <p class='ocr_par' dir='ltr' id='par_1_27' title="bbox 839 4832 1034 4917">
     <span class='ocr_line' id='line_1_46' title="bbox 839 4832 1034 4917; baseline -0.005 0"><span class='ocrx_word' id='word_1_528' title='bbox 839 4832 1034 4917; x_wconf 77' lang='lat' dir='ltr'>susumus.</span> 
     </span>
    </p>
   </div>
   <div class='ocr_carea' id='block_1_10' title="bbox 143 5010 1741 5192">
    <p class='ocr_par' dir='ltr' id='par_1_28' title="bbox 143 5010 1741 5192">
     <span class='ocr_line' id='line_1_47' title="bbox 182 5010 1740 5096; baseline -0.002 -22"><span class='ocrx_word' id='word_1_529' title='bbox 182 5014 301 5075; x_wconf 87' lang='lat' dir='ltr'>Eusebii</span> <span class='ocrx_word' id='word_1_530' title='bbox 319 5016 511 5094; x_wconf 80' lang='lat' dir='ltr'>fragmentum</span> <span class='ocrx_word' id='word_1_531' title='bbox 526 5030 591 5095; x_wconf 87' lang='lat' dir='ltr'>post</span> <span class='ocrx_word' id='word_1_532' title='bbox 604 5015 808 5088; x_wconf 87' lang='lat' dir='ltr'>Wescherum,</span> <span class='ocrx_word' id='word_1_533' title='bbox 823 5016 875 5094; x_wconf 90' lang='lat' dir='ltr'>qui</span> <span class='ocrx_word' id='word_1_534' title='bbox 890 5016 1032 5075; x_wconf 88' lang='lat' dir='ltr'>nonnulla</span> <span class='ocrx_word' id='word_1_535' title='bbox 1046 5014 1107 5093; x_wconf 91' lang='lat' dir='ltr'>jam</span> <span class='ocrx_word' id='word_1_536' title='bbox 1129 5013 1345 5096; x_wconf 56' lang='lat' dir='ltr'>emendaverat,</span> <span class='ocrx_word' id='word_1_537' title='bbox 1359 5013 1515 5092; x_wconf 85' lang='lat' dir='ltr'>separatim</span> <span class='ocrx_word' id='word_1_538' title='bbox 1534 5010 1627 5070; x_wconf 87' lang='lat' dir='ltr'>edidit</span> <span class='ocrx_word' id='word_1_539' title='bbox 1648 5010 1740 5089; x_wconf 88' lang='lat' dir='ltr'>pluri·</span> 
     </span>
     <span class='ocr_line' id='line_1_48' title="bbox 143 5105 1741 5192; baseline -0.003 -22"><span class='ocrx_word' id='word_1_540' title='bbox 143 5131 247 5191; x_wconf 78' lang='lat' dir='ltr'>meque</span> <span class='ocrx_word' id='word_1_541' title='bbox 266 5111 454 5173; x_wconf 82' lang='lat' dir='ltr'>librariorum</span> <span class='ocrx_word' id='word_1_542' title='bbox 469 5112 629 5191; x_wconf 83' lang='lat' dir='ltr'>sphalmata</span> <span class='ocrx_word' id='word_1_543' title='bbox 650 5113 765 5172; x_wconf 90' lang='lat' dir='ltr'>sustulit</span> <span class='ocrx_word' id='word_1_544' title='bbox 778 5113 950 5173; x_wconf 87' lang='lat' dir='ltr'>Theodorus</span> <span class='ocrx_word' id='word_1_545' title='bbox 964 5116 1109 5190; x_wconf 80' lang='lat' dir='ltr'>Gomperz</span> <span class='ocrx_word' id='word_1_546' title='bbox 1124 5112 1189 5192; x_wconf 82' lang='lat' dir='ltr'>(Zu</span> <span class='ocrx_word' id='word_1_547' title='bbox 1204 5116 1259 5170; x_wconf 82' lang='lat' dir='ltr'>den</span> <span class='ocrx_word' id='word_1_548' title='bbox 1271 5112 1463 5189; x_wconf 76' lang='lat' dir='ltr'>griechischen</span> <span class='ocrx_word' id='word_1_549' title='bbox 1475 5105 1741 5188; x_wconf 72' lang='lat' dir='ltr'>Krr‘egsschnsmcl·</span> 
     </span>
    </p>
   </div>
   <div class='ocr_carea' id='block_1_11' title="bbox 0 0 1910 5859">
    <p class='ocr_par' dir='ltr' id='par_1_29' title="bbox 0 0 1910 5859">
     <span class='ocr_line' id='line_1_49' title="bbox 0 0 1910 5859; baseline 0 3"><span class='ocrx_word' id='word_1_550' title='bbox 0 0 1910 5859; x_wconf 95' lang='lat' dir='ltr'> </span> 
     </span>
    </p>
   </div>
  </div>
 </body>
</html>
