3809 5859
232 256 282 317 ’88
617 257 620 262 ’
678 249 878 312 culrosstitl
898 246 1164 310 fllsroutnitutt
1185 247 1257 308 LlB.
1282 248 1305 321 Ι,
1328 248 1438 308 ts-se.

245 386 291 445 καί
313 383 496 460 μετακομίζειν
510 386 619 442 ἐνταῦθα
633 380 692 448 τοθς
707 381 813 463 ἄνδρας·
828 380 893 463 ὅπερ
908 372 941 452 ήν
957 380 1015 439 κίν-
1069 378 1232 459 πορρωτάτω
1252 378 1298 438 καί
1320 380 1485 458 δρμίζουσιν·
1510 380 1535 435 εί
1560 375 1614 455 γάρ
1636 376 1673 451 μά,
1689 381 1759 437 τοῦτο
1769 380 1829 461 τάχος

244 475 316 539 δυνος
329 470 476 551 προφανής,
491 468 646 545 κενουμένου
664 472 716 527 τῶν
739 468 947 547 προμαχομένων
971 472 1015 526 τοῦ
1070 466 1197 543 ἐγεγόνει,
1215 464 1364 526 κατεδύοντ’
1378 466 1408 524 ἂν
1423 468 1449 524 αἱ
1474 463 1601 545 τριήρεις
1620 460 1753 541 αὔτανδροι
1765 469 1827 543 καίή

244 560 325 620 άλλου
342 558 459 635 τείχους,
473 558 518 616 καί
533 555 571 633 μὴ
585 555 734 636 ἀρκούντων
746 560 798 615 τῶν
813 557 1015 633 ίγκαταλελειμ-
1069 552 1159 627 θλκδς,
1172 554 1235 627 μηδ’
1246 552 1364 624 αἴσθησιν
1375 558 1436 631 γοῦν
1444 556 1575 624 ἡντινοῦν
1585 556 1634 611 τοῦ
1645 560 1725 612 κακοῦ
1734 560 1828 632 σχοθοαι·

233 648 345 726 μένων,
357 644 559 722 όλίγωνόντων,
571 643 709 725 φυλάττειν
724 642 799 705 αθτύ.
842 643 874 720 (ν)
887 644 929 703 Οὐ
940 648 1016 701 τοῦτο
1069 639 1151 708 οὕτως
1175 632 1242 712 ήσαν
1267 641 1341 718 έγγθς
1364 646 1410 699 τοῦ
1434 643 1641 720 διαφθαρῆναι,
1655 643 1708 699 τῶν
1727 650 1826 721 μηχανιῖνν

243 732 364 810 δίμόνον
385 724 417 804 ήν
438 732 468 790 τὸ
483 732 577 803 δεινὸν,
590 730 649 790 ἀλλ’
663 730 703 787 ὅτι
723 728 800 801 καλή
823 729 923 809 γέφυρα
944 729 1015 796 τέλος
1070 727 1181 805 ἑτοίμων
1207 729 1291 787 οὐσῶν
1325 729 1429 810 άφεῖναι
1454 728 1521 793 τοὺς
1552 727 1643 794 λίθους
1676 732 1733 787 κατ’
1756 734 1826 795 alsit,

243 820 361 881 λαθοῦσα
380 818 491 885 ὁπλίτας
509 818 614 898 ἐδέχετο
635 817 680 877 καί
705 816 809 886 τοξότας
833 816 1015 884 διαόαίνοντας
1070 816 1107 893 (ι)
1133 815 1264 893 Ῥωμαῖοι
1290 814 1378 892 μέντοι
1402 814 1446 874 καί
1472 814 1576 874 τούτου
1604 815 1780 896 διαμαρτόντες
1796 822 1825 879 οὖν

244 909 288 969 ἐπὶ
301 909 332 966 τδ
345 912 444 987 τεῖχος,
456 905 501 965 καί
515 905 567 964 ἔδει
581 903 721 986 φυλάττειν
734 908 825 963 κοίκεί·
839 906 886 964 καί
904 906 931 964 αί
950 905 1015 983 πρὸς
1069 894 1167 983 είχονό
1184 926 1210 961 τι
1223 926 1252 981 γε
1267 902 1354 983 ίτερον
1368 900 1583 983 διατράξονται,
1596 912 1726 982 μηχαναῖς
1738 906 1761 963 δέ
1773 910 1826 982 μόνον

237 1000 283 1078 »τῷ
299 996 412 1074 στόματι
425 995 452 1053 δὲ
472 999 518 1054 τοῦ
534 992 639 1072 λιμένος
651 993 698 1053 καί
712 998 746 1073 τῇ
760 994 848 1053 ἁλύσει
865 993 973 1061 ὁλκάδες
986 1016 1015 1051 τε
1070 991 1238 1069 τετροόόλοις
1254 990 1306 1050 άπὸ
1320 996 1366 1051 τοῦ
1383 990 1489 1069 τείχους
1502 990 1553 1048 καί
1571 989 1677 1069 βέλεσιν
1690 990 1826 1063 ἔθαλλοντίς

245 1085 292 1144 καὶ
304 1083 417 1165 τριήρεις
427 1084 472 1141 καὶ
486 1084 514 1140 αί
528 1082 608 1141 άλλαι
621 1086 680 1153 νῆες
694 1083 720 1140 έν
740 1083 778 1160 τῷ
791 1080 876 1158 λιμένι
897 1082 1014 1161 φυλακῆς
1069 1080 1130 1141 νοιῧι
1142 1076 1187 1135 ml
1202 1077 1316 1154 οἷνοῖργον
1325 1074 1385 1137 ὅποι
1397 1076 1519 1156 παροίνων
1540 1076 1718 1145 δῑαθοοῦοοι.
1757 1081 1826 1151 ’Ensi-

244 1173 295 1246 ήδη
311 1173 410 1249 μᾶλλον
428 1169 530 1229 ἐδέοντο
547 1168 678 1245 πλείονος,
694 1167 794 1227 ἔνδοθέν
807 1190 837 1226 τε
855 1168 901 1227 καί
923 1168 1016 1237 ἔξωθεν
1071 1160 1141 1221 έθεον
1156 1162 1183 1223 δέ
1197 1162 1242 1221 καί
1258 1162 1372 1242 τριήρεις
1384 1167 1438 1223 τῶν
1453 1162 1512 1223 άπὸ
1534 1168 1585 1223 τοῦ
1600 1162 1726 1240 στόματος
1745 1172 1784 1226 τοῦ
1799 1173 1826 1228 λι·

244 1259 450 1339 πολεμοῦμςναι,
493 1257 663 1337 Πολλαχόθςν
676 1246 721 1317 οὖν
738 1258 825 1323 αὐτοῖς
839 1256 925 1335 ἄπορα
940 1248 973 1329 ἦν
988 1280 1016 1315 τε
1072 1249 1164 1327 μένος,
1185 1249 1243 1309 καθ’
1264 1250 1367 1329 ἡμέραν
1390 1250 1540 1311 &trimetri
1555 1274 1587 1310 'rt
1604 1252 1686 1319 αθτάς
1702 1254 1743 1312 καί
1763 1260 1824 1336 άνείρ-

245 1350 291 1408 καί
305 1348 402 1421 έδόκει,
414 1345 483 1419 πλήν
498 1368 528 1424 γε
547 1345 579 1418 δή
593 1349 642 1405 οθκ
657 1344 771 1421 ἠμέλουν
793 1348 823 1404 ts
841 1348 892 1404 τῶν
906 1344 1016 1404 ἐνόντων
1070 1361 1163 1417 γονοοιι
1174 1343 1220 1399 τοῦ
1236 1339 1313 1415 μήτι
1330 1338 1458 1417 βλάπτειν
1470 1342 1500 1398 έν
1512 1342 1554 1419 τῷ
1570 1339 1677 1414 λιμένι,
1692 1342 1825 1411 πολλάκνςθέ

245 1440 297 1497 τῶν
309 1438 436 1495 δυνατῶν.
821 1460 825 1467 ·
1071 1428 1116 1485 καί
1140 1426 1218 1507 μέχρι
1241 1426 1305 1507 πρός
1327 1427 1376 1499 τὴν
1405 1432 1455 1505 γῆν
1484 1428 1685 1489 έττοκέλλουσαι
1712 1431 1768 1509 πρὸς
1784 1434 1823 1499 rol:

285 1523 382 1583 xth.
403 1523 541 1589 ’ίουστῖνος
562 1522 627 1601 γάρ,
651 1521 716 1600 άρας
742 1520 805 1599 μίαν
825 1524 877 1579 τῶν
899 1519 1017 1579 ὁλκάδων
1074 1516 1189 1590 tauros,
1214 1516 1241 1572 αί
1267 1514 1294 1574 δέ
1318 1516 1398 1572 πάλιν
1424 1514 1614 1594 ὑπέστρεφον,
1641 1517 1823 1597 άναστριρυνσθν

248 1616 327 1673 αὐτοῦ
338 1610 390 1670 άπὸ
400 1617 445 1669 τοῦ
456 1608 585 1686 στόματος
595 1612 641 1667 τοῦ
651 1609 755 1684 λιμένος
765 1606 810 1666 καί
819 1605 1017 1667 τῶνἸταλικῶν
1073 1604 1125 1658 τῶν
1148 1600 1287 1681 τριήρεων,
1309 1602 1355 1660 καθ
1377 1600 1452 1682 παρά
1477 1602 1567 1667 πόθοις
1596 1601 1760 1675 ἠκολούθουν,
1778 1606 1820 1680 βίλ·

248 1700 374 1779 τριήρεων
389 1702 472 1776 τρεῖς,
488 1696 580 1772 ίπάγει
594 1694 662 1754 κατά
679 1694 709 1753 τδ
724 1695 810 1773 στόμα
831 1702 877 1754 τοῦ
901 1696 1017 1769 κόλπου,
1072 1690 1164 1745 λονοον
1176 1689 1221 1747 κοί
1236 1688 1408 1767 βολλὸμοναῑ·
1425 1688 1473 1749 καὶ
1489 1688 1566 1748 οθῖν)
1584 1688 1820 1768 θορνθνθίίονῐονοί

246 1780 275 1847 ού
287 1786 423 1867 ἐφώρμουν
433 1787 461 1841 ai
471 1788 530 1856 νῆες
541 1790 585 1842 τοῦ
599 1784 741 1862 βασιλέως,
753 1783 799 1842 καλ
813 1784 913 1862 δρμίζει
926 1785 1018 1858 αὐτοῦ,
1072 1772 1185 1853 filistim·
1859 1844 1860 1857 ¹

246 1876 280 1935 ίν’
294 1878 340 1934 τίετ’
356 1876 441 1934 αθτιῗνν
457 1880 557 1933 ποιοῖτο
570 1872 613 1931 τὀν
633 1872 763 1949 πολεμον,
780 1872 824 1930 καί
836 1872 960 1951 κατιίργῃ
973 1870 1019 1937 τάς
1112 1860 1197 1923 XLV.
1221 1863 1308 1923 llari·
1320 1864 1347 1923 δέ
1365 1861 1412 1930 τθι
1428 1864 1514 1929 οὖτθιι
1534 1862 1641 1942 ἡμέρας
1654 1862 1778 1945 ξυνηνέχθη
1791 1870 1818 1923 κύ

247 1961 375 2040 πολεμίας
389 1965 451 2027 ναῦς
464 1963 490 2019 έν
505 1962 543 2039 τῷ
560 1960 667 2038 κόλπῳ,
683 1960 807 2037 μηδαμοῦ
825 1956 1018 2030 trenorciensi
1074 1948 1146 2019 τάδε,
1154 1949 1221 2029 άπερ
1229 1950 1378 2026 θεοσημείαί
1386 1974 1452 2018 τινες
1460 1943 1533 2024 ήσαν
1545 1950 1593 2009 καί
1604 1950 1819 2031 προφοιθασμοίτιίν
1859 1962 1860 1967 ’

249 2051 376 2131 βλάπτειν
392 2046 537 2123 δυναμένας
553 2046 597 2106 τόν
617 2070 646 2106 τε
668 2048 763 2124 λιμένα
784 2046 829 2106 καί
851 2048 885 2108 τδι
906 2052 932 2109 ἐν
947 2050 1019 2127 αὐτῷ
1075 2044 1204 2121 ἐσομένων
1213 2044 1271 2105 ὅσον
1280 2044 1676 2127 υθτῇπόλειδεινῶν.ί]ρ“ογίιρ
1686 2046 1817 2125 τριῶνήτιτι

246 2138 347 2217 σκάφη.
395 2139 448 2198 Καὶ
461 2134 533 2203 ἔδοξε
546 2142 621 2194 τοῦτο
643 2133 736 2215 ἀρίστη
752 2134 833 2213 βουλὴ
847 2135 892 2195 κτλ
915 2136 1020 2195 άντιτέ-
1074 2131 1160 2211 τάρων
1170 2134 1276 2214 ἡμερῶν
1285 2141 1331 2193 τοῦ
1339 2133 1455 2212 πολέμου
1466 2134 1684 2204 θεοκλητούντων
1691 2133 1777 2193 τάντον
1784 2136 1816 2191 τίν

246 2248 355 2305 χνησις,
367 2224 430 2303 πρὸς
440 2222 529 2303 καιρὸν
541 2220 639 2297 μέντοι.
664 2222 698 2302 (α)
711 2223 860 2302 Μεχέμιτις
874 2222 925 2303 γάρ
942 2228 957 2282 ό
972 2227 1020 2302 βοι-
1076 2222 1103 2279 ίν
1113 2225 1146 2300 τῇ
1156 2221 1337 2301 πόλειάνθριῒιν
1345 2227 1410 2298 ὁμοῦ
1420 2245 1448 2280 τε
1458 2222 1509 2281 καὶ
1519 2220 1815 2301 γυναικῶν,καίπιριερχο

249 2311 335 2379 σιλεθς
345 2315 422 2371 τοῦτο
435 2308 509 2388 γνοθς
520 2312 700 2389 ἀντιτεχνᾶται
710 2310 817 2370 τοιόνδε.
843 2308 1020 2377 Κελιόειτοθς
1075 2308 1486 2387 μένωναθιήνμιτδτήςείκόνος
1497 2309 1814 2388 ήςθεομήτοροςμίτητιῖν

250 2399 446 2480 μηχανοποιοὺς
455 2397 545 2464 νυκτὸς
556 2398 740 2476 ἀπαγαγόντας
748 2396 832 2476 λάθρα
843 2397 889 2465 τάς
900 2397 1022 2479 μηχανάς
1075 2400 1169 2478 χειρῶν
1183 2397 1277 2479 αἴφνης
1290 2401 1439 2457 έκπεσοῦσα
1452 2402 1508 2457 τῶν
1530 2396 1813 2476 κατεχόντων,μηδιμιίς

249 2493 332 2547 θεῖναι
342 2484 416 2564 παρά
428 2485 473 2543 τὸν
488 2483 605 2561 αίγιαλθν
617 2484 725 2564 άντικρθ
737 2475 766 2545 ού
778 2485 913 2566 ίριίνρμουν
923 2488 951 2544 αί
963 2490 1021 2556 νῆες
1075 2491 1228 2556 ἡστινοσοῦν
1243 2484 1359 2565 ἀνάγκης
1371 2486 1388 2557 ἣ
1404 2486 1462 2565 βίας
1477 2492 1494 2558 ἡ
1537 2486 1668 2561 σαμένης,
1680 2484 1765 2564 πρηνής
1774 2484 1813 2543 irs·

249 2574 323 2645 καὶὴ
338 2572 432 2644 δλκθις,
446 2573 492 2632 καί
507 2573 610 2654 άρείναι
623 2572 681 2640 τοθς
698 2572 783 2638 λίθους
797 2574 856 2631 κατ’
871 2575 968 2635 αὐτῶν.
986 2576 1022 2634 0t
1076 2595 1120 2631 σεν
1143 2572 1185 2631 ἐπ’
1202 2572 1306 2654 ίδαφος.
1349 2573 1461 2635 Πάντων
1485 2596 1533 2633 ον
1560 2570 1749 2643 άναθαησιίντων
1764 2570 1811 2633 :itt

250 2662 277 2721 δὲ
292 2667 388 2721 θᾶσσον
402 2665 480 2720 τοῦτο
488 2661 659 2737 ποιήσαντες,
671 2660 797 2737 βάλλουσι
812 2658 875 2733 μίαν
887 2664 938 2719 τῶν
949 2660 1022 2739 τριή·
1077 2660 1122 2720 καί
1143 2660 1389 2740 ξυνδεδραμηκότων
1400 2664 1427 2729 ές
1448 2662 1600 2723 άνάστασιν
1612 2664 1659 2731 τῆς
1669 2660 1761 2729 είκόνος,
1769 2658 1810 2728 αίτη

251 2773 316 2829 ρεων
334 2749 403 2809 κατά
420 2748 499 2825 μίτον
522 2746 568 2806 καί
591 2747 763 2807 καταδύουσιν
789 2745 930 2828 αὔτανδρον
951 2748 1022 2819 πλὴν
1078 2750 1177 2823 μᾶλλον
1204 2748 1294 2828 έόρίθη
1316 2750 1389 2811 κάτω
1415 2750 1553 2827 μολύὸδου
1577 2748 1652 2821 δίκην
1673 2746 1807 2829 βαρυνομένη,

249 2840 343 2914 ὀλίγων
366 2835 435 2895 πάνυ
458 2834 662 2913 άπονηξαμένων
684 2837 710 2902 ές
732 2835 778 2902 τάς
797 2835 877 2901 ἄλλοις
890 2836 1023 2915 τριήρεις,
1077 2835 1167 2915 ὥσπερ
1177 2837 1334 2917 ίνισχημένη
1346 2841 1384 2917 τῷ
1394 2836 1553 2918 έδάφει,καὶ
1564 2836 1631 2905 ὅλως
1641 2834 1808 2897 δυσαπόσπαστο

249 2925 294 2985 καί
310 2927 333 2982 οἱ
354 2927 380 2983 έν
401 2926 493 2992 αθταίς
516 2922 587 2991 ὄντες
610 2921 683 2990 εθθθς
706 2920 835 2999 άπάγυυσί
850 2943 878 2980 τε
893 2923 974 2989 αὐτὰς
989 2926 1024 2989 ὡς
1078 2915 1121 2996 ἧν.
1165 2924 1199 3003 (ν)
1215 2924 1268 2984 lieri
1282 2929 1358 2983 τοῦτο
1372 2926 1411 3003 ἐφ’
1422 2924 1519 2996 ίκανήν
1541 2924 1615 3005 ὥραν
1636 2920 1778 3003 έγίνιτο,ίας
1790 2910 1808 2978 σί

281 3102 365 3149 xilv.
380 3100 428 3163 §2
443 3099 583 3163 γνοὺς]ίδὼν
591 3112 656 3161 rugo.
666 3099 676 3156 11
686 3127 712 3134 -
724 3102 747 3149 θ.
760 3098 1061 3161 διαμαρτόντες..έ6αλλον..
1078 3100 1254 3163 έποκέλλουσαι]
1265 3103 1448 3162 διαμετριΐνντες..
1463 3101 1571 3151 wales..
1588 3102 1735 3151 έπωκαλουσαι
1745 3096 1803 3145 ader.

251 3171 287 3218 ne
296 3168 335 3216 lris
348 3170 440 3231 prater
455 3167 609 3217 Critobulum
625 3181 689 3216 unus
704 3170 786 3217 coms
805 3180 829 3231 p.
849 3170 904 3227 277,
913 3181 1065 3231 quamquem
1084 3169 1165 3231 paullo
1183 3170 1262 3228 aliter,
1277 3170 1383 3232 exponit.
1404 3170 1477 3229 Τότε,
1492 3169 1545 3229 ait,
1560 3172 1574 3219 i
1587 3169 1676 3231 Λόγγος
1690 3168 1803 3216 'masuic

251 3239 369 3298 ἐσκέψατο
380 3237 419 3284 διὰ
430 3241 471 3293 τῆς
481 3236 565 3290 νυκτός
578 3237 732 3297 προσεγγίσαι
742 3241 794 3293 ταῖς
806 3237 908 3299 τριήρεσι
919 3238 960 3285 καί
975 3238 1092 3300 ίμηρῆσαι
1105 3238 1198 3293 ταύτας.
1212 3239 1259 3287 liat
1271 3238 1299 3296 δή
1315 3238 1442 3299 ίτοιμάσας
1464 3239 1523 3301 μίαν
1534 3244 1583 3287 τῶν
1599 3240 1704 3300 τριήρων
1715 3236 1743 3283 καί
1753 3234 1804 3293 βαλέει

252 3310 277 3357 έν
290 3308 350 3371 αὐτῇ
362 3307 416 3362 sois:
428 3306 601 3367 δοκιμωτάτους
613 3312 663 3356 τῶν
673 3307 768 3357 Ἰταλῶν
778 3308 818 3355 καί
828 3314 928 3356 παντοῖα
940 3310 1059 3371 μηχανικὰ
1073 3309 1160 3369 σκεύη,
1173 3310 1268 3359 ίσταντο
1281 3310 1428 3371 ἐκδεχόμενοι
1442 3312 1484 3367 τήν
1498 3311 1576 3372 ὥραν.
1592 3312 1622 3359 ot
1638 3308 1662 3357 δέ
1679 3310 1767 3357 ramirus
1775 3307 1803 3350 roi

252 3378 345 3427 Γαλατᾶ
358 3376 469 3438 μαθόντες
485 3377 514 3425 εδ
527 3374 644 3437 δρώμενον
662 3376 805 3436 ἀπήγγειλαν
819 3382 868 3431 τοῖς
882 3377 1044 3439 respnsorem
1058 3379 1083 3427 ii
1102 3383 1130 3441 τῇ
1150 3380 1216 3427 ιτικτί
1235 3378 1311 3439 instas
1329 3379 1442 3442 ᾶγμνπνοι
1459 3378 1688 3441 διανυκτερεύσαιτες
1704 3378 1735 3423 καί
1747 3372 1803 3421 svs<
1855 3340 1856 3415 ί

251 3446 358 3508 έτοίμους
381 3445 566 3509 παραταξάμενοι
584 3445 637 3501 τοθς
656 3445 770 3501 Λατίνους
783 3447 921 3508 ίξεδέχοντο.
935 3449 966 3496 0l
978 3449 1003 3497 δέ
1018 3452 1112 3497 Λατῖνοι
1126 3449 1159 3509 μὴ
1174 3448 1266 3509 γνόντες
1279 3450 1307 3498 τὸ
1323 3450 1421 3511 μηνυθίν
1434 3450 1499 3511 παρὰ
1519 3454 1569 3498 τῶν
1587 3453 1630 3498 τοῦ
1643 3446 1758 3497 Γαλατάιίι
1771 3442 1804 3493 ult

251 3518 359 3576 άσεθιίς,
375 3515 427 3577 περὶ
450 3517 524 3577 μέσας
545 3515 628 3570 νύκτας
647 3516 742 3579 άρσασα
761 3516 802 3571 τάς
815 3514 939 3578 άγνυοωὴ
956 3518 1047 3580 τριήρης
1068 3518 1170 3581 ἀψοφητὶ
1190 3524 1238 3574 τοϊς
1255 3519 1343 3575 πλοίοις
1362 3520 1500 3577 πλησιάζων
1513 3520 1553 3580 ἦν.
1573 3521 1605 3569 Ol
1618 3519 1642 3567 ei
1661 3520 1742 3579 Τοῡριιοι
1757 3515 1802 3569 liii

253 3586 338 3650 βοτάνη
351 3590 391 3642 τῆς
406 3590 492 3643 σκευῆς
504 3589 549 3647 πῦρ
561 3584 696 3646 βάλλοντες,
709 3586 749 3633 καί
760 3586 789 3643 δὴ
803 3585 941 3648 ίκπεμρθεὶς
954 3588 967 3633 ὁ
978 3587 1039 3642 λίθος
1052 3588 1112 3635 κατὰ
1124 3592 1164 3646 τῆς
1173 3589 1274 3651 τριήρεες
1290 3589 1330 3637 καὶ
1347 3588 1389 3637 σὺν
1400 3591 1455 3653 ήχνρ
1468 3590 1576 3652 πλείστῳ
1587 3587 1687 3651 κραθσαν
1697 3584 1753 3639 airis
1761 3580 1802 3629 5²³⁸

252 3657 317 3705 κάτω
334 3655 476 3718 inmixtos
493 3656 536 3704 σθν
552 3659 600 3711 τοῖς
622 3654 742 3710 ἐπιδάταις
756 3656 850 3718 πέμψας
862 3657 895 3709 είς
908 3655 988 3717 βυθόν.
1007 3659 1084 3706 Τοθτο
1096 3655 1152 3715 τοθς
1166 3657 1279 3714 Λατίνους
1291 3659 1323 3713 είς
1336 3658 1407 3717 νόθον
1418 3662 1458 3709 καί
1470 3659 1576 3719 ἀγωνίαν
1597 3659 1625 3708 οθ
1643 3655 1718 3719 μικράν
1731 3651 1803 3703 inlisit,

253 3729 292 3777 καί
306 3729 347 3777 τὸν
359 3726 468 3785 Ἰωάννην
487 3726 531 3775 ούκ
552 3728 584 3781 είς
604 3726 689 3788 μικράν
702 3726 814 3788 ἀθυμίαν·
835 3726 898 3785 ἦσαν
919 3725 965 3789 γάρ
984 3730 1006 3775 sl
1027 3729 1245 3784 κατακοντισθέντος
1268 3730 1366 3787 ἅπαντας
1385 3732 1412 3780 ln
1433 3738 1474 3791 τῆς
1486 3734 1560 3781 αὐτοῦ
1570 3731 1623 3789 νηὸς
1637 3729 1720 3783 siluros
1729 3725 1764 3771 νέοι
1777 3720 1801 3765 ιο

252 3796 303 3843 λίαν
320 3795 459 3856 πολεμισταί
480 3795 540 3857 ὑπὲρ
552 3794 606 3849 τοὺς
623 3794 666 3857 ρν’.
679 3795 739 3842 Post
756 3793 809 3843 hec
826 3795 910 3842 Duess
927 3796 1011 3845 narrat
1026 3798 1119 3845 ‘lurcos
1133 3795 1180 3845 sui
1195 3796 1243 3846 diei
1258 3798 1354 3849 initium
1371 3798 1515 3849 bonnaria
1533 3798 1585 3849 ictu
1599 3792 1729 3846 θεειιεεείτέε
1745 3798 1802 3836 ιννοο

253 3866 421 3913 Gmorensem
444 3862 476 3912 ad
495 3862 588 3912 Galata
601 3864 696 3926 portam
710 3862 829 3925 positam,
844 3876 901 3925 que
918 3863 1044 3915 mercibus
1060 3868 1148 3915 onusta
1174 3865 1198 3915 iu
1222 3868 1318 3919 italien
1338 3868 1485 3933 navigatura
1497 3871 1561 3919 erat.
1574 3870 1629 3917 lam
1642 3876 1711 3926 quum
1720 3853 1803 3908 οινίνθίο

253 3933 387 3983 chuensis
404 3933 489 3996 procul
509 3933 584 3983 dubio
600 3932 686 3983 eedem
706 3934 940 3996 sit,qusm1actoe
956 3935 1017 3985 colle
1033 3936 1127 3986 Galatis
1141 3936 1221 3999 lapide
1233 3939 1305 3989 Turei
1321 3940 1440 3989 delevisse
1451 3940 1570 3989 dicuntur
1583 3936 1638 3987 ttail
1651 3948 1681 3983 ru.
1695 3928 1729 3980 θίε
1743 3926 1800 3988 quinto

254 4002 368 4065 (Barbsr.
386 4016 410 4065 p.
422 4008 461 4051 35.
475 4002 532 4052 vti.
543 4001 658 4066 supraasl
671 4015 727 4065 cap.
737 4007 785 4062 38),
795 4004 926 4053 iustiniani
938 4004 1057 4067 expeditio
1068 4006 1202 4055 secundum
1211 4008 1288 4057 Duce
1300 4010 1462 4059 narrationem
1474 4008 1586 4069 eiusdem
1601 3998 1735 4055 musisdiei
1743 3996 1803 4069 ςιιθο

256 4071 402 4122 vindicando
411 4072 483 4121 toret.
496 4072 581 4122 Pontis
594 4072 757 4133 constructio,
765 4085 840 4135 quam
853 4073 968 4138 deinceps
985 4077 1068 4126 Duces
1083 4079 1182 4133 narrat,
1197 4076 1393 4129 sec.Barbsn1m
1407 4078 1514 4141 pertinet
1527 4077 1560 4127 acl
1573 4076 1636 4127 diem
1653 4074 1705 4123 llll.
1717 4060 1800 4117 θείωθνθ

254 4146 339 4192 eutem
353 4143 429 4193 rerba
445 4143 467 4193 si
478 4156 576 4207 premas
590 4144 622 4207 (c.
635 4147 675 4205 45,
697 4143 729 4206 1),
746 4144 880 4194 iustiniani
897 4160 1015 4196 conamen
1035 4147 1065 4196 ad
1084 4146 1149 4197 ἀίειν
1167 4150 1230 4198 xxv
1242 4162 1275 4199 ou
1295 4152 1368 4201 llllvt
1389 4149 1447 4199 Maii
1467 4146 1619 4199 r'eierendum
1639 4144 1701 4193 toret.
1720 4138 1800 4188 θείοιο

255 4212 363 4276 reputari
380 4212 452 4261 velim
468 4212 529 4262 nibil
540 4213 607 4276 epod
620 4212 775 4263 critobutum
783 4217 810 4265 et
822 4216 918 4264 Ducam
928 4216 976 4279 legi
987 4215 1018 4265 de
1027 4216 1120 4266 iacebo
1131 4220 1197 4267 Coeo
1208 4222 1315 4280 Veneto,
1328 4219 1371 4283 qui
1384 4218 1471 4283 Aprilis
1483 4216 1524 4268 dle
1544 4215 1655 4266 vicesimo
1666 4214 1740 4261 actam
1751 4212 1801 4275 οιιεξ

254 4280 367 4331 aTurcls
377 4282 402 4331 in
411 4285 511 4345 portum
522 4282 679 4333 transductus
689 4282 819 4333 incendere
833 4283 951 4345 tentent,
967 4284 1010 4335 sesl
1024 4298 1087 4335 cusu
1099 4286 1204 4347 excidit,
1216 4300 1293 4349 quarn
1305 4289 1432 4339 consillum
1448 4288 1484 4337 rei
1496 4300 1510 4337 a
1523 4282 1682 4337 Geuueasrlrus
1693 4270 1799 4328 Μοιθεοιεθ

254 4351 379 4416 proditum
392 4354 458 4401 esset
478 4354 504 4400 et
522 4352 592 4401 νεανία
610 4351 667 4403 coci
685 4351 826 4403 lombarda
839 4354 921 4417 lapide
938 4355 1090 4417 frangeretur
1102 4359 1140 4417 (V.
1158 4357 1280 4407 Barbarus
1294 4371 1318 4421 p.
1331 4364 1370 4419 29,
1383 4359 1504 4409 Pusculus
1523 4361 1547 4418 4,
1566 4358 1610 4405 574
1628 4364 1690 4413 σοον
1703 4342 1799 4395 Ρθθθίθς

255 4435 281 4486 p.
297 4425 352 4476 259.
371 4421 513 4471 leonardus
523 4434 548 4483 p.
562 4424 617 4471 ill.
628 4421 666 4471 cl.
679 4422 753 4472 etism
773 4423 981 4491 chalcooonclplus
998 4439 1025 4488 p.
1042 4427 1096 4487 ³³7,
1112 4426 1158 4488 17).
1172 4429 1230 4477 llaec
1246 4428 1279 4477 ita
1294 4433 1434 4491 comparatu
1454 4432 1524 4489 suut,
1538 4429 1565 4476 ut
1584 4427 1664 4485 magni
1678 4430 1726 4467 νῦν
1738 4408 1799 4475 Ρίθθί·

255 4490 355 4540 bilitatis
371 4490 450 4553 specie
463 4490 595 4539 l'llissenus
605 4490 622 4539 l.
634 4490 653 4540 l.
665 4503 688 4553 p.
704 4495 733 4540 ο7
746 4493 877 4555 conjecerit
893 4493 1002 4555 ejusdem
1021 4494 1055 4544 rei
1070 4496 1210 4545 memoriam
1222 4498 1341 4546 curiatam
1354 4498 1454 4547 subesse
1467 4497 1498 4545 iis
1510 4508 1566 4560 que
1576 4494 1605 4543 de
1614 4487 1732 4540 lastiniam
1742 4478 1797 4528 numi

257 4562 353 4619 Duces,
370 4560 411 4610 eui
424 4573 489 4609 nune
500 4559 626 4610 addendus
640 4560 789 4611 critobulus.

286 4632 363 4680 XLV.
385 4633 422 4680 De
436 4630 483 4679 lroc
497 4630 616 4679 miraculo
629 4630 693 4693 apud
711 4634 808 4681 eeteros
827 4634 959 4697 scriptores
977 4634 1035 4685 nihil
1049 4636 1144 4699 legitur.
1158 4637 1290 4697 imaginem
1304 4637 1409 4699 intellige
1430 4636 1541 4700 Deipsrae
1559 4640 1598 4691 ris
1615 4623 1742 4691 θὸνιτοθίνίν
1753 4614 1796 4664 “¹“
1852 4638 1853 4661 ί

257 4700 391 4750 berrimum
403 4700 471 4751 urbis
483 4700 629 4765 palladium,
640 4699 672 4750 de
684 4714 734 4763 quo
747 4702 803 4752 virle
817 4705 971 4766 Dumngium
980 4705 1004 4754 in
1016 4706 1100 4756 Consi.
1111 4706 1205 4764 ¹ilhrisi.
1216 4707 1257 4757 lilr.
1269 4711 1284 4757 4
1296 4720 1320 4771 p.
1334 4712 1365 4757 90
1377 4720 1417 4770 sq.
1432 4710 1457 4757 et
1470 4708 1568 4757 lillisseu
1579 4704 1601 4753 iu
1614 4702 1661 4750 noi.
1672 4694 1699 4745 sd
1708 4686 1796 4740 plimon

258 4772 385 4821 Constant.
404 4771 421 4821 l.
441 4772 459 4821 l.
481 4786 507 4835 p.
526 4773 708 4823 eclesiarum
726 4773 837 4825 solennes
851 4788 954 4838 pompas
968 4776 1157 4839 supplicantium
1170 4781 1229 4828 tuuc
1241 4792 1285 4843 per
1297 4778 1385 4829 urbem
1404 4778 1584 4841 perunbulssse
1596 4768 1686 4823 ιιοποοῑ
1699 4758 1796 4829 Ρθηθίίί

256 4854 281 4903 p.
293 4843 372 4903 sins
385 4842 454 4905 (μετὰ
469 4848 517 4891 τῶν
528 4842 603 4904 διγίων
617 4844 658 4890 καί
674 4848 769 4891 σιπτῶν
778 4843 873 4893 εἰκόνων
886 4847 986 4894 καὶτῶν
1000 4846 1068 4895 θείων
1089 4848 1266 4911 έκτυτεωμάτων
1281 4852 1348 4913 ίιριίς
1366 4849 1406 4897 καί
1421 4850 1536 4911 μοναχοί,
1548 4841 1646 4908 γυναῖκές
1659 4851 1680 4884 τε
1691 4831 1722 4881 καί
1737 4822 1795 4873 ποθί

258 4910 316 4970 μετὰ
323 4911 428 4974 δακρύων
438 4912 477 4961 διά
486 4917 532 4960 τῶν
539 4916 626 4973 τειχῶν
635 4916 676 4970 τῆς
685 4910 775 4967 πόλεως
783 4912 957 4977 περιερχόμενοι
967 4916 994 4964 τὸ
1004 4916 1068 4979 κύριε
1078 4916 1173 4975 ἐλέησον
1184 4919 1242 4980 μετά
1249 4920 1354 4981 δακρύων
1363 4916 1479 4983 ἔκραζον),
1486 4916 1579 4968 Puscul.
1587 4917 1609 4971 4,
1618 4913 1658 4961 229
1664 4899 1793 4964 (mamm

260 4980 301 5028 uer
311 4977 475 5043 efficiensque
485 4980 627 5031 verendam
638 4980 799 5044 supplicibus
808 4986 919 5047 portant
928 4986 995 5033 votis
1001 4996 1053 5047 per
1060 4987 1167 5047 menta,
1176 4988 1243 5049 etc),
1250 4985 1390 5037 leonardus
1399 5000 1422 5051 p.
1433 4990 1488 5037 ³³0.
1499 4986 1536 5037 et.
1544 4986 1620 5034 Duces
1627 4990 1648 5041 p.
1656 4972 1702 5024 tlt.
1711 4966 1794 5016 fflmnsr

256 5048 274 5099 l.
287 5047 304 5099 l.
318 5053 339 5110 t,
352 5062 377 5112 p.
391 5053 445 5101 544.
461 5050 472 5114 ΙΙ
488 5078 517 5091 -
530 5050 545 5115 §
558 5056 579 5101 t.
595 5051 749 5118 βαρυνομένη]
766 5055 825 5105 lieo
837 5066 886 5105 ros
898 5055 1026 5119 suppletur
1036 5055 1061 5105 iu
1076 5056 1214 5123 msrginel
1229 5084 1256 5093 -
1268 5058 1283 5123 ς
1296 5062 1311 5109 4
1327 5058 1603 5123 scrinadanmani
1616 5045 1726 5111 ιθνίθθ
1737 5046 1762 5081 θ’
1775 5028 1789 5073 ί
