3809 5859
209 294 249 375 xij
852 293 1150 355 rnonnoonnnx.

209 428 303 487 tertiae
316 424 376 505 περὶ
390 423 533 503 ἱερωσύνης
547 425 588 505 (p.
601 434 667 501 τοι..
685 424 774 482 12-52
788 424 834 483 ed.
846 424 981 502 Diibner)
994 439 1023 485 et
1036 425 1188 484 dimidiam
1202 425 1261 482 lere
1276 436 1387 502 partem
1403 422 1546 481 orationis
1558 435 1670 499 quartae
1685 423 1726 500 (p.
1742 419 1817 496 295,

213 546 225 581 1
238 555 278 569 -
290 527 358 595 302,
371 544 405 579 τι
423 523 458 581 ed
474 522 536 599 D.).
550 522 680 600 Sequens
692 522 861 598 quaternio,
875 523 927 600 qui
938 524 1053 601 reliqua
1065 526 1105 601 (p.
1120 524 1188 593 302,
1201 541 1235 578 aa
1247 554 1285 564 -
1298 520 1367 593 308,
1381 516 1428 597 tr)
1441 516 1626 589 continebat,
1639 517 1671 575 in
1683 505 1822 576 Parisino

209 620 287 678 libro
301 618 444 677 excidisse
459 618 604 697 putandus
615 631 669 677 est.
685 622 805 676 Servata
816 618 907 677 verba
921 619 1024 677 ultima
1035 632 1064 677 et
1076 619 1172 698 prima
1190 617 1281 696 partis
1295 615 1454 694 deperditae
1465 616 1508 674 ita
1519 614 1629 673 habent
1644 636 1652 671 z

249 718 291 776 ot
305 715 356 797 γάρ
373 714 437 795 πρὸς
452 715 479 774 ἓν
494 705 559 785 εἶδος
573 721 637 792 ἡμῖν
654 714 769 795 μάχηςῆ
797 714 961 787 παρασκευὴ,
976 715 1046 773 ἀλλὰ
1060 715 1177 787 ποικίλος
1191 706 1265 779 οὗτος
1280 715 1294 769 θ
1308 711 1420 787 πολεμος
1441 710 1488 770 καί
1512 713 1543 769 ἐκ
1564 710 1693 791 διαράρινν
1708 732 1824 787 συγκρο-

208 812 330 886 τοίμενος
343 816 395 871 τῶν
411 814 556 892 ἐχθρῶν...
577 810 629 871 Καὶ
647 812 686 871 δεῖ
702 812 746 870 τὸν
763 809 892 887 μέλλοντα
915 812 963 880 τὴν
982 810 1046 891 πρὸς
1061 812 1167 879 πάντας
1184 810 1357 889 ἀναδέχεσθαι
1371 809 1383 887 ΙΙ
1398 809 1490 888 μάχην
1504 806 1552 875 τὰς
1575 807 1700 866 ἁπάντων
1721 810 1822 867 εἰδέναι

212 909 320 991 τέχνας,
335 909 381 969 καὶ
395 911 440 969 τθν
456 909 534 969 αὐτὸν
548 908 655 981 τοξότην
671 932 698 967 τε
713 899 779 968 εἶναι
793 907 838 968 καλ
852 908 1029 988 spartariam
1046 908 1092 967 καὶ
1105 907 1246 987 ταξίαρχον
1259 907 1305 965 καὶ
1320 906 1436 985 λοχαγὸν
1448 904 1494 963 καλ
1505 905 1669 985 στρατιώτην
1681 906 1728 963 καὶ
1738 926 1826 984 στρα-

212 1008 292 1085 τηγὸν
307 1006 352 1066 καί
366 1006 444 1076 πεζὸν
457 1007 502 1065 καὶ
515 1006 598 1065 ἱππέα
609 1006 655 1065 καὶ
667 1006 808 1086 ναυμάχην
821 1005 865 1066 καί
878 1004 1054 1083 τειχομάχην.

252 1104 273 1159 F
274 1104 356 1162 usius
368 1104 507 1182 deinceps
519 1116 620 1161 auctor
633 1103 755 1181 exponit
768 1101 885 1180 quantis
898 1100 1011 1175 ingenii
1025 1100 1144 1159 dotibus
1156 1120 1190 1157 ac
1204 1100 1333 1158 scicntia.
1347 1099 1442 1177 copiis
1455 1100 1616 1157 instructus
1627 1118 1690 1157 esse
1704 1097 1823 1171 debeat,

211 1201 236 1259 si
252 1201 319 1276 quis
332 1200 381 1271 τὴν
395 1206 440 1259 τοῦ
455 1201 525 1260 Θεοῦ
537 1198 614 1258 πόλιν
629 1211 731 1257 contra
741 1199 867 1277 impetus
884 1198 1012 1256 hostium
1030 1198 1299 1257 diversissimorum
1314 1196 1522 1255 defendendam
1538 1194 1596 1254 sibi
1618 1196 1824 1273 proposuerit.

213 1295 299 1354 Vides
315 1297 496 1374 spiritualem
512 1295 655 1373 quandam
671 1308 762 1353 artem
776 1295 997 1374 poliorceticam
1009 1293 1243 1372 praecedentibus
1254 1313 1272 1351 a
1283 1293 1390 1351 clerico
1405 1292 1532 1369 quodam
1547 1290 1698 1369 subjungi.
1709 1290 1828 1360 Quodsi

213 1394 299 1451 simul
311 1393 505 1451 antecedentis
520 1392 661 1450 orationis
676 1411 743 1470 pars
755 1403 903 1469 postrema
919 1389 1088 1463 exhibetur,
1102 1389 1132 1448 id
1147 1402 1304 1469 propterea
1326 1388 1432 1448 accidit
1445 1389 1525 1466 quod
1543 1390 1576 1447 in
1590 1389 1696 1447 eodem
1715 1390 1750 1446 in
1765 1408 1827 1464 quo

214 1490 305 1547 altera
322 1488 513 1563 quaternione
527 1486 687 1563 legebatur.
700 1486 844 1545 Nimirum
860 1487 1035 1564 compilator
1054 1500 1152 1544 noster
1171 1486 1369 1566 perfunctorie
1381 1505 1441 1544 rem
1457 1504 1545 1560 agens
1561 1486 1691 1559 integros
1704 1496 1828 1561 quater-

214 1587 317 1643 niones
338 1604 355 1642 e
379 1582 532 1643 codicibus
543 1584 604 1642 suis
619 1584 743 1657 avulsit,
759 1584 843 1661 quasi
860 1584 948 1641 rudes
963 1582 1089 1660 lapides,
1106 1603 1183 1660 quos
1198 1586 1298 1643 dolare
1311 1597 1342 1642 et
1354 1582 1489 1663 partibus
1502 1583 1540 1641 ad
1551 1582 1738 1661 propositum
1751 1583 1825 1639 inu-

219 1681 320 1741 tilibus
343 1700 468 1760 purgare
489 1680 628 1757 neglexit.
643 1678 692 1739 Sic
707 1681 737 1738 in
751 1680 858 1738 Nicetae
878 1699 997 1757 quoque
1019 1682 1211 1756 quaternione
1224 1682 1315 1739 multa
1328 1693 1475 1757 sunt‘quae
1498 1678 1534 1737 ad
1554 1676 1829 1755 Constantinopolis

216 1778 401 1837 obsidionem
418 1776 492 1837 nihil
506 1777 662 1856 pertinent.
675 1776 818 1836 Similiter
830 1778 862 1835 in
877 1778 969 1834 altero
988 1777 1089 1834 codice
1110 1777 1234 1838 duorum
1250 1778 1420 1855 praeliorum
1434 1776 1647 1854 descriptiones
1666 1774 1828 1844 habemus,

217 1876 357 1952 quoniam
380 1874 568 1934 obsidionum
586 1873 820 1953 exempla,sqnae
842 1874 904 1932 sola
927 1873 1056 1951 proferri
1082 1875 1157 1933 ratio
1180 1876 1307 1933 instituti
1332 1870 1517 1953 postulabat,
1530 1872 1562 1929 in
1586 1871 1683 1929 medio
1707 1870 1829 1928 demum

216 1974 408 2049 quaternione
419 1973 572 2050 incipiunt.
583 1970 649 2048 lpse
662 1970 769 2042 codex,
781 1969 864 2046 cujus
878 1970 1051 2047 particulam
1064 1969 1168 2029 Noster
1179 1972 1276 2044 dedit,
1286 1984 1384 2049 aperte
1396 1971 1555 2029 destinatus
1567 1983 1629 2027 erat
1638 1981 1671 2026 ut
1682 1967 1831 2045 exemplis

216 2069 364 2127 historicis
384 2068 543 2126 illustraret
566 2088 625 2126 non
652 2069 746 2126 solum
772 2080 916 2145 praecepta
939 2068 1011 2126 artis
1036 2068 1247 2145 poliorceticae,
1263 2067 1314 2125 sed
1332 2087 1367 2125 ea
1385 2085 1503 2143 quoque
1518 2084 1583 2143 quae
1598 2064 1635 2122 ad
1649 2062 1788 2121 tacticam
1802 2078 1833 2121 et

216 2165 398 2239 strategicam
414 2174 554 2239 spectant.
569 2162 819 2232 Quemadmodum
836 2182 907 2221 vero
922 2164 1001 2221 hunc
1012 2164 1121 2222 librum
1135 2163 1308 2242 compilator
1325 2162 1488 2233 truncavit,
1508 2161 1551 2219 sic
1569 2159 1646 2218 idem
1660 2158 1766 2217 lecerit
1779 2180 1832 2216 co·

216 2258 274 2316 dici
294 2259 408 2335 primo,
431 2259 483 2333 qui
500 2270 529 2315 et
546 2258 627 2335 ipse,
644 2270 676 2315 ut
697 2258 785 2315 ceteri
809 2257 897 2335 hujus
916 2261 1031 2335 generis
1051 2260 1166 2319 codices
1187 2272 1300 2318 tantum
1326 2280 1385 2318 non
1404 2277 1524 2329 omnes,
1540 2270 1606 2315 ante
1619 2257 1731 2333 scripta
1745 2257 1786 2313 de
1801 2276 1833 2313 re

216 2354 405 2431 poliorcetica
425 2353 539 2412 dederit
559 2354 616 2412 alia
641 2373 706 2431 quae
725 2366 807 2411 erant
829 2355 913 2414 dere
934 2356 1036 2414 tactica
1050 2369 1078 2414 et
1092 2356 1256 2431 strategica.
1276 2354 1424 2434 Lacinium
1444 2374 1481 2413 ex
1498 2352 1636 2412 uberiore
1654 2352 1833 2410 collectione

217 2452 402 2529 superstitem
418 2450 504 2508 etiam
520 2449 552 2507 in
563 2450 741 2508 Aristodemi
754 2450 917 2526 fragmento
930 2452 1133 2527 agnoscimus,
1149 2451 1227 2528 quod
1243 2463 1352 2509 tantum
1368 2450 1449 2508 abest
1462 2462 1495 2507 ut
1504 2469 1570 2508 cum
1581 2448 1834 2526 subsequentibus

217 2545 404 2604 obsidionum
416 2544 557 2623 exemplis
571 2564 725 2604 commune
739 2547 852 2624 aliquid
867 2546 990 2619 habeat,
1004 2560 1038 2605 ut
1048 2568 1113 2625 quae
1129 2548 1165 2606 ad
1184 2568 1219 2605 ea
1233 2548 1413 2626 pertineant,
1425 2547 1461 2605 de
1476 2547 1622 2605 industria
1632 2546 1833 2624 praetermissa

217 2660 281 2701 esse
305 2642 477 2713 videantur3
494 2661 560 2701 nam
583 2640 651 2719 jure
666 2642 784 2702 mireris
803 2644 834 2702 in
860 2646 1097 2721 pentacontaetiae
1117 2644 1243 2703 historia
1264 2663 1301 2702 ne
1327 2640 1421 2701 verbo
1451 2643 1569 2720 quidem
1600 2644 1833 2702 commemorari

217 2739 387 2797 obsidiones
406 2738 612 2797 celeberrimas
629 2737 719 2797 'l'hasi
738 2752 767 2798 et
783 2740 919 2798 Ithomes.
934 2742 1043 2801 Contra
1058 2760 1130 2799 vero
1143 2740 1203 2800 haec
1222 2741 1353 2799 historiae
1373 2761 1471 2817 graecae
1485 2760 1554 2820 pars
1572 2760 1638 2819 quae
1657 2741 1782 2820 procliis
1803 2755 1834 2801 et

217 2836 288 2894 artis
308 2836 504 2914 imperatoriae
528 2835 670 2913 exemplis
695 2837 821 2895 maxime
843 2836 969 2912 insignis
987 2850 1043 2909 est,
1062 2837 1099 2895 ad
1114 2836 1289 2897 illustranda
1312 2838 1421 2915 scripta
1440 2837 1501 2917 περὶ
1519 2841 1650 2897 τακτικῶν
1672 2838 1721 2897 καί
1744 2862 1833 2917 στρα-

219 2936 334 3008 τηγικῶν
349 2932 619 3011 peraccommodata
633 2946 704 2994 erat.
728 2933 825 2992 Simili
840 2953 963 3011 prorsus
978 2935 1066 2991 modo
1082 2933 1217 2992 Romanae
1233 2934 1361 2992 historie
1379 2947 1489 3012 partem
1506 2933 1607 2992 eodem
1626 2936 1749 2994 nomine
1770 2956 1835 3013 prae

220 3029 323 3086 ceteris
341 3027 561 3086 rrrcrnorabilem
578 3028 608 3085 in
620 3028 872 3088 Constantinianis
886 3030 946 3109 περὶ
961 3030 1189 3109 στρατηγημάτων
1206 3031 1316 3106 eclogis
1329 3029 1529 3089 adumbratam
1544 3032 1634 3089 luisse
1648 3032 1806 3108 colligitur
1818 3051 1835 3090 e

221 3125 305 3182 titulo
328 3124 389 3204 περὶ
409 3128 534 3201 γνωμῶν,
555 3124 607 3183 ubi
625 3126 661 3183 ad
680 3126 772 3184 verba
792 3126 910 3204 Polybii
931 3128 996 3202 (lib.
1018 3131 1047 3199 6,
1057 3150 1084 3187 c.
1109 3131 1133 3206 ι)
1153 3151 1160 3185 :
1185 3128 1334 3188 Κάλλιστον
1357 3128 1473 3210 ἔραμεν,
1490 3129 1548 3205 ἅμα
1572 3126 1599 3189 Sl
1622 3129 1833 3209 ὠφελιμώτατον

218 3211 316 3281 εἶναι...
333 3220 363 3277 τὸ
381 3222 479 3295 γνῶναι
497 3219 543 3277 καὶ
559 3222 651 3296 μαθεῖν
663 3224 719 3286 πῶς
732 3219 777 3280 καὶ
791 3220 841 3280 τίνι
852 3220 921 3299 γένει
932 3222 1065 3290 πολιτείας
1076 3225 1284 3304 ἐπικρατηθίντα
1302 3225 1394 3305 σχεδὸν
1410 3224 1498 3284 πάντα
1513 3224 1547 3283 sir
1563 3226 1632 3285 κατὰ
1645 3224 1694 3299 τὴν
1709 3226 1834 3303 οἰκουμέ-

217 3340 265 3387 νην
279 3318 304 3374 dr
320 3318 373 3373 οὐθ’
388 3314 457 3383 θ’λοις
473 3316 636 3387 πεντήκοντα
650 3317 695 3376 καὶ
710 3318 794 3396 τρισὶν
808 3317 892 3377 ἔτεσιν
906 3317 958 3376 barb
971 3314 1019 3388 τὴν
1037 3318 1122 3397 ἀρχὴν
1136 3322 1188 3379 τῶν
1202 3320 1347 3399 Ῥωμαίων
1359 3320 1453 3381 ἔπεσεν
1468 3337 1537 3394 etc.‚
1558 3323 1740 3403 adscriptum
1756 3323 1833 3399 legi·

218 3413 386 3483 turaldus
406 3414 433 3472 ἐν
447 3415 485 3493 τῷ
504 3414 564 3493 περὶ
582 3416 821 3493 στρατηγημάτων.

258 3509 454 3568 Obsidionum
470 3510 605 3589 exempla
617 3532 653 3571 ex
667 3514 809 3592 arrrpliore
823 3514 921 3591 aliqua
933 3513 1105 3572 collectione
1116 3515 1244 3575 delibata
1255 3536 1316 3575 esse
1328 3536 1364 3575 eo
1375 3517 1504 3576 indicari
1519 3516 1638 3577 ridetur
1658 3514 1743 3595 quod
1757 3517 1833 3576 locis

219 3624 235 3663 e
249 3605 389 3682 Polyaeno
404 3606 503 3683 petitis
519 3608 633 3665 numeri
655 3608 693 3667 αι’
709 3622 737 3667 et
751 3607 795 3675 κς’
807 3609 1026 3689 adscribuntur,
1044 3632 1149 3689 quase
1168 3614 1301 3692 pleniore
1324 3613 1401 3672 libro
1426 3615 1584 3673 inattentus
1605 3614 1705 3674 scriba
1724 3628 1833 3693 praeter

218 3723 279 3762 rem
295 3705 325 3763 in
340 3724 392 3763 sua
405 3706 554 3765 transtulit
569 3707 802 3787 (*].hmpliorem
813 3723 908 3768 autem
920 3712 1001 3770 illam
1016 3712 1217 3771 collectionem
1236 3712 1357 3769 eandem
1382 3711 1473 3770 fuisse
1492 3718 1613 3784 censeb,
1627 3732 1686 3789 qua
1703 3732 1777 3770 usus
1791 3727 1835 3771 est

223 3816 325 3861 auctor
340 3821 504 3879 anonymus
525 3803 597 3863 libri
612 3808 663 3883 qui
679 3806 852 3866 inscribitur
869 3830 875 3865 :
891 3805 988 3875 Ὅπως
1000 3806 1053 3888 χρὴ
1067 3807 1111 3865 τὸν
1125 3811 1172 3879 τῆς
1189 3806 1411 3886 πολιορκουμένης
1426 3807 1526 3875 acleus
1540 3807 1687 3889 στρατηγὸν
1701 3810 1768 3891 πρὸς
1782 3811 1831 3881 τὴν

220 3898 372 3977 πολιορκίαν
387 3899 609 3977 ἀντιτάττεσθαι,
625 3903 670 3960 καί
688 3902 749 3970 οἵοις
764 3903 965 3981 ἐπιτηδεύμασι,
974 3905 1075 3976 ταύτην
1094 3904 1298 3986 α’ποιιροιίεοθαι.
1320 3906 1420 3965 Editus
1437 3904 1514 3964 libet·
1525 3907 1557 3963 in
1572 3905 1705 3964 Veterum
1721 3908 1832 3965 matbe-

221 3998 392 4055 maticorum
406 3998 546 4076 operibus
562 4000 667 4079 [Paris.
688 4002 771 4080 1693)
786 4022 802 4059 e
816 4001 932 4061 duobus
945 4002 1031 4061 codd.
1044 4002 1199 4063 Parisinis.
1215 4002 1296 4061 ldern
1315 4002 1346 4061 in
1364 4003 1430 4061 aliis
1445 4001 1523 4060 baud
1538 4003 1641 4080 paucis
1658 4002 1747 4062 libris
1760 4024 1831 4063 mss,

220 4103 327 4164 exstat,
339 4092 390 4150 sed
404 4094 435 4151 in
451 4092 590 4155 omnihus
607 4098 664 4155 fine
681 4098 802 4157 mutilus
817 4111 869 4158 est.
884 4098 1000 4169 Quanta
1022 4098 1086 4177 ejus
1109 4120 1177 4179 pars
1197 4102 1332 4179 perierit,
1350 4101 1505 4159 nescimus.
1522 4098 1557 4158 ln
1576 4101 1726 4160 nonnullis
1744 4101 1830 4160 codd.

221 4205 295 4263 opus
310 4188 481 4250 attribuitur
493 4192 602 4252 lieroni
617 4196 773 4273 Byzantio,
784 4194 970 4257 Constantini
984 4197 1232 4279 porphyrogeniti
1246 4212 1400 4260 coaetaneo.
1420 4198 1594 4277 Quicunque
1616 4198 1705 4259 fuerit
1714 4214 1830 4273 auctor,

223 4301 280 4339 non
299 4285 417 4363 scripsit
434 4301 500 4347 ante
517 4291 645 4349 seculum
661 4292 820 4366 decimum,
834 4306 866 4351 ut
887 4314 924 4353 ex
945 4296 1095 4355 mentione
1114 4294 1332 4355 Thessalonicae
1351 4316 1400 4357 an.
1421 4304 1480 4373 pot
1495 4316 1512 4354 a
1526 4294 1680 4368 Saracenis
1704 4298 1833 4359 obsessae

222 4378 406 4454 intelligitur.
424 4382 564 4463 Exempla
580 4386 720 4448 historica
734 4384 859 4468 singulis
875 4394 945 4451 artis
961 4392 1154 4453 obsidionalis
1168 4395 1322 4474 praeceptis
1336 4408 1438 4455 auctor
1450 4396 1492 4455 ita
1505 4395 1675 4474 subjungit,
1689 4411 1722 4457 ut
1736 4399 1832 4459 sontes

135 4501 137 4505 ·
220 4473 299 4533 unde
316 4474 403 4534 ducta
421 4478 497 4550 sint,
510 4500 570 4540 nnn
583 4502 803 4564 commemoret,
818 4501 847 4546 et
862 4488 887 4547 si
902 4489 974 4566 quid
989 4489 1181 4568 abhistorico
1198 4494 1392 4554 narretur‘ad
1411 4494 1505 4573 ipsam
1525 4494 1712 4555 obsidionem
1733 4498 1831 4557 minus

221 4572 390 4647 pertinens,
405 4572 436 4632 id
452 4575 499 4633 vel
514 4579 629 4638 omittat'
645 4582 691 4641 rel
706 4583 736 4640 in
755 4582 845 4643 breve
865 4587 1025 4649 contrabat.
1038 4588 1180 4648 Conferre
1193 4611 1260 4649 cum
1282 4593 1390 4651 nostris
1404 4595 1549 4671 excerptis
1579 4592 1647 4652 licet
1664 4614 1731 4671 quae
1751 4599 1834 4653 dno-

219 4688 326 4744 nymus
340 4669 429 4729 habet
444 4672 480 4730 de
495 4672 700 4739 obsidionibus
714 4678 803 4757 Tyri,
820 4682 919 4755 Gazae,
938 4682 1164 4760 Syracusarum,
1177 4687 1344 4747 Ambracias
1359 4702 1389 4747 et
1403 4689 1517 4767 Jotapae
1535 4688 1575 4766 (p.
1592 4691 1661 4750 361.
1676 4692 1746 4751 326.
1762 4692 1832 4752 325.

221 4765 289 4826 318.
306 4766 352 4826 ed.
370 4768 458 4827 Paris.
478 4771 563 4849 1693)
577 4772 636 4851 Γ).
649 4775 835 4854 Comparatio
848 4778 933 4837 docet
947 4780 1084 4840 Nostrum
1099 4796 1128 4841 et
1142 4792 1329 4863 anonymam
1347 4787 1493 4845 interdum
1509 4781 1833 4847 verbotenus'consen·

220 4888 1833 4927 Ἥψ-

222 5017 228 5030 ⁸
254 4950 287 5012 (*)
299 4952 326 4999 ln
341 4952 503 5013 Παρικὸολαῖς
516 4955 544 5035 ἐρ.
555 4961 603 5003 τῶν
614 4964 777 5019 στρατηγικῶν
789 4961 896 5023 πράξεων
912 4964 951 5014 vol
963 4969 1128 5029 παρατάξεων,
1143 4971 1195 5031 περὶ
1205 4976 1247 5021 τοῦ
1256 4972 1306 5021 οἷον
1319 4972 1378 5021 εἶναι
1390 4974 1427 5021 δεῖ
1437 4974 1478 5024 τὸν
1491 4975 1623 5037 στρατηγόν
1637 4979 1705 5038 (quaa
1718 4976 1835 5035 leguntur

221 5032 245 5068 tn
259 5020 331 5071 codd.
342 5025 399 5103 vat.
414 5028 467 5084 219,
481 5026 571 5106 Panse.
586 5030 655 5109 2237,
670 5032 739 5111 alil,
756 5032 827 5096 2522)
838 5033 1014 5098 qulnquaginta
1024 5040 1133 5102 Polyanl
1144 5041 1225 5104 capita
1237 5042 1314 5093 habes
1326 5044 1463 5095 meandum
1476 5056 1565 5109 genera
1577 5060 1659 5095 rerum
1672 5046 1804 5110 disposita.

255 5090 303 5155 θ’)
316 5090 427 5156 Rehquac
436 5094 577 5147 obsidiones
591 5110 614 5146 m
629 5102 761 5163 superstite
772 5104 893 5167 Anonymi
907 5112 976 5169 parte
988 5114 1187 5161 commemorate
1202 5115 1281 5162 sunt:
1298 5114 1418 5165 casarea
1431 5117 1464 5179 (ρ.
1476 5115 1541 5180 318),
1551 5115 1667 5181 Neapolis
1682 5116 1760 5182 (819),
1774 5118 1838 5168 citri
