3809 5859
423 306 664 371 MECHBMETIS
685 306 813 370 ANNUS
832 306 911 369 XVI.
933 310 1011 370 6974
1033 310 1223 386 (iffi-1466
1246 308 1281 369 Ρ.
1304 304 1364 389 st).
1443 324 1444 328 ’

69 443 100 500 οἱ
114 441 146 501 δὶ
158 439 217 501 τότε
227 438 274 519 μέν
286 438 332 499 κάἱ
342 438 416 519 παρδι
428 440 476 512 τὴν
486 438 597 512 ἐσόολὴν
611 440 692 512 αὐτὴν
708 441 756 513 τὴν
770 444 857 503 αύτῶν

70 528 227 608 δῃουμένην
254 526 301 587 καλ
322 526 503 607 πορθουμένην
525 532 635 609 ὁρῶντες
666 519 736 589 εἶκόν
760 552 790 588 τε
812 528 860 589 καί

72 619 236 677 ἐσπένδοντο
250 614 319 699 Ιπρδς
340 614 430 697 καιρὸν
447 615 494 680 καλ
509 619 566 694 μετ’
590 618 667 696 δλὶγα
685 618 765 679 πάλιν
783 622 859 678 ἀναι·

72 713 253 788 σχυντοῦντες
263 705 404 782 ἐλῄστευον
412 705 460 776 τὴν
468 704 599 785 βασιλέως
610 704 657 765 καλ
671 706 857 788 ἐκακούργουν,

72 795 125 857 καλ
141 802 220 855 τοῦτο
234 794 337 855 ἐποίουν
352 793 455 873 ἔχοντες
466 792 500 853 εδ
514 793 562 873 όρη
578 792 624 852 καί
637 794 668 853 τδ
682 795 858 875 δυσπρόσοδον

70 887 128 956 τῆς
156 882 245 964 χώρας
264 880 419 962 καταφυγὴν
440 880 486 941 καλ
508 882 699 960 προκάλυμμα·
720 892 782 959 μιᾶς
805 882 858 963 γάρ

73 972 163 1044 οὔσης
183 972 201 1042 ἦ
216 971 262 1031 δύο
276 971 399 1051 παρόδων
414 970 457 1028 διδ
471 974 524 1030 τῶν
540 972 609 1049 ἀρῶν
632 972 658 1037 ἐς
679 973 779 1047 αὐτὴν,
792 971 858 1052 ἐφύ-
897 989 899 992 ·

73 1060 178 1119 λαττόν
192 1084 221 1120 τε
238 1058 336 1126 τούτοις
357 1060 486 1140 φυλακαῖς
500 1062 638 1139 ἰσχυραῖς,
652 1058 699 1117 καλ
724 1051 796 1139 εἶχον
810 1058 858 1133 τὴν

73 1151 170 1207 αὑτῶν
182 1147 280 1208 ἀόατον
292 1146 382 1218 πάντη
396 1155 449 1214 τοῖς
458 1148 594 1223 πολεμίοις
604 1145 650 1207 καί
659 1151 749 1207 κακῶν
761 1152 860 1223 ἀπαθῆ,

73 1239 101 1295 εἷ
122 1236 231 1309 μήπου
252 1236 356 1316 μεγάλη
372 1259 410 1303 τις
433 1233 544 1313 δύναμις
559 1238 706 1296 ἐπελθοῦσα
722 1241 775 1297 τῶν
792 1241 858 1318 δρῶν

71 1345 103 1381 τε
145 1323 193 1382 καί
217 1327 272 1385 τῶν
295 1324 417 1403 παρόδων
441 1324 582 1404 κρατήσειε
611 1323 673 1405 βία,
698 1323 745 1385 καλ
778 1324 858 1403 θύραν

73 1409 191 1478 ἀνοίξειε
212 1415 245 1490 τῇ
265 1410 342 1493 χώρᾳ
361 1411 485 1478 τελείως·
503 1410 568 1492 ὅπερ
582 1411 613 1484 δὴ
633 1412 679 1472 καλ
701 1416 716 1472 δ
737 1414 860 1492 βασιλεὺς

72 1497 191 1577 ἐγνώκει
205 1504 330 1570 ποιῆσαι,
344 1499 390 1559 καὶ
408 1499 561 1572 ἐπεποιήκει
575 1505 673 1568 καλῶς.
716 1500 749 1580 (ε)
764 1506 859 1580 Παρα·

74 1586 277 1661 σκευασάμενος
307 1578 350 1648 ούν
375 1591 517 1667 χειμῶνος,
537 1580 608 1670 ᾗπερ
631 1591 713 1671 ἔφην,
740 1594 775 1658 ὥς
789 1590 858 1661 ἔδει,

74 1673 137 1751 άμα
162 1678 201 1755 τῷ
214 1666 259 1754 ἦρι
272 1674 351 1743 ἔξεισι
364 1679 424 1735 κατ’
446 1678 532 1735 αῦτῶν
557 1679 660 1757 μεγάλῃ
676 1679 787 1755 δυνάμει
809 1678 855 1738 καί

76 1773 197 1844 στρατιᾷ
214 1766 311 1843 ἱππικῇ
326 1788 357 1824 τε
380 1765 427 1824 καλ
442 1768 554 1845 πεζικῇ,
570 1766 778 1842 ξυνεπαγόμενος
801 1766 859 1844 άμα

73 1844 160 1911 οἶκαὶ
171 1852 293 1930 μηχανάς
306 1851 352 1912 καί
364 1850 434 1912 δπλα
442 1852 488 1912 καλ
499 1854 668 1927 παρασκευάς
681 1856 706 1923 ἐς
717 1856 858 1932 οἰκοδομὴν

75 1938 125 2010 καλ
141 1941 292 2018 οἰκοδόμους
309 1940 355 2000 καλ
372 1940 496 2009 τέκτονας
511 1942 557 2001 καλ
572 1947 695 2022 ἐργαλεῖα
717 1944 856 2003 τεκτονικά

75 2027 127 2088 καὶ
143 2028 297 2106 οἱκοδομικδ
312 2027 357 2089 καὶ
372 2029 476 2109 σίδηρον
486 2030 569 2089 πολύν
584 2030 630 2091 καὶ
645 2030 744 2111 χαλκδν
754 2031 800 2090 καί
811 2030 861 2090 όσα

77 2122 193 2176 τοιαῦτα
219 2120 254 2183 ὡς
283 2118 315 2206 ἐςΙ
330 2118 467 2196 τειχισμὸν
492 2116 538 2179 καί
558 2119 700 2195 οἰκοδομὴν
726 2119 858 2202 φρουρίου.

83 2204 122 2286 (ιλ
166 2195 254 2283 Ἄρας
277 2196 320 2264 ούν
336 2207 366 2264 ἐκ
380 2210 426 2276 τῆς
448 2205 582 2285 Ἀδριανοῦ
601 2206 682 2266 παντί
697 2210 734 2286 τῷ
756 2210 861 2287 στρατῷ

77 2296 186 2371 ἱππικῷ
202 2315 231 2351 τε
247 2290 292 2351 καί
313 2296 420 2373 πεζικῷ.
432 2294 476 2371 ᾖεε
501 2293 544 2353 διδ
567 2298 616 2365 τῖ’,ς
639 2299 719 2354 αὑτοῦ
735 2296 858 2372 σπονδῇ·

78 2380 210 2447 διελάσας
223 2378 251 2438 δέ
266 2375 364 2451 ταύτην
378 2384 418 2441 ότι
428 2382 543 2461 τάχιστα
555 2382 602 2442 καί
616 2382 752 2463 γενόμενος
766 2386 793 2443 ἐν
804 2392 859 2451 τοῖς

78 2469 163 2547 ὁρίοις
183 2466 334 2548 Ἰλλυριῶν,
356 2469 591 2551 στρατοπεδεύεται
613 2474 692 2532 αὐτοῦ
708 2477 743 2553 τῇ
762 2496 860 2554 προτε-

83 2557 146 2635 ραίφι
157 2600 166 2630 ,
178 2554 226 2614 καὶ
240 2560 273 2635 τῇ
290 2558 414 2639 ἱιστεραίφ
433 2557 574 2619 ἀναλαόὼν
587 2560 645 2627 τούς
657 2585 686 2619 τε
702 2561 793 2643 ψιλοὺς
812 2562 859 2621 καί

80 2644 188 2713 τοξότας
205 2643 252 2704 καλ
275 2646 449 2726 σφενδονήτας
466 2646 514 2706 καλ
534 2646 711 2730 λογχοφόρους
728 2649 776 2710 καί
794 2654 861 2710 ύπα·

82 2731 211 2807 σιτιστδς,
237 2734 401 2811 προσβάλλει
426 2736 483 2801 ταῖς
507 2735 630 2815 παρόδοις
648 2736 863 2816 φυλαττομέναις

83 2821 138 2881 ύπδ
162 2824 214 2880 τῶν
232 2820 368 2901 Ἰλλυριῶν
392 2824 522 2902 ἰσχυρῶς·
548 2821 595 2906 καὶ
628 2824 718 2903 μάχης
743 2829 860 2903 μεγάλης

81 2911 209 2979 ξυσταδδν
227 2910 367 2987 γενομένης
381 2909 428 2970 καί
446 2912 562 2987 ὠθισμοῦ
573 2909 618 2969 καί
633 2914 732 2989 ἀγῶνος
745 2912 792 2974 καὶ
802 2914 861 2993 βίας

82 2999 203 3075 πολλῆς,
219 2997 356 3078 εὐρώστως
375 2997 581 3071 ἀπαντησάντων
595 3000 684 3059 τεκαὶ
698 3002 858 3082 μαχομένων

80 3092 134 3147 τῶν
155 3088 307 3165 Ἰλλυριῶν,
331 3089 457 3164 τρέπεται
477 3087 583 3155 τούτους
619 3088 666 3148 καί
688 3092 782 3169 κρατεῖ
807 3096 859 3151 τῶν

82 3174 208 3253 παρόδων
231 3176 289 3255 βίφ,
314 3174 361 3234 καὶ
384 3175 548 3245 καταδιώξας
565 3175 642 3257 φόνον
656 3178 738 3236 πολὺν
761 3178 860 3239 τούτοιν

82 3265 235 3343 ἐργάζεται.
278 3265 309 3345 (ι)
341 3264 417 3325 Μετὶι
444 3265 472 3324 δὲ
496 3272 574 3326 τοῦτο
602 3264 721 3345 φυλακάς
747 3268 862 3345 ἐγκατα-

83 3354 185 3426 στήσας
197 3355 308 3434 ἰσχυράς
330 3362 388 3423 ταῖς
402 3354 542 3433 παρόδοις,
566 3360 612 3412 τοῦ
629 3352 666 3431 μὴ
695 3355 860 3433 βλάπτεσθαι

83 3444 141 3509 τούς
159 3465 189 3501 τε
205 3442 323 3508 ἐσιόντος
341 3441 387 3501 καλ
413 3441 527 3511 ἐξιόντας
542 3443 592 3502 ὑπὸ
612 3446 664 3501 τῶν
682 3443 862 3521 λῃστευόντων

84 3528 243 3610 Ἰλλυριῶν,
261 3530 361 3589 κελεύει
379 3530 439 3597 τούς
451 3553 481 3589 τε
495 3531 637 3608 ὑλοτόμους
657 3529 704 3589 καὶ
726 3531 803 3611 μέρος
817 3534 864 3589 τοῦ

87 3622 169 3686 πεζοῦ
193 3618 346 3683 ἐσελθόντας
368 3622 503 3693 ὑλοτομεῖν
523 3642 550 3677 τε
571 3618 617 3678 καί
637 3620 809 3700 ἐκκαθαίρειν,
829 3619 863 3677 τά

85 3731 112 3766 τε
123 3708 255 3788 λοχμόιδη
271 3707 412 3768 καὶλάσια
427 3706 473 3765 καλ
489 3707 670 3780 δυσδιεξίτητα
684 3713 736 3766 τῶν
744 3707 863 3787 χοιρίων,

85 3796 206 3856 κελτῶν
227 3799 294 3855 ὁδῶν
311 3796 358 3863 τάς
373 3796 493 3877 σκληράς
516 3796 563 3855 καλ
583 3800 709 3876 τραχείας
732 3793 779 3854 καλ
799 3794 865 3861 όλως

88 3884 205 3953 ἀβάτους
220 3884 380 3960 ἐξομαλίζειν
394 3907 422 3942 τε
437 3883 483 3942 καί
501 3884 681 3942 καταλεαίνειν
701 3882 747 3941 καὶ
764 3882 865 3960 εὐρείας

86 3972 132 4032 καὶ
154 3973 227 4040 λείας
241 3964 325 4031 ποὶεῖν
343 3977 376 4051 τῇ
393 3995 421 4030 τε
433 3980 543 4052 στρατιᾷΙ
565 3972 639 4051 πάσῃ
652 3973 751 4048 ἱππικῇ
775 3967 865 4026 τεκαὶ

87 4066 183 4142 πεζικῇ
193 4060 239 4120 καί
251 4066 305 4128 τοῖς
319 4054 471 4141 ἀχθοφόροις
480 4059 614 4139 τῶνζώων
628 4057 675 4118 καὶ
685 4058 744 4125 ταῖς
753 4047 865 4133 ἁμάξαις

89 4148 134 4207 καί
149 4153 204 4215 τοῖς
224 4149 311 4216 ἀλλοις
326 4153 513 4227 σκειιαγωγοῖς.
559 4150 591 4225 (ο)
606 4146 692 4213 Αάτδς
704 4145 732 4205 δὲ
746 4145 865 4225 πάσῃτῇ

89 4248 202 4317 στρατιᾷ
215 4236 357 4309 ἕσελάσας,
373 4239 476 4316 πρῶτον
492 4235 540 4309 μὲν
555 4235 602 4305 τὴν
618 4235 691 4294 κάτω
711 4232 869 4315 χώραναύ-

1632 310 1686 369 137

896 455 899 461 ’
914 445 1056 521 ἐμπιπρῶν
1067 442 1125 510 τούς
1136 442 1251 522 καρπούς
1264 440 1309 502 καί
1323 440 1464 518 νεμόμενος
1474 436 1519 499 καί
1532 438 1686 519 διαφθείρων

912 531 957 590 καὶ
981 532 1124 613 ἀφανίζων.
1168 534 1200 607 (7)
1222 530 1345 611 Ἰλλυριοὶ
1369 531 1396 589 δὲ
1427 528 1601 608 ἀναγαγόντες
1625 528 1685 596 τοῦς

914 622 987 699 σφῶν
999 620 1096 686 παῖδας
1105 617 1150 677 καί
1162 629 1286 698 γυναῖκας
1297 618 1342 676 καί
1353 615 1436 690 κτήνη
1447 624 1492 675 καὶ
1503 625 1592 675 πᾶσαν
1602 617 1687 687 ἀλλην

913 708 1062 778 ἀποσκευὴν
1070 706 1118 765 ,ἐπί
1129 705 1163 765 τδι
1177 705 1267 787 ύψηλδ
1280 705 1325 765 καλ
1338 705 1450 776 δυσάντη
1463 706 1508 764 καλ
1522 704 1687 785 δυσπρόσοδα

913 799 965 855 τῶν
980 798 1064 877 δρῶν,
1079 796 1125 855 καὶ
1141 795 1335 863 καταλαόόιτες
1349 794 1422 855 αὐτοὶ
1437 794 1480 864 ξύν
1497 794 1585 860 δπλοις
1598 794 1645 859 τάς
1659 816 1688 854 τε

913 886 1059 967 δυσχωρίας
1072 886 1185 953 καὶτοὺς
1198 884 1320 963 ἰσχυρούς
1330 888 1381 943 τῶν
1396 884 1483 943 τόπων
1496 884 1541 943 καί
1556 883 1603 953 τδς
1617 908 1688 965 παρ-

913 974 1001 1049 όδους,
1025 974 1168 1051 ἐκάθηντο,
1187 973 1220 1045 ἤν
1236 999 1273 1041 τις
1297 975 1384 1041 αὐτοῖς
1406 973 1485 1053 ἐπίῃ,
1501 974 1685 1051 ἀμυνούμενοι.

915 1064 950 1139 (ε)
970 1076 973 1083 ’
994 1062 1122 1130 Βασιλεὺς
1137 1063 1180 1135 δὲ,
1195 1061 1253 1122 ἐπεὶ
1268 1071 1357 1123 πᾶσαν
1368 1060 1416 1133 τλν
1434 1062 1508 1121 κάτω
1522 1062 1613 1142 χώραν
1632 1064 1682 1121 αὗ-

912 1156 965 1210 τῶν
980 1150 1079 1230 ἐδῄωσε
1092 1151 1137 1210 καὶ
1151 1150 1280 1230 ἐπόρθησε
1293 1195 1302 1227 ,
1316 1150 1589 1231 παρασκευασάμενός
1602 1152 1686 1213 τεκαὶ

913 1238 1023 1308 ἐκτάξας
1043 1241 1128 1305 καλῶς
1153 1247 1241 1297 πᾶσαν
1262 1240 1309 1310 τὴν
1329 1239 1453 1319 στρατιὰν
1469 1238 1562 1318 ἐχώρει
1583 1240 1628 1299 ἐπὶ
1650 1241 1684 1300 τά
1750 1265 1761 1283 ·

913 1328 961 1405 όρη
974 1326 1018 1385 καὶ
1033 1325 1240 1407 τὰςδυαχωρίας
1254 1326 1299 1385 καλ
1311 1324 1371 1394 τοῦς
1383 1326 1503 1407 ἰσχυρούς
1516 1332 1567 1387 τῶν
1589 1333 1688 1406 βουνῶν

914 1414 959 1472 ἐπί
974 1438 1003 1473 τε
1017 1413 1159 1491 Ἰλλυριούς
1172 1414 1217 1474 καὶ
1230 1416 1327 1481 παῖδας
1348 1414 1394 1473 καί
1409 1424 1533 1491 γυναῖκας
1551 1419 1625 1494 σφῶν
1640 1416 1686 1476 καὶ

915 1501 964 1574 τὴν
983 1502 1066 1571 ἀλλην
1081 1501 1244 1575 ἀποσκευήν.
1267 1502 1401 1582 Προέταξε
1420 1500 1467 1580 δέ,
1487 1502 1598 1581 πρόσθεν
1624 1502 1686 1579 μέν,

914 1591 972 1657 τούς
994 1614 1023 1649 τε
1046 1589 1153 1659 τοξότας
1165 1590 1210 1649 καί
1225 1591 1433 1672 τυυφακοφόρους
1450 1591 1496 1651 καί
1516 1591 1689 1671 σφενδονήτας

916 1679 1022 1758 βάλλειν
1035 1702 1064 1737 τε
1078 1678 1123 1737 καί
1137 1678 1247 1747 τοξεύειν
1263 1679 1309 1738 καὶ
1323 1681 1463 1761 σφενδονᾶν
1478 1683 1504 1747 ἐς
1522 1679 1580 1749 τοῦς
1595 1680 1688 1741 Ἰλλυ-

916 1767 985 1847 ριούς
1006 1766 1051 1825 καὶ
1075 1766 1201 1847 ἀνείργειν
1222 1766 1315 1834 αὐτούς
1327 1768 1491 1850 πορρωτάτω
1511 1772 1555 1826 καλ
1578 1771 1690 1846 ἀναχαι-

914 1855 991 1924 τίζειν
1008 1858 1033 1921 ἐς
1047 1853 1078 1913 τδ
1091 1855 1146 1913 άνω
1162 1854 1355 1933 βαλλομένους·
1374 1856 1441 1930 μετὰ
1456 1855 1483 1914 δὲ
1496 1855 1615 1927 τούτους,
1628 1855 1687 1920 τούς

917 1968 945 2002 τε
963 1941 1055 2023 ψιλούς
1077 1941 1123 2001 καὶ
1143 1941 1317 2021 λογχοφόρους
1343 1943 1388 2002 καὶ
1408 1941 1576 2009 ὑπασπιστὰς
1599 1941 1689 2011 ἔταξεν

918 2032 1031 2109 ἀνιέναι,
1055 2030 1188 2108 ἱπομένως
1210 2031 1237 2093 δέ
1263 2031 1362 2096 τούτοις
1387 2030 1415 2089 εδ
1447 2032 1579 2090 ὁπλιτικόν
1605 2028 1688 2090 άπαν.

917 2119 951 2199 (ε)
962 2123 986 2180 1(
991 2118 1017 2177 αἱ
1029 2118 1142 2197 ἀνῄεσαν
1148 2126 1232 2202 σχολῇ
1242 2122 1286 2179 καί
1296 2119 1378 2201 βάδην
1387 2118 1553 2199 μάχριτινὸς,
1565 2119 1690 2184 ὠθοῦντες
1713 2119 1717 2126 “

918 2206 988 2266 κατδι
1003 2207 1172 2286 μικρὸν.τοὺς
1186 2206 1329 2289 Ἰλλυριούς
1346 2212 1372 2275 ἐς
1389 2208 1419 2267 τὸ
1434 2208 1497 2267 ἀνω·
1510 2206 1601 2265 ἔπειτα
1621 2206 1689 2262 ἀλα·

917 2294 1041 2364 λέξαντες
1056 2296 1125 2374 μέγα
1140 2296 1166 2355 οἱ
1178 2320 1206 2355 τε
1221 2295 1292 2377 ψιλοί
1308 2294 1354 2355 καί
1373 2298 1397 2355 οἱ
1408 2297 1517 2354 ὁπλῖται
1533 2294 1578 2353 καί
1592 2295 1688 2373 λογχο·

917 2382 991 2465 φόροι
1008 2381 1123 2463 ἐχώρουν
1145 2385 1235 2466 δρόμῳ
1250 2386 1294 2444 ἐπὶ
1316 2383 1375 2451 τοὺς
1389 2384 1547 2463 Ἰλλυριούς,
1567 2382 1613 2441 καὶ
1627 2404 1689 2463 τρε-

917 2471 1031 2549 ψάμενοε
1053 2471 1160 2530 ἐδίωκον
1184 2472 1234 2529 ἀνά
1254 2470 1349 2551 κράτος
1370 2470 1414 2529 καὶ
1439 2469 1690 2546 καταλαμόάνοντες

918 2559 1041 2633 ἔκτεινον,
1051 2560 1112 2627 τοῦς
1119 2562 1146 2619 δὲ
1158 2558 1204 2619 καί
1212 2564 1310 2629 ζῶντας
1324 2559 1468 2640 ἐζώγρουν·
1485 2558 1546 2617 ἔνιοι
1560 2556 1587 2617 δέ
1603 2561 1689 2617 αὐτῶν

917 2646 964 2705 καί
977 2647 1129 2727 βιαζόμενοι
1136 2647 1186 2707 ύπδ
1193 2650 1244 2705 τῶν
1250 2648 1363 2706 ὁπλιτῶν
1373 2647 1508 2727 ἐρρίπτουν
1521 2654 1588 2725 σφᾶς
1597 2643 1691 2711 αὐτοὺς
1788 2710 1791 2717 ⁴

917 2735 985 2793 κατδι
1005 2740 1056 2795 τῶν
1071 2740 1194 2813 κρημνῶν
1210 2735 1255 2794 καὶ
1269 2738 1386 2815 πετρῶν,
1400 2735 1446 2793 καί
1465 2734 1651 2813 διεφθείροντο·
1667 2735 1691 2790 οἱ

917 2822 943 2879 δὲ
959 2824 1064 2881 ὁπλῖται
1074 2824 1117 2881 καλ
1131 2822 1203 2903 ψιλοὶ
1217 2823 1263 2879 καί
1277 2826 1294 2893 ἡ
1308 2823 1420 2901 στρατιὰ
1434 2831 1508 2881 πάσα
1519 2826 1625 2899 χεθεῐσα
1641 2820 1690 2878 ἀνδι

915 2908 947 2967 τδι
961 2910 1009 2989 ὄρη
1023 2912 1066 2968 καὶ
1077 2909 1124 2976 τάς
1135 2910 1282 2990 δυσχωρίας
1290 2910 1336 2977 τάς
1347 2914 1431 2969 ἐκεῖσε
1442 2910 1488 2971 καὶ
1501 2910 1547 2977 τὰς
1557 2907 1691 2987 χαράδρας

915 2998 1042 3077 ἐζώγρουν
1057 2997 1100 3057 καλ
1112 3000 1330 3079 ἠνδραποδίζοντο
1350 2998 1409 3065 τούς
1422 3020 1456 3057 ,τε
1470 2998 1567 3062 παῖδας
1588 2996 1634 3057 καί
1645 3019 1691 3072 γυ·

914 3088 1007 3155 ναῖκες
1030 3091 1082 3149 τῶν
1101 3086 1237 3167 Ἰλλυριῶν
1259 3086 1304 3146 καί
1326 3086 1412 3145 πάντα
1439 3087 1473 3145 τὰ
1490 3084 1623 3163 προσόντα
1644 3086 1693 3141 αύ-

914 3184 968 3243 τοῖς
990 3174 1146 3254 διήρπαζον·
1166 3179 1195 3235 ού
1217 3175 1294 3251 μόνον
1313 3175 1350 3250 δέ,
1369 3173 1437 3234 ἀλλά
1455 3174 1500 3233 καί
1516 3174 1692 3252 βοσκημάτων

916 3265 962 3323 καὶ
977 3264 1048 3345 ζῴοιν
1064 3265 1159 3342 ἀγέλας
1173 3263 1273 3329 πολλδις
1298 3264 1416 3335 ἤλασαν,
1437 3262 1650 3340 καταδραμόντες
1665 3258 1692 3317 δὲ

916 3356 1004 3413 πάντα
1018 3354 1052 3412 τά
1066 3352 1114 3434 όρη
1134 3352 1285 3419 καλῶς·καὶ
1304 3350 1532 3429 διερευνησάμενοι
1552 3348 1597 3407 καὶ
1619 3347 1690 3406 λείαν

916 3443 959 3502 ὅτι
976 3442 1101 3515 πλείστην
1117 3447 1212 3503 ἐκεῖθεν
1227 3440 1408 3519 ἀπαγαγόντες
1424 3439 1593 3519 ἀνδραπόδων
1607 3460 1635 3495 τε
1649 3436 1694 3497 καί

918 3531 1094 3610 βοσκημάτων
1115 3531 1162 3588 καί
1179 3533 1238 3589 -τῶν
1266 3530 1370 3602 ἀλλων,
1390 3527 1539 3603 κατήγαγον
1557 3526 1645 3585 πάντα
1667 3527 1693 3590 ἐς

921 3619 951 3677 τὸ
966 3619 1150 3700 στρατόπεδον.
1168 3640 1170 3646 ·
1192 3620 1238 3695 (ιο)
1258 3615 1397 3677 Ἀπέθανον
1412 3614 1439 3673 δὲ
1453 3617 1550 3687 πλῆθος
1561 3611 1628 3672 πολὺ
1643 3616 1694 3669 τῶν

918 3708 1066 3786 Ἰλλυριῶν,
1088 3710 1113 3765 οἱ
1137 3706 1226 3781 μὲνέν
1244 3708 1281 3785 τῷ
1304 3704 1428 3785 πολέμῳ,
1449 3704 1472 3759 οἱ
1487 3702 1515 3761 δὲ
1530 3699 1575 3760 καλ
1601 3704 1693 3768 ζῶντες

921 3796 1076 3875 ληφθέντες,
1098 3792 1267 3859 κελεύσαντος
1283 3792 1424 3870 βασιλέως·
1441 3790 1593 3865 ἐλήφθησαν
1608 3789 1635 3848 δὲ
1650 3788 1695 3847 καὶ

922 3885 1014 3951 παῖδες
1028 3882 1073 3941 καί
1087 3890 1207 3960 γυναῖκες
1223 3880 1268 3939 καί
1289 3879 1378 3959 ἄνδρες
1393 3881 1419 3937 ἐν
1435 3878 1540 3943 ἐκείνοις
1559 3878 1611 3943 τοῖς
1622 3874 1694 3955 ὄρεσι

921 3972 985 4029 ὡσεὶ
1006 3970 1147 4051 δισμύριοι.
1173 3971 1208 4030 Οἱ
1226 3968 1254 4027 δὲ
1268 3968 1355 4027 λοιποὶ
1379 3973 1430 4027 τῶν
1446 3966 1579 4045 Ἰλλυριῶν
1602 3969 1626 4023 οἱ
1646 3963 1694 4040 μέν

921 4053 989 4134 ἦσαν
1004 4062 1030 4117 ἐν
1046 4059 1175 4140 φρουρίοις
1187 4058 1315 4136 ἐρυμνοῖς,
1331 4058 1354 4114 οἱ
1367 4057 1394 4114 δὲ
1408 4058 1434 4115 ἐν
1446 4056 1534 4121 ἄλλοις
1553 4054 1624 4133 όρεσι
1646 4074 1692 4111 πε-

923 4147 1045 4229 φευγότες
1061 4147 1128 4224 μετὰ
1147 4150 1192 4204 τοῦ
1208 4149 1280 4221 σφῶν
1295 4144 1422 4223 ἡγεμόνος
1440 4142 1619 4221 Ἀλεξάνδρου.

966 4238 1031 4295 ΧΙΙ.
1044 4226 1099 4295 Ἦν
1114 4234 1179 4291 δέτι
1192 4233 1237 4291 καὶ
1250 4232 1370 4313 φρούριον
1388 4232 1473 4289 ἐκεῖσε
1491 4238 1545 4298 τοῖς
1559 4230 1697 4310 Ἰλλυριοῖς

87 4329 152 4400 τῶν,Ι
168 4331 221 4386 τῶν
231 4327 327 4385 πεδίων
338 4344 368 4384 τε
382 4324 428 4384 καί
442 4322 490 4395 δση
499 4325 646 4400 ἱππάσιμος
655 4316 697 4397 ἦν,
710 4320 870 4403 κατατρέχει
927 4325 1067 4402 ἀπόμαχον
1084 4321 1170 4393 πάντη
1191 4318 1236 4379 καλ
1261 4318 1432 4398 ἰσχυρότατον
1450 4319 1550 4397 Κροῦες
1572 4314 1697 4391 ὀνομαζό·

91 4410 136 4474 καί
150 4418 270 4487 ληίζεται
293 4424 396 4488 πᾶσαν,
412 4415 478 4491 μετὰ
499 4414 525 4473 δὲ
538 4420 613 4473 τοῦτο
628 4412 869 4494 στρατοπεδευόμε·
926 4434 1019 4485 μενον,
1042 4412 1105 4490 όπερ
1125 4408 1156 4481 δὴ
1178 4408 1278 4475 καλῶς
1302 4405 1442 4485 ἀκρόπολίς
1453 4426 1492 4473 τις
1516 4396 1549 4476 ἦν
1571 4407 1618 4474 τῆς
1637 4401 1698 4471 ύλης

91 4522 131 4568 νος
145 4503 215 4563 κατ’ἀι
235 4502 365 4581 σταθμούς
382 4500 429 4561 καὶ
443 4504 657 4583 προσκαθήμενος
678 4503 755 4583 ἐδῄου
769 4502 869 4575 ταύτην
925 4498 1015 4581 χώρας
1029 4499 1073 4557 καί
1098 4496 1287 4578 φυλακτήριον.
1310 4492 1336 4555 Τ
1338 4502 1397 4555 οῦτο
1415 4492 1586 4573 πολυτρόπως
1600 4494 1696 4569 ’πρώην

311 4614 1697 4643 ——-..-.-----———-—----··

93 4694 107 4757 §
120 4700 143 4745 ι.
151 4696 243 4746 Eadem
255 4695 332 4755 habco
343 4696 385 4745 lib.
398 4700 421 4757 3,
435 4702 471 4759 ιιι,
483 4702 506 4747 2.
519 4695 568 4759 11-
576 4698 621 4761 πρὸ
631 4696 720 4761 αὐτοῦ]
731 4694 788 4745 add.
801 4709 894 4758 margo.
905 4696 916 4759 n
927 4726 954 4737 -
965 4696 1022 4758 πρὸς
1030 4693 1124 4757 καιρὸν]
1136 4705 1227 4755 1118ῐὸοι
1239 4690 1305 4755 μέχρι
1315 4690 1375 4746 “2⁰'‘
1388 4690 1449 4739 ἱθὶί·
1459 4688 1469 4751 ΙΙ
1477 4714 1510 4723 -
1518 4684 1532 4749 ἱ
1541 4689 1564 4734 ⁴·
1576 4682 1697 4745 διελίθθὶ]

93 4778 189 4831 margo,
205 4767 299 4817 διελθὼν
320 4769 384 4819 text.
402 4768 413 4832 ΙΙ
432 4796 462 4804 -
481 4768 533 4832 §6.
547 4768 674 4832 ἐσελάσας]
687 4779 784 4829 ιιιαεμυ,
804 4766 885 4821 &affin
905 4769 966 4815 ἱειὶ.
981 4764 992 4827 ll
1011 4790 1041 4798 -
1059 4762 1266 4825 προσκαθήμενος]
1287 4774 1362 4825 supra
1383 4772 1499 4815 versum,
1517 4755 1697 4820 πῑρῑῑαθήμῑὶθῑ

95 4835 120 4882 in
134 4849 217 4886 ιυτειι.
235 4837 246 4900 ΙΙ
261 4866 287 4874 -
305 4838 354 4901 §9.
375 4840 421 4888 ὑπὸ
433 4844 480 4888 τῶν
494 4838 612 4903 ὁπλιτῶν]
623 4839 680 4887 add.
702 4851 767 4901 mgo.
785 4836 842 4898 11-
859 4838 899 4892 τὰς
918 4833 1008 4897 ἐκεῖσε]
1024 4845 1088 4896 mgO·
1103 4833 1192 4889 ἐκείνας
1209 4835 1272 4882 ἱθὶῑ·
1295 4832 1305 4894 ΙΙ
1321 4857 1354 4867 -
1370 4825 1472 4890 ἅΥὲἐαῖ]
1489 4826 1547 4875 add·
1558 4837 1622 4889 ¹⁰3⁰·
1640 4823 1650 4887 θ
1665 4848 1696 4860 ““

96 4903 111 4966 §
127 4908 164 4956 ιο.
180 4908 309 4970 ειήςιησαι
325 4908 390 4972 eta]
409 4908 553 4959 seadeddin.
576 4916 600 4970 ε,
615 4923 640 4973 p.
654 4914 700 4960 νιν
716 4930 722 4959 ι
739 4911 762 4959 ε
781 4906 934 4958 mandando
951 4906 985 4970 μ’
1001 4907 1128 4955 εεειινεονι·
1149 4906 1177 4953 in
1193 4905 1252 4964 amu
1264 4902 1358 4965 parte,
1380 4911 1414 4948 ne
1435 4898 1521 4960 secero
1539 4897 1590 4945 εον
1607 4893 1696 4957 μανά

92 4976 179 5035 preda
197 4976 340 5027 εναεεοὶια
353 4977 427 5029 della
440 4976 555 5029 ὁεὶἱεεαα
574 4979 728 5042 ερίοοειιιιὶ
742 4978 884 5039 Albanae,
898 4976 945 5028 che
961 4978 980 5027 εἱ
998 4984 1093 5038 campo
1113 4976 1182 5038 τερὶο
1201 4973 1306 5024 divanio
1320 4982 1392 5021 εοιιεε
1414 4981 1470 5018 νου
1488 4976 1648 5031 εαρνιεαιιτσ
1669 4963 1688 5013 d

97 5045 179 5108 mmse
191 5049 216 5097 et
228 5048 255 5098 ἀι·
266 5047 400 5111 σακειιιειὶι
413 5048 457 5099 del
461 5050 602 5113 paradiso.

127 5115 181 5165 ΧΗ.
195 5116 210 5180 §
225 5123 244 5166 1.
263 5116 363 5182 Κροῠες]
378 5120 459 5179 Κροῡα
472 5118 605 5169 Ρὶιταιιὶτοε
615 5131 640 5185 p.
653 5122 708 5179 425,
727 5122 755 5169 16
784 5118 861 5184 Κρούη
873 5118 998 5177 chalcan„
1012 5116 1067 5168 aliia
1082 5116 1166 5181 Graia,
1177 5114 1263 5166 Turcis
1276 5110 1425 5164 Αλάνιεεσι.
1446 5112 1458 5174 ll
1477 5136 1509 5149 -
1520 5111 1534 5176 §
1546 5117 1568 5162 2.
1586 5108 1696 5175 ἀπόνως]
