3809 5859
405 431 653 493 MECHEMETIS
667 433 802 495 'ANNUS
823 434 858 495 V.
878 436 957 497 6963
981 434 1166 517 (tuot-1455
1187 437 1222 497 Ρ.
1241 437 1305 517 (1.).
1607 442 1664 541 iiiii

26 569 169 645 χειμῶνι
179 562 256 623 πέντε
270 562 316 623 καὶ
326 562 409 622 εἴκοσι
424 562 492 641 μετά
501 586 531 641 γε
541 566 593 622 τῶν
607 568 781 645 σκευαγωγῶν
790 564 839 633 τδς
892 568 915 627 Γ
916 566 1003 637 ετικήν
1024 568 1113 626 τεκαὶ
1134 566 1284 643 Σκυθικήν,
1306 567 1350 627 καὶ
1370 570 1403 627 δι’
1424 570 1509 627 αὐτῶν
1530 569 1663 629 ἐκδίδωσιν

29 657 154 723 παίσας.
181 645 282 735 Ἐρ’ᾧ
307 653 339 724 δή
365 653 411 713 καλ
431 655 551 730 μᾶλλον,
572 651 608 719 ῶς
627 678 721 735 φασιν,
748 655 838 715 έκτοτε
893 656 919 720 ές
943 653 988 713 τὸν
1013 653 1139 722 Εὔξεινον
1169 656 1276 716 πόντον.
1319 656 1354 736 (ο)
1367 655 1517 737 Περικλείει
1540 656 1568 718 δέ
1595 658 1666 726 ἐντὀς

30 744 183 823 ὠργίζετο
203 743 276 822 αύτῷ
294 740 462 822 ὁβασιλεθς,
477 741 523 800 καί
539 742 573 801 δι’
584 743 647 801 αὐτό
656 764 686 821 γε
703 745 839 804 τοῦτοκαὶ
893 745 987 801 ἑαυτοῦ
1001 742 1069 801 ἀλλα
1080 766 1108 801 τε
1124 741 1186 814 ἔθνη
1199 744 1286 820 πολλὰ
1300 744 1495 821 μαχιμώτατα,
1514 744 1560 803 καὶ
1574 742 1606 816 δή
1621 745 1666 804 καί
1682 770 1685 777 ’

34 832 143 899 ἄλλας
155 829 240 897 αἰτίας
254 828 347 910 μικρδν
357 828 464 908 ὕστερον
475 830 575 889 ἀνεῖλεν
589 830 677 892 αὐτόν.
691 830 746 891 Καὶ
754 836 838 891 ταῦτα
892 830 926 889 τθ
941 830 1064 891 Παιόνων
1074 854 1104 889 τε
1118 830 1164 890 καί
1174 830 1281 904 Δακῶν,
1294 822 1333 899 οἷς
1344 835 1413 891 ἐστιν
1423 831 1531 911 Ιὅμορος,
1541 834 1576 900 ῶς
1588 834 1664 911 ἔρην,

34 921 101 998 μὲν
120 916 218 999 ταύτῃ.
250 928 252 931 ⁴
892 917 1082 998 ήΤριόαλλῶν
1088 917 1304 998 παρακειμένητε
1312 919 1410 987 τούτοις
1421 919 1500 1001 μέχρι
1514 922 1611 981 πολλοῦ
1620 924 1667 980 καὶ

90 1008 150 1066 Vi.
162 1004 290 1073 Βασιλεὺς
307 1003 332 1063 δ’
342 1002 587 1083 ίνἌδριανουπόλει
597 1004 695 1082 διάγων
710 1008 838 1083 χειμῶνος
892 1007 981 1073 πολεις
993 1005 1090 1085 ἔχουσα
1109 1007 1208 1073 πολλὰς
1226 1007 1272 1066 καί
1291 1004 1375 1075 καλδις
1392 1010 1418 1066 έν
1433 1000 1467 1087 τῇ
1480 1009 1606 1087 μεσογείᾳ
1621 1010 1667 1067 καὶ

36 1096 185 1175 στρατιδν
201 1094 319 1173 μεγάλην
331 1091 525 1172 παρεσκεύαζεν
540 1089 584 1150 ἀπὶ
597 1090 778 1170 Τριύαλλούς·
788 1091 835 1150 καθ
893 1093 1004 1175 ρρούρια
1014 1092 1113 1175 ἐρυμνδ
1124 1093 1183 1173 περί
1198 1117 1249 1155 που
1264 1094 1310 1161 τδς
1320 1092 1399 1174 όχθας
1414 1101 1460 1156 τοῦ
1477 1102 1611 1173 ποταμοῦ·
1633 1097 1666 1155 δι’

35 1185 105 1265 γδιρ
124 1177 157 1257 ἦν
168 1182 411 1261 προπυνθανόμενος
421 1180 455 1239 εδ
470 1184 525 1240 ἐκεῖ
534 1184 710 1258 νεοχμοῦντα·
726 1181 770 1239 τδν
787 1180 838 1258 γάρ
893 1180 954 1252 ἀδή
966 1179 1011 1238 καί
1027 1180 1143 1258 μάλιστα
1156 1182 1297 1258 ἀναγκαῖον
1307 1182 1391 1241 ἐδόκει
1405 1186 1443 1262 τῷ
1458 1186 1562 1263 βασιλεῖ
1573 1182 1667 1262 χειρόν-

37 1276 108 1331 τῶν
140 1271 298 1353 Τριόαλλῶν
335 1268 454 1348 ἡγεμόνα
485 1266 618 1347 νεωτέρων
656 1270 837 1341 ἐπιθυμοῦντα
896 1267 993 1325 σασθαί
1007 1290 1036 1326 τε
1050 1270 1130 1337 αὐτὴν
1146 1266 1192 1325 καί
1205 1266 1321 1348 τδιπαρδι
1335 1269 1381 1337 τδς
1395 1270 1532 1350 όχθαςτσῦ
1545 1277 1667 1349 ποταμοῦ

40 1358 269 1438 κοινολογεῖσθε(
285 1380 313 1416 τε
331 1357 378 1416 καί
400 1357 494 1433 λόγους
514 1354 670 1436 προσφέρειν
692 1356 779 1437 κρύρα
798 1360 837 1436 τῷ
892 1354 1003 1434 ρρούρια
1017 1356 1181 1435 κατασχεῖν,
1204 1355 1275 1424 ὅπως
1288 1356 1329 1431 εἴη
1350 1362 1398 1429 τ’ής
1419 1358 1509 1418 τούτου
1523 1358 1668 1426 διαόάσεως

44 1449 167 1525 βασιλεῖ
178 1444 318 1520 Παιόνων,
333 1444 379 1503 καὶ
390 1441 516 1514 ξυνθήκας
526 1443 656 1501 ποιεῖσθαι
674 1442 730 1519 μετ’
745 1445 837 1521 αὐτοῦ,
893 1440 999 1519 κύριος,
1023 1440 1069 1499 καὶ
1083 1443 1145 1501 ὅταν
1166 1441 1243 1512 αὐτός
1263 1466 1294 1521 γε
1309 1443 1400 1525 ἐθέλῃ,
1420 1446 1514 1527 ῥαδίως
1530 1444 1579 1527 ἔχη
1604 1448 1666 1505 δια-

46 1532 134 1598 ὅττως
158 1535 244 1597 καλῶς
268 1554 296 1590 τε
313 1527 584 1609 παρασκευασάμενος
606 1530 652 1588 καί
670 1526 714 1587 τθν
733 1527 837 1607 Ἴστρον
893 1527 992 1587 θαίνειν
1007 1530 1032 1595 ές
1049 1528 1097 1598 τήν
1111 1528 1217 1589 ίκείνων
1232 1532 1427 1613 κάκείνουςίτε)
1447 1535 1559 1616 ἀπείργιγΙ
1575 1539 1621 1607 τῆς
1640 1536 1666 1602 ές

45 1619 250 1690 διοιὸδςίςτήν
261 1624 307 1677 τοῦ
318 1618 447 1698 βασιλέως
456 1614 546 1696 χώραν
559 1616 679 1695 ἐμῦάλλη
690 1616 838 1694 ξυνεμόάλ-
892 1616 941 1688 τήν
959 1620 1039 1675 αὑτοῦ
1065 1616 1226 1686 διαθέσεως·
1240 1621 1268 1677 οὗ
1284 1619 1361 1696 μόνον
1381 1621 1423 1695 δὲ,
1440 1622 1508 1683 ἀλλά
1523 1624 1568 1681 καὶ
1584 1628 1601 1694 ἡ
1618 1629 1665 1694 τής

44 1707 284 1787 λοντικαδαύτῷ·
328 1703 494 1786 (ε)οιίμόνον
507 1702 545 1777 δέ,
553 1703 673 1762 ἀλλὰκαὶ
683 1702 729 1761 τδν
739 1702 835 1777 ξυνήθη
891 1704 980 1783 χόιρας
996 1702 1076 1784 ἀρετή
1095 1704 1168 1763 οὐδὲν
1186 1698 1265 1777 ἦττον
1286 1711 1383 1790 ἐπῆγεν
1406 1710 1504 1783 αὐτὸν,
1523 1714 1663 1787 θαυμαστή

46 1795 161 1873 δασμὸν
184 1795 301 1876 βραδέως
314 1818 343 1853 τε
362 1792 432 1853 πάνυ
454 1802 564 1872 παρεῖχε
585 1790 631 1850 καὶ
656 1790 837 1869 πλημμελῶς,
891 1813 929 1857 τις
942 1781 1009 1849 οθσα
1029 1794 1075 1850 καὶ
1095 1800 1175 1851 πᾶσιν
1199 1796 1374 1871 εθθηνουμένη
1397 1798 1450 1865 τοῖς
1467 1798 1620 1875 άγαθοῖς·ή
1639 1824 1666 1859 τε

46 1882 239 1958 πλαττόμενος
249 1882 290 1941 ἀεὶ
302 1880 444 1963 προράσεις
455 1906 485 1941 τε
499 1880 544 1940 καί
553 1878 683 1947 ἀναύολδς
697 1882 726 1938 οὗ
738 1882 835 1949 καλάς·
891 1878 943 1959 γθρ
965 1883 999 1958 γῆ
1024 1880 1163 1960 πάμφορός
1184 1880 1214 1939 τέ
1237 1884 1305 1942 ἔστιν
1332 1887 1412 1963 αὐτῇ,
1439 1884 1574 1965 ἐρρωμένη
1604 1886 1668 1965 πρὸς

47 1973 97 2052 ἀφ’
108 1962 131 2052 ᾧ
143 1969 176 2042 δή
185 1970 340 2048 καὶμᾶλλον
349 1969 494 2050 ῶργίζετοθ
503 1966 836 2047 βασιλεθςτεκμαιρόμενος
888 1968 997 2032 ’ἁπάσας
1011 1968 1087 2048 γονέες
1102 1970 1147 2027 καί
1162 1970 1250 2029 πάντα
1262 1971 1330 2048 μετθι
1343 1972 1479 2053 δαψιλείας
1495 1972 1666 2054 παρεχομένη

46 2060 86 2117 ἐκ
102 2058 196 2119 τούτου
211 2056 343 2139 νεωτέρων
363 2055 440 2117 αθτδν
464 2058 615 2133 ἐπιθυμεῖν·
658 2056 691 2133 (ε)
707 2056 737 2115 οθ
752 2061 837 2114 ταῦτα
891 2053 940 2114 όσα
958 2055 1078 2135 φέρουσιν
1097 2048 1165 2136 ῶραι
1189 2060 1348 2137 σπερμάτων
1363 2061 1451 2119 τεκαὶ
1473 2064 1576 2141 ρυτῶν,
1600 2062 1668 2121 άλλθ

49 2147 84 2205 δέ
104 2146 186 2225 μόνον
201 2149 292 2225 ίνήγεν
305 2146 399 2220 αὐτόν,
416 2144 483 2205 ἀλλά
495 2143 541 2203 καί
560 2147 578 2215 ἡ
592 2148 638 2215 τής
646 2143 735 2224 χώρας
749 2144 836 2224 ρύσις,
891 2145 923 2217 δή
933 2144 979 2204 καί
993 2143 1042 2205 όσα
1053 2143 1176 2221 νέμονται
1187 2150 1247 2224 γῆν,
1260 2146 1367 2207 αἰπολιά
1382 2172 1411 2207 τε
1421 2149 1490 2228 φημί
1504 2148 1549 2207 καί
1559 2149 1666 2227 ποίμνια

49 2233 182 2313 αὐτάρκη
194 2232 264 2292 θέσιν
285 2232 453 2312 παρεχομένη
480 2230 505 2297 ές
525 2252 554 2288 τε
567 2229 611 2288 τδν
625 2229 695 2288 κατὰ
717 2228 837 2289 Παιόνων
890 2233 936 2291 καὶ
958 2232 1086 2315 συρόρόια
1104 2231 1150 2293 καλ
1172 2235 1297 2313 βουκολια
1311 2235 1357 2295 καί
1380 2234 1469 2295 ἵππων
1492 2236 1597 2315 ἀγαθῶν
1620 2238 1668 2297 οὐκ

48 2341 83 2378 τε
108 2321 155 2379 καὶ
166 2324 261 2381 Δακῶν
273 2319 388 2392 πόλεμον
403 2316 663 2396 ίκπεπολεμωμένων
672 2319 755 2398 αὐτῷ,
768 2314 836 2375 ῶστε
890 2320 981 2398 ὀλίγην
1006 2320 1087 2401 ιρορδν
1110 2321 1155 2381 καὶ
1173 2324 1279 2381 πολλῶν
1301 2324 1388 2382 ἀλλων
1409 2322 1543 2401 ἐδωδίμων
1563 2348 1593 2384 τε
1621 2325 1668 2387 καὶ

50 2406 152 2486 ῥᾳδίας
162 2408 208 2465 ἀπ’
224 2407 303 2477 αὐτῆς
321 2408 347 2475 ές
367 2407 415 2472 τήν
435 2406 540 2465 ἐκείνων
555 2404 625 2484 ἔχειν
645 2409 776 2465 ποιεῖσθαι
789 2405 835 2472 τδς
889 2409 1030 2489 χρησίμων
1044 2406 1117 2477 ζώων
1128 2408 1234 2490 ἡμέραιν
1255 2433 1284 2469 τε
1299 2410 1345 2469 καὶ
1360 2410 1458 2492 ἀγρίων
1478 2411 1540 2490 γένη
1556 2412 1668 2494 διάφορα

49 2491 180 2560 ἀσῦολάς.
892 2496 998 2556 άπαντα
1014 2497 1103 2578 τρέρει
1126 2498 1193 2576 μετθι
1217 2500 1317 2571 πολλῆς
1336 2498 1500 2575 περιουσίας·
1517 2500 1553 2578 (a)
1594 2500 1624 2559 τδ
1641 2501 1667 2561 δέ

96 2581 164 2641 Vll.
179 2579 216 2641 ‘fl
231 2580 281 2659 γθιρ
303 2584 355 2639 τῶν
375 2580 533 2661 Τριόαλλῶν
550 2583 640 2640 κεῖται·
653 2578 701 2655 μὲν
726 2582 752 2639 έν
769 2582 830 2639 ἀπε·
890 2584 1012 2662 μέματον
1035 2585 1082 2644 καί
1105 2576 1127 2665 ᾧ
1150 2584 1237 2653 πάσας
1258 2584 1306 2653 τθις
1330 2586 1412 2653 ἄλλας
1427 2594 1488 2667 νικᾷ
1506 2586 1564 2664 μεθ’
1581 2591 1664 2667 ὓπερ-

53 2665 146 2747 καίριρ
159 2673 206 2740 τῆς
225 2668 281 2728 ἀνω
296 2666 422 2751 Θρηίκης,
436 2669 570 2749 ἀρχομένη
587 2667 634 2746 μέν
648 2670 701 2729 ἀπὸ
715 2673 762 2741 τῆς
775 2670 830 2727 άνω
890 2671 985 2743 όολῆς,
1008 2673 1048 2730 ότι
1065 2670 1162 2753 χρυσόν
1176 2673 1222 2731 καὶ
1241 2673 1352 2753 ἄργυρον
1375 2672 1466 2753 ὥσπερ
1491 2673 1544 2733 ἀπὸ
1571 2678 1665 2756 πηγῶν

58 2756 171 2824 Μυσίας
196 2757 240 2816 καί
267 2762 311 2816 τοῦ
343 2756 457 2835 Αἴμονος
492 2757 582 2837 ὅρους,
616 2755 772 2835 παρήκουσα
804 2756 833 2817 di
890 2758 1047 2839 ἀναδίδωσι,
1061 2760 1107 2820 καθ
1122 2767 1262 2839 πανταχοῦ
1277 2760 1373 2833 ταύτης
1387 2760 1524 2841 ὀρύσσοντι
1535 2762 1663 2844 ψήγματα

54 2841 142 2921 μέχρι
165 2848 210 2902 τοῦ
237 2840 359 2923 Ἴστρου,
383 2844 429 2904 καί
458 2848 592 2925 όμοροῦσα
631 2844 665 2902 δι’
692 2846 771 2903 αὐτοῦ
800 2848 832 2924 τῇ
890 2846 1004 2927 παρέχει
1020 2852 1121 2927 χρυσοῦ
1140 2848 1185 2907 καθ
1199 2847 1313 2929 ἀργύρου
1334 2850 1445 2907 πλεῖστα
1469 2848 1516 2908 καί
1535 2850 1666 2910 κάλλιστα

55 2934 158 2989 Δακῶν
176 2935 222 2991 καί
237 2930 360 2992 Παιόνων
373 2935 457 3013 ἀρχῇ·
476 2936 490 2991 ό
506 2931 558 3012 γδρ
571 2929 692 3011 Ἴστρος,
713 2931 835 3011 μέγιστος
891 2932 938 2991 καί
960 2933 1098 3014 κρείσσονα
1117 2939 1165 3006 τῆς
1183 2933 1312 3006 Ἰνδικῆς·
1330 2930 1364 3015 (t)
1386 2935 1419 2994 δι’
1439 2934 1456 2991 θ
1478 2934 1509 3006 δή
1525 2936 1572 2994 καί
1586 2936 1617 2996 τὸ
1640 2937 1667 3005 ίξ

54 3016 95 3076 ῶν
109 3023 236 3095 ποταμῶν
259 3022 311 3078 τῶν
331 3019 467 3091 κατθτήν
488 3019 631 3100 Εὐρώπην,
651 3020 761 3100 ἄρχεται
787 3020 835 3096 μέν
891 3026 977 3102 ἀρχῆς
991 3027 1008 3092 ή
1024 3025 1076 3081 τῶν
1093 3022 1251 3103 Τριόαλλῶν
1266 3022 1337 3105 ἀρχή
1357 3023 1488 3100 εὐδαίμων
1507 3047 1547 3084 τε·
1561 3016 1594 3097 ήν
1618 3027 1665 3085 καί

55 3108 114 3168 ἀπὸ
123 3110 175 3166 τῶν
192 3110 326 3169 Κελτικῶν
341 3110 424 3188 ὀρῶν,
441 3108 506 3190 ῥέων
519 3107 546 3167 δέ
560 3110 593 3167 δι’
605 3110 703 3180 αὐτῶν,
720 3108 788 3168 ἀλλά
803 3109 834 3181 δή
891 3110 934 3169 ἐπὶ
950 3110 1057 3191 πλούτῳ
1075 3110 1121 3170 καί
1139 3111 1278 3192 δυναστείορ
1301 3112 1370 3191 μέγα
1385 3111 1503 3193 ἐρρόνει,
1525 3113 1572 3172 καὶ
1587 3114 1666 3193 βασί-

55 3194 104 3251 καδ
119 3197 167 3265 τής
180 3198 233 3253 τῶν
256 3192 379 3256 Παιόνων
392 3218 421 3253 τε
440 3196 485 3254 καθ
507 3198 603 3255 Δακῶν
617 3192 663 3254 καί
679 3194 773 3275 ἑτέρων
787 3196 836 3253 οθκ
891 3199 960 3257 λειον
983 3190 1072 3271 ήνκαί
1093 3197 1182 3266 πόλεις
1208 3190 1373 3279 εἷχεπολλθις
1393 3200 1441 3258 καὶ
1471 3202 1589 3279 μεγάλας
1618 3205 1663 3283 θρ·

55 3280 154 3358 ὀλίγων
165 3286 262 3359 γενῶν,
276 3282 323 3342 καί
338 3282 437 3355 πολλήν
453 3282 618 3363 διερχόμενος
628 3288 677 3362 γῆν
687 3283 734 3342 καλ
748 3284 835 3365 κρείτ·
891 3288 989 3364 ἑαυτῇ,
1004 3285 1072 3345 ἀλλά
1087 3286 1118 3358 δή
1139 3287 1185 3346 καὶ
1199 3288 1369 3366 εὖδαίμονας,
1381 3290 1426 3348 καί
1440 3289 1550 3368 φρούρια
1565 3288 1667 3371 δρυμνθ

57 3391 114 3427 των
130 3369 206 3437 αὖτδς
222 3373 315 3429 ἑαυτοῦ
326 3372 461 3448 γινόμενος
475 3371 517 3431 ἀεὶ
530 3379 588 3439 ταῖς
601 3371 763 3452 προσθήκαις
779 3374 833 3430 τῶν
891 3373 937 3431 καί
948 3375 1098 3447 δυσείλωτα,
1110 3378 1156 3433 καί
1168 3374 1321 3454 καταλόγων
1335 3378 1532 3456 στρατιωτικῶν
1545 3401 1573 3438 τε
1588 3400 1667 3458 στρα-

58 3461 84 3523 te
100 3458 179 3517 αὐτὸν
195 3457 375 3518 έσόαλλόντων
397 3461 539 3537 ποταμῶν,
558 3461 670 3540 τελευτᾷ
682 3457 729 3538 μέν
746 3464 772 3526 ές
783 3459 833 3532 τήν
859 3410 866 3532 Ι
891 3462 1029 3540 τευμάτων
1040 3446 1192 3537 Ιἐπλούτει,
1214 3462 1260 3522 καί
1279 3461 1367 3522 ὅπλων
1382 3459 1486 3523 πολλῶν
1501 3464 1547 3524 καί
1568 3467 1667 3537 καλῶν,

59 3733 176 3796 ἐμπόρους
186 3738 233 3781 τῶν
241 3736 369 3783 Γενουῖτῶν
380 3734 433 3791 τοθς
443 3735 575 3798 ιθρεθέντας
584 3736 634 3786 θκεῖ
642 3736 683 3791 τὰς
694 3736 853 3799 πραγματείας
865 3736 975 3798 ἀφεῖλον,
991 3738 1074 3793 αθτοθς
1086 3736 1111 3786 ot
1127 3737 1152 3786 ἐν
1161 3742 1212 3793 ταῖς
1223 3737 1339 3801 τριήρεσιν
1351 3737 1446 3787 ἔθελον·
1465 3738 1518 3792 τοὺς
1529 3738 1554 3785 di
1564 3739 1661 3793 πολίτας

59 3804 164 3859 ἅπαντας
175 3804 327 3866 καταγράψας
338 3804 380 3852 καὶ
392 3804 452 3860 τοὺς
470 3804 555 3860 παῖδας
566 3806 608 3853 καὶ
618 3805 743 3860 παιδίσκας
752 3805 820 3867 ίγγύς
830 3822 877 3855 που
890 3807 975 3857 ίκατδν
986 3808 1091 3872 ἀφελὼν,
1107 3809 1148 3857 καὶ
1159 3809 1251 3869 φύλακα
1262 3810 1297 3869 τῷ
1310 3808 1424 3869 πολιχνίῳ
1439 3809 1480 3856 θνα
1490 3812 1538 3855 τῶν
1552 3808 1665 3870 Ταόρκων

60 3873 251 3932 ἐγκαταστήσας,
263 3874 304 3922 καὶ
313 3875 482 3924 πεντεκαίδεκα
492 3876 579 3937 ἡμέρας
594 3875 689 3930 τελέσας
699 3875 760 3935 ίκεῖ,
775 3876 894 3933 ι’ξήλθαοιν
907 3879 932 3925 αἱ
945 3877 1043 3941 τριήρεις
1055 3882 1084 3941 τῇ
1103 3878 1123 3927 ιε’
1137 3884 1179 3927 τοῦ
1195 3876 1309 3939 Νοεθρίου
1321 3878 1392 3937 μηνός
1408 3877 1496 3938 ,mid
1510 3876 1584 3931 ίτυυς.
1602 3880 1664 3934 Qum
1697 3876 1699 3883 '

60 3942 148 3993 deinde
161 3942 294 3992 subsecuta
306 3942 368 4004 sint,
388 3944 455 4007 apud
471 3943 552 4007 ipsum
571 3946 669 3994 Duaam
680 3944 757 4008 legas.
779 3945 790 4007 ΙΙ
808 3972 838 3987 -
850 3945 897 4009 §⁵-
916 3946 1028 4008 ὠργίζετο
1048 3946 1128 4011 αὐτῷ]
1144 3950 1224 3997 Duoas
1243 3958 1268 4009 p.
1281 3948 1336 4005 3³5,
1353 3952 1383 3995 11
1397 3964 1404 3993 ι
1415 3946 1444 4005 ἦν
1461 3946 1506 4009 γὰρ
1518 3947 1532 3995 θ
1554 3946 1666 4006 Γενοὺζης

60 4012 206 4069 ίκθεόληκδνς
215 4013 308 4070 καὶτήν
322 4013 437 4076 ἐπαρχίαν
451 4014 539 4077 Καρίας
552 4014 698 4063 ἐπιστατῶν·
712 4016 762 4064 ddi
776 4016 1026 4079 Ἰσμαὴλάντεισήχθη
1042 4020 1211 4073 κοντοσταϋλος
1225 4019 1265 4065 καὶ
1278 4016 1379 4080 ἔπαρχος
1390 4018 1415 4068 έν
1430 4019 1578 4081 Χερρονήσῳ.
1597 4019 1666 4069 Gete-

62 4094 118 4130 rum
126 4080 234 4141 tannarii
245 4093 328 4131 mense
341 4083 399 4132 anai
408 4086 468 4133 1455
482 4084 572 4146 (otti)
588 4086 681 4134 Jouuaa
694 4083 777 4133 adhue
790 4084 877 4135 elassis
887 4086 1020 4148 praefectus
1031 4092 1085 4137 erat
1095 4086 1120 4137 in
1134 4086 1289 4152 expeditione
1298 4089 1384 4136 eontra
1392 4088 1482 4136 AEnum
1496 4086 1531 4151 (ν,
1543 4101 1596 4151 cap.
1608 4094 1634 4137 tt
1646 4088 1664 4151 ).

94 4151 138 4201 Vl.
158 4150 173 4213 §
189 4154 210 4199 1.
226 4151 385 4217 Τριθαλλοίς]
403 4153 444 4203 sie
458 4153 558 4204 servios
575 4156 649 4204 xooat
665 4166 735 4204 more
754 4154 935 4205 eruditutorura
954 4156 1153 4216 Byzantinorum.
1171 4159 1182 4222 ΙΙ
1193 4186 1221 4200 -
1237 4156 1401 4221 νεοχμοῦιτα]
1414 4174 1504 4221 νιωχμ.
1524 4157 1581 4207 eod.
1602 4159 1612 4219 ΙΙ
1631 4186 1661 4197 -

62 4222 196 4285 Τριθαλλῶν
223 4221 344 4287 ἡγεμόνα]
363 4237 400 4274 se.
417 4225 563 4289 Georgium,
581 4225 667 4275 itariae
686 4240 731 4276 seu
752 4227 827 4275 tiarae
843 4224 936 4286 titium,
952 4227 1065 4277 Lanario
1084 4228 1134 4278 tilia
1151 4231 1278 4293 nepotem,
1296 4226 1340 4291 qui
1360 4228 1485 4291 Stephano
1505 4229 1628 4279 avunculo
1640 4232 1665 4280 iu

61 4291 153 4343 servia
170 4292 308 4355 principatu
324 4298 485 4346 successerat.
502 4296 657 4347 Miroerrore
670 4295 811 4347 critobulus
823 4308 868 4359 pro
879 4296 984 4359 Georgio
1000 4296 1090 4361 ubique
1104 4302 1221 4349 unarum
1239 4297 1307 4350 dieit.
1325 4297 1336 4361 tl
1348 4324 1379 4334 —
1389 4297 1404 4361 §
1415 4306 1437 4347 2.
1451 4301 1492 4349 τὸν
1501 4301 1592 4365 δασμὸν
1609 4303 1664 4363 βρα-

63 4365 146 4418 δέως...
162 4361 277 4427 παρεῖχε]
290 4368 343 4415 imo
361 4366 544 4430 promptissime
559 4367 680 4417 tributum
696 4366 800 4427 Augusti
812 4380 895 4415 mense
914 4380 956 4415 an.
975 4371 1033 4418 1453
1054 4368 1238 4433 adrianopolim
1261 4368 1386 4419 attulerat.
1406 4370 1435 4417 V.
1456 4364 1540 4419 Dueas
1560 4383 1584 4433 p.
1605 4373 1661 4419 ato.

64 4432 226 4483 tteehemetes
237 4433 329 4485 servia
337 4434 462 4498 potiundae
472 4435 579 4501 eupidus
591 4450 691 4487 eausam
707 4437 764 4487 beiti
773 4436 891 4486 inserendi
908 4450 938 4487 eo
949 4436 1042 4488 invenit
1060 4439 1127 4501 quod
1141 4440 1173 4489 ob
1184 4438 1353 4503 cognationem
1370 4452 1430 4490 cum
1442 4439 1534 4489 Serviae
1551 4439 1665 4501 despota·

65 4516 119 4553 rum
130 4503 222 4555 tandtia
232 4504 281 4554 sibi
297 4504 506 4562 intercedentem,
517 4506 641 4566 regionem
657 4507 726 4558 iiiam
739 4507 808 4557 adse
820 4508 902 4570 ipsum
916 4506 1084 4571 potiusquam
1102 4509 1134 4559 ad
1151 4510 1283 4572 Georgium
1300 4508 1421 4572 pertinere
1440 4508 1600 4572 praetexebat.
1624 4511 1659 4557 V.

64 4574 174 4636 Dueasp.
185 4576 238 4624 317.
245 4574 391 4627 Seadeddin.
400 4583 423 4635 1,
433 4590 458 4640 p.
472 4579 524 4627 171.
535 4576 730 4627 Meoitemetesin
738 4576 848 4628 servum
858 4577 947 4641 irrupit
956 4578 1062 4641 pumum
1070 4581 1157 4629 astate
1166 4578 1222 4631 anni
1237 4582 1304 4641 1454,
1315 4578 1404 4629 deinde
1414 4578 1503 4628 iterum
1511 4580 1598 4627 aestata
1608 4578 1665 4628 anui

67 4647 132 4705 1455,
150 4646 179 4693 ut
189 4657 266 4709 supra
275 4646 327 4709 jam
340 4647 435 4697 monui.
454 4646 596 4699 critobulus
609 4647 707 4697 nonnisi
716 4646 851 4698 seeundum
866 4646 1047 4710 expeditionem
1061 4652 1238 4699 commemorat
1254 4660 1358 4711 eamque
1376 4661 1506 4712 perperam
1519 4647 1589 4711 ponit
1608 4650 1664 4697 aute

65 4714 160 4764 ranuzo
178 4715 359 4779 expeditionem
379 4721 464 4768 eontra
481 4718 564 4769 Chios.
578 4721 616 4769 De
630 4718 736 4769 secunda
747 4717 912 4781 expeditione,
933 4731 1008 4781 quam
1023 4721 1165 4769 Dueasnon
1180 4721 1369 4777 rememorat,
1387 4719 1471 4781 paucis
1491 4718 1541 4781 agit
1557 4716 1663 4767 choico-

67 4784 179 4847 eoodyias
192 4798 217 4849 p.
232 4788 287 4848 414,
301 4787 380 4839 iustus
392 4788 529 4839 Seaddinus
541 4795 569 4848 2,
580 4802 604 4852 p.
622 4792 733 4839 tto-173.
749 4788 785 4839 ct.
801 4790 918 4838 itammer
928 4788 946 4839 l.
959 4788 976 4839 l.
993 4802 1017 4852 p.
1035 4791 1072 4851 1³,
1088 4789 1213 4839 ztoieisen
1225 4795 1248 4849 2,
1262 4800 1287 4851 p.
1302 4789 1341 4836 77.

96 4858 149 4905 vit.
162 4854 177 4918 §
192 4860 212 4905 t.
225 4857 286 4906 Ἀνω
298 4858 406 4922 Θρᾴκης]
418 4859 454 4908 sic
465 4872 533 4922 παρος
547 4860 659 4923 Εὐρώπης
675 4862 735 4909 tant.
753 4860 763 4922 ΙΙ
775 4886 807 4896 —·
821 4859 869 4923 §2
882 4858 1056 4923 παρακειμένη]
1071 4860 1107 4910 εἰσ
1122 4873 1192 4922 ingo,
1204 4859 1344 4921 παρήκουσα
1358 4860 1421 4906 texi.
1437 4856 1448 4920 ΙΙ
1460 4854 1506 4918 -§
1518 4858 1540 4905 θ.
1557 4854 1660 4919 χρυσόν]

67 4924 103 4971 De
114 4924 205 4975 servio
216 4926 323 4977 metaliis
334 4929 366 4977 ci.
376 4928 583 4991 coaleoeondyias
591 4942 616 4992 p.
626 4933 682 4989 415,
698 4934 721 4985 8.
732 4928 868 4979 Buliiatdus
881 4930 913 4979 ad
925 4932 1020 4979 Ducem
1027 4941 1052 4993 p.
1064 4932 1118 4986 541,
1135 4930 1260 4978 ltamruer.
1272 4935 1294 4990 1,
1307 4941 1332 4991 p.
1345 4932 1372 4976 15
1383 4929 1433 4975 not.
1452 4924 1462 4988 ΙΙ
1476 4924 1532 4987 ·-§
1551 4928 1575 4973 4.
1584 4925 1663 4985 αὐτῆς,

67 4993 123 5045 ἀλλὰ
134 4996 162 5052 δὴ
171 4995 291 5059 xoiliude
300 4999 332 5048 ab
346 4998 385 5047 his
398 4999 482 5050 verbis
497 5000 580 5064 incipit
588 4999 679 5049 eodieis
693 4999 780 5063 pagina
793 5003 846 5051 135.
862 5000 960 5063 Pagina
979 5002 1093 5060 135141,
1108 5012 1165 5061 (μιαν
1184 4998 1291 5049 mediam
1310 4998 1406 5060 partem
1419 4994 1590 5058 quaternionis
1605 4995 1664 5045 noui

68 5063 123 5127 (oui
137 5080 181 5130 pro
196 5068 273 5119 suetis
289 5070 395 5120 sedecim
411 5069 506 5134 paginis
519 5071 619 5135 paginas
632 5070 717 5133 viginti
733 5069 823 5132 habet)
840 5070 1012 5129 constituunt,
1030 5069 1164 5134 majoribus
1184 5068 1262 5118 literis
1285 5066 1384 5127 scriptae
1400 5066 1460 5113 sunt
1470 5076 1546 5127 quaro
1558 5065 1661 5145 eeteraet

69 5136 249 5201 ultimaautem
262 5139 353 5190 harum
370 5141 514 5205 paginarum
525 5144 565 5204 (p.
581 5140 641 5203 141)
659 5140 778 5203 maiorem
789 5140 829 5190 sui
849 5142 946 5203 partem
960 5138 1036 5190 habet
1052 5152 1165 5189 vacuam.
1182 5137 1268 5189 Scriba
1286 5136 1312 5186 in
1331 5135 1378 5185 hoc
1393 5134 1552 5196 quaternione
1562 5133 1663 5196 ahquid

67 5205 174 5257 omisisse
194 5207 300 5272 videtur,
319 5211 387 5275 qood
404 5215 431 5262 ut
448 5212 610 5276 suppleretur,
629 5214 747 5276 quattuor
762 5210 856 5275 paginis
874 5210 961 5261 mediis
974 5210 1034 5259 alias
1054 5208 1183 5260 substituit
1202 5206 1302 5273 paginas
1316 5207 1387 5264 octo;
1405 5218 1468 5268 quas
1482 5209 1510 5256 ut
1534 5203 1662 5267 impleret,
