3809 5859
441 344 691 407 MECHEMETIS
713 345 842 406 ANNUS
861 344 912 405 lii.
933 347 1010 409 6961
1037 344 1271 425 1115111531).
1295 345 1352 427 6.).

94 485 199 563 πρῶτον
209 481 257 557 μίν
266 478 399 556 λαμὸιίνιι
410 477 455 537 τὸν
471 477 565 551 ξυνήθη
578 476 677 554 δασμὸν
684 478 756 556 αὑτῷ
766 480 819 535 τῶν
827 477 876 534 λα-

94 565 297 651 ιριίρων,ἔπιιτα
311 566 339 625 δέ
353 565 399 625 καὶ
411 566 528 645 ιἰριστεῖα
542 564 709 623 ιἰπδποίντων
728 562 873 641 ἐκλέγεται,

94 656 237 734 παρθένους
243 677 272 713 τι
285 653 385 733 ὡραίας
397 653 444 712 καλ
455 657 506 712 τῶν
522 644 705 730 εὖγεγονότων
717 650 763 709 καὶ
777 653 873 718 παῖδας

93 743 267 816 καλλίστους,
287 740 358 801 ἔστιν
378 741 437 801 θδί
450 740 549 801 τούτων
570 742 617 799 καὶ
632 740 872 820 ὠνούμινοςπαρδ

95 836 148 891 τῶν
164 832 360 913 στρατιωτῶν..
390 828 421 908 (1)
437 827 592 905 Ἐιιλίγιται
608 826 637 886 δέ
650 827 696 887 καὶ
709 829 762 885 τῶν
777 828 872 909 terpe-

96 924 149 979 νῶν
164 920 266 998 ἀνδρῶν
280 916 324 986 οθς
344 915 473 993 ίμοίνθανε
492 914 606 995 γένειτε
625 913 672 974 καί
695 913 815 995 ρρονήσει
826 914 872 973 καὶ

96 1011 182 1087 ιἰριτῇ
193 1004 323 1086 διαφέρειν
329 1009 382 1065 τῶν
387 1004 486 1075 ἄλλων,
497 1002 543 1062 καί
550 1001 583 1076 δὴ
590 1001 636 1061 καί
648 1004 772 1081 Νοταρᾶν
781 1002 870 1074 αὐτὸν,

95 1095 180 1173 ἄνδρα
194 1097 246 1152 τῶν
261 1095 377 1152 δυνατῶν
389 1115 418 1151 τε
433 1092 478 1150 καί
492 1093 624 1171 έπιρανῶν
642 1088 706 1148 ὄντα
724 1091 751 1148 ἔν
769 1112 797 1149 τε
811 1089 871 1165 ξυν-

94 1183 150 1242 έσει
169 1182 214 1241 καλ
231 1181 337 1261 πλούτῳ
360 1180 408 1240 καὶ
425 1183 496 1260 ἀρχῇ
514 1178 560 1237 καί
579 1180 659 1258 ἀρετῇ
677 1178 729 1236 καί
749 1180 872 1257 πολιτικῇ

95 1270 221 1346 δυνάμει,
238 1269 285 1329 καί
300 1276 367 1349 τιμᾷ
387 1271 524 1345 τοῦτοντῇ
546 1265 628 1347 έσίδυρ
645 1270 679 1347 τῇ
695 1266 759 1345 παρ’
781 1264 872 1339 αὐτὸν,

97 1357 148 1417 καί
161 1358 245 1435 λόγων
262 1357 422 1434 μεταδίδωσι
444 1353 581 1433 μειλιχίων
599 1352 644 1412 καί
662 1356 790 1433 χρησταῖς
809 1354 872 1410 ἀνα-

97 1454 196 1505 κτᾶται
210 1453 267 1513 ταῖς
287 1443 443 1517 έλπίσιν,οιί
459 1441 536 1518 μόνον
556 1441 649 1515 αίιτδν,
663 1440 731 1499 ἀλλὰ
749 1442 794 1499 καί
814 1439 872 1509 τοὺς

98 1532 193 1601 ἄλλους
215 1531 274 1600 τοὺς
291 1533 348 1610 μετ’
362 1534 455 1598 αὐτοῶὲ
476 1529 547 1609 ἐσῄει
562 1527 613 1611 γδρ
631 1529 707 1589 αὐτὸν
728 1527 798 1597 έλεος
811 1533 871 1591 ,τῶν

98 1623 197 1699 ἀνδρῶν
212 1619 257 1680 καί
270 1623 316 1690 τῆς
329 1618 471 1699 δυσιυχίας
481 1620 584 1687 αὐτῶν,
597 1615 694 1702 έξμοίας
711 1616 763 1696 ἄρα
781 1617 868 1676 εὖδαι·

96 1709 188 1784 μανίας
196 1712 221 1776 ἐς
228 1706 287 1767 οἵαν
296 1706 502 1783 κακοδαιμονίαν
513 1704 756 1785 κατίχθησαν·’καλ
766 1704 871 1784 χρηστὰ

95 1796 156 1877 περὶ
168 1799 253 1855 αὐτῶν
274 1794 442 1864 έόονλιιίετο,
465 1796 488 1853 εί
508 1794 586 1853 καὶὸ
606 1792 696 1872 φθόνος
710 1794 804 1872 μικρὸν
821 1796 869 1853 οὐκ

95 1884 185 1941 είασιν
206 1882 322 1962 ὕστερον.
364 1883 397 1960 te)
415 1881 614 1957 Διαθέμενοςδὲ
631 1880 756 1939 ταῦτάτε
777 1879 870 1939 καὶτὰ

97 1970 166 2028 κατδι
179 1968 239 2037 τοὺς
253 1968 413 2051 στρατιώτας
424 1969 529 2028 ἅπαντα
543 1970 633 2035 καλῶς
646 1967 692 2027 καὶ
702 1970 738 2035 ὡς
751 1959 783 2039 ἦν
797 1970 870 2047 αὐτῷ

1642 352 1698 413 101

930 476 1000 537 κατὰ
1013 482 1088 547 νοῦν,
1108 476 1154 536 καί
1177 477 1292 555 τιμιίσας
1311 477 1369 547 τοὺς
1390 476 1437 559 μὲν
1458 481 1544 539 αιίτῶν
1559 482 1653 562 ιἰρχαῖς
1672 506 1701 543 τε

929 562 976 621 καί
987 561 1138 641 ἀξιώμασι,
1151 565 1212 632 τοὺς
1224 564 1252 624 δέ
1264 564 1402 643 χρήμασι,
1417 564 1475 633 τοὺς
1496 566 1524 627 δὲ
1546 568 1701 647 σιτηρεσίοις

928 649 975 709 καὶ
992 652 1123 718 παντοίοις
1146 651 1235 719 ἄλλοις
1254 651 1362 734 δώροις,
1386 644 1415 711 εδ
1435 654 1585 722 πεποιηκώς
1598 679 1627 713 τε
1652 656 1698 714 καί

928 740 1114 817 δεξιωσάμενος
1128 740 1172 808 οθς
1190 742 1247 821 ᾔδει
1268 744 1356 809 καλῶς
1376 742 1601 821 ἀγωνισαμένους,
1614 744 1653 804 ἔτι
1670 766 1700 803 τι

926 830 1114 909 δημηγορήσας
1136 830 1180 889 καί
1202 829 1289 889 πολλδι
1311 828 1391 890 εἰπὼν
1415 833 1441 897 ές
1463 831 1567 891 ίπαινον
1588 830 1699 913 φέροντα

926 916 1149 997 καὶεῦχαριστίαν
1164 920 1262 987 αιίτῶν,
1273 915 1381 979 ἀπολύει
1395 916 1441 990 τλν
1452 918 1588 997 στρατιάν.
1603 920 1636 999 (t)
1649 923 1701 991 Αὐ·

925 1006 968 1071 τὸς
982 1003 1009 1063 δέ
1024 1004 1092 1081 μετιί
1106 1027 1136 1081 γε
1149 1009 1200 1063 τῶν
1220 1006 1247 1063 έν
1268 1005 1337 1065 τέλει
1356 1005 1462 1077 καὶτῆς
1477 1006 1542 1073 ίδίας
1556 1008 1637 1079 αὐλῆς
1653 1007 1699 1067 lo·

927 1115 992 1151 εισιν
1007 1093 1033 1157 ἐς
1045 1090 1093 1163 τὴν
1107 1091 1197 1166 πόλιν,
1215 1098 1261 1151 καί
1274 1096 1379 1172 πρῶτον
1402 1093 1565 1172 βουλεύεται,
1579 1092 1649 1162 ὅπως
1667 1094 1698 1154 διν

929 1178 1011 1251 αὐτὴν
1022 1177 1167 1246 ξυνοικίσας
1185 1180 1265 1239 πάλιν
1273 1224 1282 1253 ,
1296 1181 1345 1259 οὗχ
1359 1176 1419 1239 θ’σον
1430 1172 1461 1253 ἦν
1473 1181 1615 1260 πρότερον,
1630 1184 1699 1241 ἀλλὰ

926 1265 971 1325 καί
983 1266 1092 1324 cinno*
1105 1266 1245 1339 είδιοίαιτο,
1262 1264 1331 1326 ὥστε
1345 1267 1476 1347 βασίλειον
1490 1258 1556 1327 εἶναι
1571 1272 1658 1349 αὐτῷ,
1673 1272 1699 1328 έν

927 1354 1055 1434 ἐπικαίρῳ
1080 1359 1128 1431 γῆς
1150 1354 1195 1413 καί
1215 1354 1349 1427 θαλάσσης
1372 1355 1509 1431 κειμένην·
1532 1355 1624 1415 ἔπειτα
1645 1359 1698 1416 δω-

928 1448 1012 1517 ρεῖται
1025 1449 1091 1501 πᾶσι
1110 1445 1163 1509 τοῖς
1185 1464 1214 1500 τι
1234 1445 1260 1501 ἐν
1279 1442 1349 1501 τέλει
1372 1442 1417 1502 καὶ
1440 1442 1543 1510 οἰκείοις
1566 1444 1649 1511 οἷκίας
1669 1468 1698 1503 τε

927 1526 1052 1609 λαμπρὰς
1065 1527 1111 1595 τίς
1121 1530 1171 1587 τῶν
1183 1530 1299 1588 δυνατῶν
1313 1528 1358 1589 καί
1369 1529 1542 1608 παραδείσους
1551 1531 1597 1591 καὶ
1607 1531 1700 1611 ἀγροὺς

926 1615 972 1675 καί
995 1617 1127 1693 ἀμπέλους
1149 1617 1201 1676 ἔσω
1220 1622 1267 1690 τῆς
1292 1620 1407 1690 πολέως,
1428 1627 1480 1685 τοῖς
1505 1618 1532 1677 δέ
1554 1618 1600 1679 καί
1622 1620 1699 1688 ναοὺς

927 1707 1083 1783 περικαλιίς,
1096 1702 1164 1764 ὥστε
1174 1696 1242 1764 εἶναι
1255 1706 1343 1772 αιίτοίς
1352 1710 1376 1773 ἐς
1389 1707 1552 1777 κατοίκησιν,
1564 1708 1595 1787 (t)
1606 1707 1700 1769 Ἐκλέ·
1779 1700 1782 1709 ’

925 1816 1000 1868 γεται
1019 1791 1047 1850 δέ
1071 1792 1117 1851 καί
1135 1793 1213 1859 αι’ντδς
1229 1793 1273 1851 τὸν
1290 1794 1369 1870 μέσον
1385 1794 1431 1853 καὶ
1455 1794 1595 1855 κᾶλλιστον
1616 1800 1701 1875 χῶρον

926 1885 974 1951 τῆς
989 1878 1091 1947 πέλταις
1106 1884 1131 1947 ἐς
1145 1881 1284 1959 οἰκοδομὴν
1301 1882 1449 1961 βασιλείων.
1465 1881 1542 1942 Μετὰ
1562 1882 1590 1941 δέ
1608 1889 1698 1958 τοῦτο,

924 1971 975 2027 τῶν
1002 1967 1180 2048 αἰχμαλώτων
1205 1968 1278 2036 ὅσους
1305 1968 1383 2028 ἔλαθε
1407 1969 1508 2047 δασμὸν
1531 1970 1574 2038 ξὺν
1598 1969 1699 2048 γυναιξί

97 2138 168 2201 longe
181 2102 372 2197 atim'judicuu
385 2136 507 2185 Puscnlns
520 2140 547 2185 et
566 2133 715 2186 leonardus.
731 2133 851 2185 videlicet
864 2133 998 2184 acerrimus
1016 2134 1062 2184 tuit
1076 2139 1124 2184 τῶν
1134 2137 1253 2184 immeo
1272 2134 1445 2195 admiserim,
1460 2135 1522 2186 adeo
1536 2139 1565 2187 ut
1579 2136 1671 2188 dixerit
1685 2152 1692 2183 ι

97 2206 253 2271 κρειητότερὸν
264 2208 326 2255 ἐστιν
337 2208 420 2255 εἰδέναι
433 2208 458 2256 έν
473 2208 533 2269 μέση
547 2213 575 2268 τῇ
592 2206 659 2255 πόλει
678 2204 797 2269 ραιιιόλιον
811 2206 934 2267 βασιλεῦον
950 2204 1061 2267 Τοιίρκων
1084 2206 1243 2269 iustiorem
1262 2206 1390 2265 Δατινικὴν
1406 2207 1501 2271 (Duces
1521 2220 1545 2270 p.
1568 2209 1620 2268 264,
1639 2208 1694 2271 tt).

97 2280 135 2327 De
146 2291 177 2328 eo
192 2277 226 2326 ita
239 2276 361 2327 Pusculus
375 2282 396 2339 t,
412 2280 457 2326 134
475 2297 481 2325 :

693 2368 696 2373 '
720 2368 812 2424 ριπιιίε
820 2368 970 2413 αοιιιιοπιὶιιι
977 2369 1063 2421 clarus,

561 2442 604 2474 nec
612 2429 670 2474 recti
678 2430 764 2484 studio,
777 2430 891 2486 peledros
900 2442 1004 2486 παιαριιε
1012 2431 1094 2474 oderat
1103 2436 1166 2475 ortes

564 2491 941 2546 barbarusluie.scdopemscmu‚
953 2504 1013 2547 puae
1026 2490 1127 2547 turpiter
1137 2492 1186 2548 ipse

561 2558 584 2597 et
592 2557 662 2610 poter
669 2552 701 2596 ad
710 2564 830 2598 summum
838 2556 962 2600 cencium
971 2558 1115 2605 corraserat,-
1123 2556 1182 2601 otim

560 2615 685 2671 pisciculos
693 2616 807 2660 vendebat
817 2630 889 2669 coes:
897 2618 1050 2672 repetebatis
1060 2618 1118 2661 urbe

561 2676 632 2726 alter,
641 2675 741 2720 consilia
752 2681 774 2721 et
782 2679 842 2732 cepte
851 2679 954 2723 αείαιιιέα
962 2680 1061 2723 tenebat.

561 2736 787 2791 Ιιαίίιιαιέιιρπέαιίσ,
799 2738 919 2795 ι’ριιυθίίίε,
928 2744 1000 2795 atque
1014 2740 1130 2785 Latinum

563 2810 649 2843 momen
658 2798 707 2843 oers'
716 2799 809 2844 inuidia
815 2813 939 2845 ςοπιυεειιε
954 2802 980 2845 in
989 2815 1058 2846 omen
1067 2804 1166 2848 babebat

560 2860 878 2919 inlaoduemstdeiquerudis
891 2864 1029 2919 perhibebat
1043 2866 1069 2909 ιἰι
1078 2878 1150 2910 auras

561 2921 625 2975 ferri
635 2922 771 2975 concilium,
782 2924 855 2968 uictos
863 2937 907 2968 uec
915 2925 993 2969 cedere
1006 2927 1089 2980 eroice

565 2984 671 3040 pontiflci
685 2997 776 3029 summo
790 2986 957 3046 lloomnoJ‘ore
971 2988 1073 3036 colebat.

133 3074 250 3125 Similiter
259 3074 385 3124 leonardo
396 3073 580 3137 archiepiscopo
596 3071 622 3137 p.
638 3078 684 3124 335
697 3078 736 3125 est
751 3077 839 3138 ναίειν,
849 3075 896 3125 tlte
913 3079 959 3139 qrti
974 3090 1076 3141 semper
1094 3078 1206 3139 olorinus
1220 3076 1366 3125 mendaciis
1386 3077 1410 3125 et
1426 3076 1567 3126 schismate
1587 3078 1699 3139 captore

99 3147 260 3207 concupiuit.
276 3144 415 3194 Secundum
427 3146 524 3193 Ducam
537 3157 561 3207 p.
575 3148 620 3193 295
632 3147 723 3207 eaptus
736 3148 840 3195 Noteras
850 3150 889 3197 est
902 3151 1032 3211 postquem
1042 3161 1057 3197 a
1069 3147 1173 3197 Basilice
1185 3150 1255 3212 portu
1269 3146 1369 3195 deinum
1382 3159 1409 3196 se
1421 3147 1565 3196 contulerat.
1578 3144 1695 3209 [Domum

97 3215 161 3263 banc
172 3215 245 3264 sitem
255 3214 331 3264 luisse
341 3227 417 3277 prope
424 3213 586 3263 Bucotconem
594 3214 657 3262 inter
669 3217 753 3275 portes
764 3215 912 3281 chotlodp
924 3216 997 3281 bopo
1006 3220 1032 3267 et
1041 3216 1251 3281 lcbpnliapcusi
1261 3218 1343 3266 censet
1352 3214 1539 3267 ldordtmannus
1549 3216 1566 3266 l.
1577 3216 1594 3265 l.
1605 3228 1629 3279 p.
1644 3220 1699 3273 ms.

98 3283 184 3346 quiibi
194 3284 220 3333 in
229 3296 300 3334 muro
311 3283 381 3333 urbis
393 3284 485 3333 tranem
498 3284 606 3347 repperit
620 3283 803 3347 inscriptionem
817 3305 823 3335 :

544 3382 660 3429 ltoltl...
674 3380 683 3443 (
690 3381 794 3445 Reliqua
806 3382 876 3433 trabe
889 3382 968 3447 lignea
976 3384 1075 3435 obtectu
1087 3384 1158 3446 sunt)

545 3452 689 3499 noctem

344 3505 359 3537 ⁰
546 3522 788 3571 creemunerror

98 3640 126 3675 ex
140 3640 190 3689 qua
204 3625 278 3676 simul
290 3629 374 3689 patere
384 3625 508 3677 existimat
519 3641 635 3691 magnum
648 3626 737 3678 ducem
749 3627 809 3677 olim
820 3628 960 3692 interpretis
971 3642 1072 3678 munere
1087 3627 1153 3691 apud
1160 3626 1334 3690 imperatorem
1343 3626 1456 3675 iunctum
1471 3638 1533 3673 esse.
1548 3624 1577 3673 ld
1591 3628 1699 3673 tamone

98 3700 210 3758 genetivo
225 3698 387 3760 ὀιερμηνευτοῡ
401 3696 481 3760 colligi
499 3698 593 3760 nequit.
607 3697 743 3748 ltelcreuda
752 3696 840 3748 voxed
858 3700 954 3762 patrem
966 3702 1054 3758 Luce,
1065 3696 1191 3747 Nicolaum
1202 3700 1332 3754 Notarem;
1348 3695 1413 3745 hunc
1422 3694 1487 3744 enim
1500 3693 1622 3743 Manuelis
1633 3693 1692 3755 imp.

99 3769 262 3829 διερμηνευτήν
271 3766 347 3817 luisse
357 3770 439 3816 Duces
449 3781 474 3830 p.
488 3772 528 3826 111,
544 3774 574 3817 m
585 3771 676 3820 namt.
691 3772 776 3832 Neque
790 3783 858 3820 exeo
872 3769 938 3831 qnod
948 3774 1028 3819 Duces
1040 3784 1065 3833 p.
1079 3770 1230 3818 necionem
1246 3768 1379 3825 memoret,
1395 3766 1419 3814 in
1435 3778 1485 3827 que
1500 3764 1593 3814 incluse
1605 3764 1697 3815 tamilla
1735 3812 1740 3821 ,

98 3838 172 3885 Luem
186 3837 279 3885 lurcos
289 3835 453 3899 aggredientes
460 3847 544 3885 arcere
552 3836 677 3895 studebat,
690 3839 847 3901 consequitur
857 3839 959 3888 domurn
967 3842 1041 3889 Luem
1049 3839 1080 3888 nd
1092 3852 1190 3888 murum
1199 3838 1224 3887 in
1233 3852 1283 3900 quo
1296 3836 1422 3899 inscriptio
1431 3838 1521 3892 exstet,
1532 3834 1604 3883 sitam
1614 3834 1696 3887 tuisse.

98 3905 252 3956 probabilius
265 3918 297 3955 ex
314 3906 386 3955 titulo
402 3906 500 3969 colligas
519 3906 593 3956 istam
610 3907 678 3957 muri
694 3907 782 3957 urbani
798 3911 895 3971 partem
910 3922 926 3957 a
946 3911 1012 3957 Luce
1032 3908 1108 3958 luisse
1124 3907 1310 3970 restauratam]
1324 3909 1364 3969 lte,
1375 3907 1514 3969 cmmperta,
1534 3904 1699 3955 Mechemetes

97 3976 167 4028 misit
178 3977 222 4039 qui
237 3979 327 4025 Lucem
339 3978 441 4040 ejusque
467 3977 585 4026 familiam
598 3977 751 4029 custodirent
762 3992 792 4028 ac
803 3982 939 4028 tuerentur.
953 3976 1094 4028 Adductum
1109 3978 1196 4028 deinde
1207 3991 1286 4039 quum
1303 3991 1347 4027 rex
1360 3976 1529 4039 increpasset,
1547 3976 1614 4037 quod
1627 3974 1698 4025 dedi·

98 4048 166 4096 tione
183 4046 251 4096 urbis
270 4049 376 4109 stragem
390 4060 439 4096 non
453 4047 597 4105 avertisset.
613 4050 693 4098 Lucas
711 4049 809 4112 eulpam
823 4048 876 4109 ejus
889 4048 926 4099 rei
943 4048 969 4098 in
982 4048 1100 4098 Chalilem
1116 4048 1199 4099 verbis
1208 4046 1282 4097 tectis
1295 4047 1364 4109 (vel,
1387 4044 1523 4097 secundum
1543 4044 1698 4095 leonardum

98 4131 124 4180 p.
145 4119 200 4175 ³35,
216 4114 359 4164 monstratis
376 4115 474 4165 obstitis
486 4115 577 4177 literis)
593 4117 722 4168 retorsisse
739 4117 839 4168 dicitur.
863 4117 967 4182 Propius
979 4118 1011 4167 nd
1027 4117 1147 4168 critobuli
1160 4118 1324 4168 narrationem
1340 4117 1525 4178 acceduntque
1538 4114 1604 4165 idem
1613 4117 1696 4166 Duces

97 4202 124 4250 p.
143 4191 186 4236 3111
201 4198 237 4247 sq.
251 4184 367 4247 prodidit.
381 4185 417 4234 ibi
436 4188 527 4235 Lucem
536 4185 610 4235 simul
622 4200 679 4237 cum
697 4188 809 4239 Orchene
823 4193 923 4252 captum
933 4202 988 4239 esse
1002 4192 1098 4246 namet,
1114 4188 1289 4237 itteclremetem
1303 4201 1363 4237 vero
1378 4189 1494 4237 licturam
1508 4185 1532 4234 in
1547 4182 1698 4237 cosmidinm

93 4255 235 4307 adductum
247 4254 348 4318 benigne
358 4255 482 4319 excepisse
496 4260 521 4305 et
530 4256 630 4306 tamilice
640 4258 693 4321 ejus
709 4271 795 4308 curam
806 4259 933 4321 babuisse,
947 4272 977 4308 ac
987 4258 1046 4309 duci
1056 4257 1147 4307 dixisse
1167 4278 1173 4307 ι
1190 4276 1203 4301 o
1217 4259 1266 4317 Τὴν
1283 4258 1351 4307 πόλιν
1366 4258 1453 4315 ταύτην
1470 4272 1509 4305 σοι
1527 4256 1604 4318 μέλλω
1619 4272 1696 4317 παρα·

96 4325 241 4376 καταθέσθαι
253 4330 296 4373 τοῦ
309 4325 422 4387 ἔχειντὴν
433 4326 528 4377 ἅπασαν
539 4328 610 4386 αὐτῆς
624 4328 745 4392 φροντίδα,
754 4330 795 4377 καὶ
808 4330 904 4385 ποιήσω
913 4344 941 4377 σι
951 4330 983 4383 εἰς
994 4329 1152 4392 κριιττοτέριιν
1164 4326 1231 4383 δόξαν
1241 4326 1297 4391 παρ’
1308 4329 1336 4385 ῆν
1351 4328 1412 4390 εἶχες
1427 4328 1452 4375 lo
1463 4331 1498 4387 τῷ
1508 4330 1584 4387 καιρῷ
1600 4330 1640 4374 τοῦ
1653 4327 1697 4386 βα·

91 4396 196 4451 πολέως.
209 4396 250 4443 καὶ
261 4397 294 4456 μὴ
305 4396 387 4456 ἀθύμει
406 4415 419 4438 ν
432 4395 508 4445 Addit
521 4395 636 4461 deinceps
651 4418 658 4447 ε
681 4400 859 4463 Εὐχαριστήσας
879 4398 920 4447 οὖν
941 4399 982 4447 καὶ
1002 4398 1168 4458 ἀσπασάμενος
1186 4400 1230 4455 τὴν
1246 4400 1318 4447 αὐτοῦ
1331 4402 1399 4460 χεῖρα
1417 4396 1520 4455 ἀπῆλθεν
1531 4396 1563 4451 εἰς
1575 4396 1615 4443 τὸν
1628 4394 1694 4443 οἶκον

97 4465 184 4513 αὐτοῦ.
197 4466 285 4514 Μαθὼν
298 4466 324 4513 δέ
335 4472 392 4526 παρ’
404 4466 476 4513 αὐτοῦ
485 4465 515 4514 τὰ
525 4465 631 4528 ὀνόματα
644 4473 691 4520 τῶν
703 4471 803 4531 εὐγενῶν
817 4472 863 4516 τῶν
873 4470 898 4519 έν
912 4474 947 4532 τῷ
961 4470 1069 4531 παλατίῳ
1078 4468 1255 4532 διατριψάντων
1267 4468 1435 4531 δρρικιαλίων,
1444 4466 1538 4515 πάντων
1547 4466 1577 4513 τὰ
1589 4462 1695 4524 ὀνόματα

98 4536 233 4597 κατέγραψε
243 4548 248 4559 ·
260 4536 301 4585 καί
316 4536 341 4584 έν
355 4539 403 4587 τοῖα
420 4534 511 4593 πλοίοις
524 4538 566 4585 καὶ
579 4538 604 4586 ἐν
621 4543 672 4595 ταῖς
687 4544 783 4596 σκηναῖς
805 4539 960 4601 συναθροίσας
978 4540 1114 4599 σύμπαντας
1132 4538 1285 4603 έξηγόροισιν,
1300 4538 1346 4587 ἀνὰ
1359 4538 1442 4600 χιλίων
1459 4536 1555 4599 ἁσπριῖιν
1576 4533 1628 4587 δοὺς
1648 4540 1697 4589 τοῖς

98 4606 222 4667 Τούρασις,
234 4608 282 4653 ete.
292 4604 479 4668 Benevolentim,
490 4619 540 4668 que
550 4609 666 4656 Notnram
675 4622 719 4657 rex
727 4612 873 4671 prosecutus
884 4610 930 4671 sit,
943 4610 1029 4673 paucis
1040 4610 1113 4660 etiam
1126 4607 1330 4670 Gbaleoccndylas
1340 4622 1364 4671 p.
1376 4612 1419 4657 tot
1430 4646 1436 4668 ,
1448 4614 1477 4657 2⁰
1487 4603 1606 4655 meminit.
1617 4604 1698 4666 Longe

94 4674 148 4723 alie
162 4674 238 4723 tradit
249 4676 382 4725 Phrentres
391 4689 416 4738 p.
430 4679 485 4736 191,
498 4680 535 4736 15,
551 4675 618 4739 apud
629 4690 705 4740 quern
715 4680 814 4727 Notene
830 4678 926 4729 enimus
934 4678 990 4728 vilis
1003 4679 1167 4729 acerbissimis
1178 4678 1295 4729 conviciis
1304 4692 1319 4727 a
1329 4678 1479 4728 Mechemete
1490 4674 1631 4737 castigatur.
1644 4672 1654 4734 ΙΙ
1667 4702 1696 4714 -

98 4746 172 4809 bots}
189 4743 224 4793 sic
234 4758 305 4807 mge3
324 4746 383 4808 ιἰγαν
395 4748 456 4795 text.
480 4747 491 4808 11
507 4772 538 4783 -
554 4747 721 4813 κατήχθησαν]
740 4748 776 4797 sic
789 4762 858 4811 mgo3
871 4750 1000 4799 κατέπεσον
1014 4752 1076 4799 text.
1092 4754 1154 4799 Ante
1172 4750 1247 4800 verbo
1263 4750 1287 4805 ἐξ
1300 4749 1352 4805 σίας
1367 4750 1424 4797 tort.
1443 4746 1535 4797 excidit
1549 4747 1634 4805 ἐννοῶν
1658 4744 1697 4793 ve}

98 4806 150 4855 tete
161 4805 230 4871 quid.
249 4807 260 4870 ΙΙ
275 4832 306 4842 -
321 4806 433 4870 ὕστερον]
450 4807 506 4857 vid.
521 4808 573 4872 §e

133 4876 148 4939 §
159 4882 182 4927 i.
197 4876 348 4941 Ξυνοικίσας]
357 4880 499 4936 συνοικήσας
508 4879 561 4929 ced.
576 4878 586 4942 ΙΙ
598 4904 628 4915 -
637 4884 716 4928 πᾶσαν
724 4881 737 4905 *
744 4878 865 4943 είδιιίαιτο]
875 4882 998 4945 corrupte
1006 4880 1068 4930 haee.
1079 4882 1138 4931 ἀλλὰ
1146 4882 1186 4929 καὶ
1195 4882 1281 4942 μᾶλλον
1295 4882 1324 4939 (s.
1335 4878 1414 4939 πλέον)
1427 4877 1453 4927 εὖ
1460 4878 1576 4927 ὀιιίθοιιοί
1593 4874 1603 4937 Π
1617 4904 1644 4915 -
1653 4876 1695 4933 τὰς

98 4951 159 4996 ante
167 4954 213 4998 τῶν
222 4951 326 4998 δυνατῶν
339 4947 399 4998 add.
417 4962 451 4997 m.
460 4955 484 4999 2.
499 4949 509 5012 ΙΙ
525 4976 556 4986 -
567 4950 582 5013 §
594 4956 618 4999 5.
629 4950 670 4999 τὸν
683 4954 755 5011 μέσον
765 4950 854 5013 χῶρον]
864 4951 902 5001 Gt.
914 4957 936 5012 2,
952 4956 989 5011 tn
1002 4970 1008 5001 ι
1019 4951 1059 4999 τὸν
1071 4952 1182 5000 πλεῖστον
1195 4952 1236 4999 καὶ
1250 4950 1373 4999 κάλλιστον
1384 4952 1470 5010 χῶρον,
1481 4946 1505 4994 in
1515 4958 1565 5007 quo
1572 4948 1695 4994 structum

99 5018 292 5081 palatiumquod
300 5032 364 5068 nunc
372 5018 641 5070 Beli-Secairocetnr.
656 5020 770 5071 Ceterum
779 5022 826 5071 troc
833 5021 949 5084 petatium
961 5021 1132 5071 resedificare
1142 5018 1447 5083 cepitesmtoannimm,
1459 5018 1587 5078 postquem
1597 5014 1698 5077 eprime

99 5092 187 5137 contre
195 5090 293 5138 Servtm
303 5088 458 5150 expeditione
466 5089 492 5152 [a
503 5089 684 5141 critobutonon
692 5091 839 5154 memorata]
849 5092 926 5140 redux
936 5091 1168 5153 constantinopolim
1176 5092 1284 5141 venerat.
1296 5091 1377 5137 Duces
1387 5102 1411 5151 p.
1421 5090 1477 5146 317,
1488 5089 1517 5135 23
1533 5106 1539 5135 :
1549 5086 1659 5135 εἰσελθὼν
1669 5086 1695 5135 bl

94 5157 127 5206 ’ἐν
141 5164 170 5222 ἵῇ
181 5159 247 5209 ῑόδίῑ
256 5160 297 5209 καί
306 5160 460 5223 δῑαθίῒθῆῦας
471 5161 495 5209 ἓν
505 5163 572 5225 μέσῳ
582 5163 652 5220 αὐτῆς
659 5167 703 5223 γῆν
711 5163 864 5225 περιέχουσαν
873 5162 957 5212 στάδια
967 5162 990 5221 η’
999 5166 1014 5221 ἢ
1026 5165 1066 5213 καὶ
1078 5164 1156 5225 πλέον,
1165 5163 1273 5212 ἐκέλευσε
1282 5160 1412 5224 περιορίσαι
1422 5159 1494 5219 αὐλὴν
1503 5160 1543 5207 καὶ
1554 5158 1617 5207 ἔνδον
1625 5158 1696 5214 αὐτῆς
