3809 5859
190 270 250 330 100

189 400 235 459 καλ
245 397 390 474 ποτιζόμενα
403 394 473 474 παρά
486 394 575 474 μέρος,
589 394 635 452 καί
648 392 773 453 οόδέποτε
784 390 964 463 στήσεταιτῆς

189 487 303 547 ἀτάκτου
312 486 410 555 ταύτης
416 483 461 542 καί
470 482 664 565 ροιύδουςφοράς
676 481 722 540 καί
727 480 854 551 κινήσεως
863 481 909 539 καί
915 485 964 551 τῆς

189 572 405 653 ἀλλοπροσάλλου
422 569 576 651 παλιρροίας
592 593 622 627 τε
632 569 680 627 καί
695 568 855 646 μεταύολῆς,
868 567 917 635 ἕως
929 568 961 625 διν

188 664 278 727 ἐντοῖς
291 651 349 719 οθσι
359 653 463 718 τδεῖναι
477 651 506 740 ᾖ.
551 661 587 737 (ι)
597 656 670 736 Ἐγὼ
684 659 711 717 δέ
722 658 768 717 καί
779 664 858 718 τοῦτο
866 656 964 724 παντὸς

189 750 289 825 μᾶλλον
302 748 440 825 θαυμάσας
454 747 525 828 έχω,
537 746 586 819 τήν
600 770 629 806 τε
642 746 786 825 γενομένην
804 746 963 825 ξυγκύρησιν

188 839 239 895 τῶν
259 835 395 911 ὀνομάτων
416 836 461 894 καὶ
480 834 529 907 τήν
542 838 595 893 τῶν
609 834 775 913 πραγμάτων
795 834 963 903 ὀναντιότητα

188 923 233 980 έπὶ
250 918 380 993 τοσαύτης
393 920 514 1000 περιόδου
534 921 729 1001 ξυνδραμοῦσαν
752 923 829 1001 έγγύς
842 944 893 981 πον
908 920 964 977 δια·

188 1010 284 1069 κοσίων
296 1011 412 1086 μάλιστα
427 1009 473 1069 καί
486 1010 578 1089 χιλίων
596 1013 674 1071 ἐτῶν.
702 1013 899 1076 Κωνσταντῐνος
910 1006 962 1088 γδρ

188 1098 299 1175 εὐτυχής
319 1096 453 1174 βασιλεύς,
467 1095 577 1169 Ἑλένης
591 1097 660 1173 υίδς,
676 1094 804 1170 ἀνέστησέ
821 1119 851 1155 τε
865 1098 965 1171 ταύτην

190 1185 236 1245 καί
250 1183 365 1263 έςνιίκρον
380 1185 545 1262 εὐδαιμονίας
558 1184 604 1243 καὶ
616 1182 699 1263 τύχης
710 1186 810 1265 ἀπῆρε,
823 1184 869 1243 καί
882 1185 964 1245 πάλιν

190 1273 235 1331 nn
244 1273 454 1348 Κωνσταντίνου,
464 1274 609 1353 δυστυχοῦς
619 1270 761 1351 βασιλέως,
773 1270 882 1343 Ἑλένης
893 1278 960 1345 υίοῦ,

188 1360 259 1419 έάλω
275 1360 362 1419 τεκαὶ
378 1362 404 1427 ές
425 1361 541 1445 ἐσχάτην
561 1358 678 1419 δουλείαν
692 1360 780 1418 τεκαὶ
797 1362 961 1438 κακοδαιμο·

189 1448 247 1507 νίαν
266 1447 398 1527 κατήχθη.
416 1450 472 1510 Καί
485 1450 570 1508 ταῦτα
586 1446 637 1524 μίν
650 1448 726 1507 οὕτω.

230 1538 319 1597 Lxx.
334 1534 409 1595 niti
424 1537 564 1614 τριάκοντα
576 1535 707 1616 τριήρεις,
722 1534 752 1602 t<
771 1539 846 1607 ὁτῆς
857 1535 964 1613 Ῥώμης

189 1622 324 1705 ἀρχιερεὺς
331 1623 433 1701 ἔπεμπε
441 1622 590 1705 βοηθοθςτῇ
599 1648 627 1683 τε
634 1624 709 1684 πόλει
716 1622 762 1683 καί
773 1626 875 1702 βασιλεῖ
887 1628 964 1685 Κων-

194 1712 342 1793 σπαντίνῳ,
361 1717 536 1791 καταχθεῖσαι
552 1715 578 1780 ές
599 1712 666 1773 Χίον
687 1716 795 1771 κάκεῖσε
816 1712 964 1790 πνεύμασιν

189 1799 311 1866 ἀναντίοις
324 1800 507 1879 χρησάμεναι,
520 1801 599 1859 αὐτοῦ
616 1798 787 1881 περιέμενον,
800 1798 891 1879 κσιρδν
905 1803 965 1859 ἀπι-

190 1890 293 1961 τήδειον
318 1888 509 1963 ἀναμένουσαι·
532 1891 568 1957 ὡς
589 1887 618 1947 δέ
637 1889 704 1965 μετὰ
727 1886 820 1967 μικρὸν
841 1887 965 1949 ἐπύθοντο

192 1977 240 2049 τήν
259 1981 307 2048 τῆς
319 1976 420 2040 πόλεως
442 1975 555 2051 ἅλωσιν,
578 1974 757 2055 ὑστερήσασαι
776 1980 823 2047 τῆς
843 1974 966 2055 βοηθείας

189 2067 270 2126 πάλιν
282 2062 450 2123 ἀπέπλευσαν
463 2063 547 2136 οἶκοι,
559 2064 640 2141 μηδὲν
651 2063 718 2145 ὑπὲρ
727 2054 764 2122 ὧν
777 2056 841 2135 ήκον
854 2066 965 2144 διαπρα-

190 2153 308 2232 ξάμεναι.
353 2154 386 2231 (ο)
400 2148 474 2213 Ἔδει
489 2151 517 2211 δέ
529 2152 581 2233 ἄρα
592 2155 696 2219 πάντως
710 2150 757 2224 τήν
771 2152 887 2231 δυστυχῆ
898 2150 965 2210 ταύ·

189 2266 237 2314 την
258 2244 335 2301 πολιν
358 2241 458 2299 ἁλῶναί
483 2264 511 2299 τε
535 2240 581 2300 καλ
606 2244 693 2307 κακῶς
717 2244 828 2314 παθεῖν,
851 2240 964 2300 καί-δελ

190 2334 268 2389 τοῦτο
283 2327 371 2398 πάσης
384 2326 534 2408 ίπικουρίας
547 2325 674 2386 πάντοθεν
689 2326 845 2405 φαινομένης
858 2327 904 2387 καί
918 2328 965 2385 δυ-

189 2417 304 2493 ναμένης
315 2417 382 2495 αὐτῇ
393 2417 508 2493 βοηθεῖν,
525 2415 694 2473 παντάπασιν
709 2413 884 2494 ἀπεστέρητο·
895 2412 965 2473 ἀλλδι

190 2505 222 2576 δὴ
247 2503 293 2563 καί
313 2503 400 2564 πάντα
427 2500 631 2581 ξυνδεδραμήκει
649 2500 714 2581 πρὸς
724 2504 817 2575 τοῦτο,
837 2503 905 2561 οὕτω
919 2507 965 2561 τοῦ

190 2593 258 2652 θείου
276 2589 400 2657 ἐνδόντος.
867 2650 871 2657 ,

231 2681 333 2741 Lxxl.
350 2678 440 2739 Ἑάλω
452 2678 538 2738 τοίνυν
551 2676 594 2736 ὀπί
609 2674 810 2738 Κωνσταντένου
826 2678 965 2755 βασιλέως,

191 2768 305 2843 έόδόμου
319 2767 530 2846 Παλαιολόγων,
543 2764 640 2843 ἔννάτη
649 2764 695 2823 καί
709 2766 814 2844 εἰκοστῇ
834 2763 966 2844 φθίνοντος

191 2850 280 2917 Μαίον
307 2855 380 2933 παρὰ
402 2852 559 2931 Ῥωμαίοις,
580 2852 715 2924 ἐξήκοντος
740 2851 812 2919 έτους
838 2856 891 2911 τῶν
916 2852 963 2909 ἀπ’

191 2948 276 3022 ἀρχῆς
290 2942 345 3009 ένός
360 2943 448 3001 τεκαὶ
461 2940 601 3015 έξηκοστοῦ
613 2941 687 3023 παρὰ
698 2948 751 3008 τοῖς
765 2942 921 3008 έννακοσίοις
934 2964 964 3000 τε

194 3035 239 3089 καί
262 3030 446 3109 ἑξακισχιλίοις
453 3072 463 3098 ,
484 3029 538 3087 α’πδ
558 3028 586 3089 δέ
604 3027 714 3095 κτίσεόις
733 3050 762 3087 τε
780 3029 825 3087 καί
845 3028 966 3100 ξυνοική-

191 3143 256 3185 σεως
271 3118 365 3190 ταύτης
376 3117 444 3177 ίτεσι
454 3117 577 3199 τέτταρσι
588 3117 634 3175 καί
648 3116 730 3177 εἴκοσι
739 3116 785 3177 καί
799 3118 892 3181 ἑκατὸν
901 3120 965 3201 πρὸς

190 3215 244 3272 τοῖς
256 3206 358 3285 χιλίοις.
805 3236 809 3247 ·

234 3294 354 3353 LXXII.
373 3291 491 3363 Θνήσκει
505 3290 533 3350 δδ
554 3290 600 3351 καλ
621 3292 745 3370 βασιλεὺς
767 3292 965 3360 Κωνσταντῖνος

192 3382 269 3448 αὐτὸς
282 3372 350 3459 ήπερ
365 3380 428 3460 ἔφην
444 3381 608 3459 μαχόμενος,
623 3379 734 3460 σώφρων
744 3381 791 3455 μέν
804 3380 850 3439 καί
861 3379 965 3459 μίτριος

193 3480 222 3535 ἐν
233 3473 271 3549 τῷ
284 3471 343 3527 καθ’
357 3468 449 3527 ίαυτδν
467 3467 516 3549 βίῳ
534 3468 687 3548 γενόμενος,
707 3467 856 3548 φρονήσεως
871 3466 898 3526 δέ
919 3468 966 3527 καί

614 261 815 324 CRITOBULI
842 262 1107 325 HISTORIARUM
1126 262 1198 324 ΗΒ.
1222 264 1249 339 Ι,
1266 266 1373 325 69-73.

1022 395 1116 473 ἀρετῆς
1130 395 1155 459 ίς
1168 392 1247 473 οίκρον
1262 392 1503 471 ἐπιμεμιλημένος,
1517 396 1621 465 ξυνετός
1636 418 1669 457 τε
1688 396 1742 455 καί
1762 400 1818 456 τῶν

1021 480 1088 560 ἄγαν
1099 480 1325 559 πεπαιδευμένων,
1340 484 1389 542 κάν
1398 487 1452 551 τοῖς
1462 485 1609 553 πολιτικοῖς
1617 485 1649 545 δὲ
1663 484 1819 564 πράγμασι
1877 508 1878 559 1

1020 574 1065 628 καί
1084 576 1136 635 τοῖς
1150 570 1176 627 έν
1188 571 1259 649 ἀρχῇ
1274 568 1356 629 οὐδενί
1370 572 1422 628 τῶν
1436 572 1488 651 πρὸ
1500 573 1578 632 αὐτοῦ
1596 575 1744 652 βασιλέων
1761 580 1816 635 τῶν
1877 582 1878 629 ξ

1021 661 1155 736 πρωτείων
1184 662 1370 737 παραχωρῶν,
1393 657 1449 727 ὀξὺς
1473 660 1521 735 μέν
1550 656 1671 730 ξυνιδεῖν
1697 662 1734 722 τὸ
1759 665 1819 723 δέον

1021 744 1119 811 παντὸς
1140 746 1255 819 μᾶλλον,
1274 744 1389 825 ὀξύτερος
1410 747 1571 825 δίέλέσθαι,
1595 750 1687 817 δεινές
1711 752 1816 823 εἰπεῖν,

1022 831 1103 899 δεινδς
1117 833 1144 891 δέ
1160 835 1270 906 νοῆσαι,
1286 833 1428 911 δεινότερος
1438 832 1466 893 δέ
1480 835 1638 915 πράγμασιν
1654 839 1814 913 ὁμιλῆσαι,

1021 924 1074 979 τῶν
1089 925 1137 997 μίν
1162 920 1297 1001 παρόντων
1318 922 1430 1000 ἀκριόής
1447 922 1575 1001 γνώμων,
1599 918 1680 1005 ᾔπερ
1696 926 1755 1004 ἔφη
1781 953 1818 994 τις

1021 1008 1086 1088 ὑπὲρ
1095 1009 1264 1087 Περικλέους,
1273 1012 1323 1067 τῶν
1335 1010 1362 1068 δλ
1368 1008 1516 1086 μελλόντων
1524 1015 1560 1079 ὣς
1568 1015 1616 1073 έπί
1622 1016 1766 1075 πλεῖστον
1773 1024 1819 1076 τοῦ

1019 1094 1117 1163 εἰκότος
1127 1096 1229 1175 ἀριστος
1238 1096 1372 1169 είκαστλς,
1382 1098 1448 1178 ὑπέρ
1454 1121 1482 1157 τε
1489 1102 1535 1170 τῆς
1545 1102 1685 1180 πατρίδος
1697 1102 1750 1161 καὶ
1766 1108 1817 1161 τῶν

1020 1181 1174 1262 ἀρχομένων
1187 1180 1273 1240 πάντα
1287 1188 1334 1241 καί
1346 1190 1430 1243 ποιεῖν
1440 1186 1486 1244 καὶ
1499 1188 1617 1267 πάσχειν
1633 1189 1816 1268 αἱρούμενος.

1020 1272 1047 1339 ὅς
1058 1294 1088 1347 γε
1102 1270 1149 1329 καί
1161 1269 1205 1328 τὸν
1219 1269 1427 1352 ἐπικείμενοντῇ
1446 1272 1520 1333 πόλει
1535 1280 1668 1355 προφανῆ
1684 1276 1813 1337 κίνδυνον

1021 1360 1087 1439 ὁρῶν
1105 1358 1192 1424 αύτοῑς
1208 1358 1350 1436 ὀφθαλμοῖς
1364 1358 1410 1417 καλ
1429 1358 1568 1437 δυνάμενος
1582 1362 1671 1423 αδτδν
1690 1366 1815 1424 ἐκσῶσαι

982 1491 986 1501 .
1020 1445 1067 1504 καὶ
1081 1444 1193 1511 πολλοὺς
1211 1444 1279 1524 ἔχων
1300 1445 1360 1510 τοὺς
1377 1445 1442 1527 πρὸς
1456 1452 1532 1508 τοῦτο
1554 1453 1811 1532 παρακαλοῦντας,

1020 1535 1068 1593 οὒκ
1083 1531 1225 1605 ἠθέλησεν,
1241 1533 1300 1591 ἀλλ’
1315 1524 1367 1592 εἷλε
1382 1534 1413 1593 τδ
1427 1534 1612 1603 ξυναποθανεῖν
1628 1542 1668 1619 τῇ
1700 1540 1812 1619 πατρίδι

1019 1643 1047 1680 τε
1062 1620 1107 1680 καλ
1120 1628 1174 1687 τοῖς
1189 1618 1359 1699 ἀρχομένοις,
1376 1624 1477 1699 μᾶλλον
1493 1624 1521 1685 δέ
1539 1626 1585 1685 καὶ
1599 1632 1809 1707 προαποθανεῖν

1022 1708 1112 1781 αύτδς,
1126 1707 1196 1773 ὅπως
1210 1706 1248 1783 μή
1262 1707 1360 1781 ταύτην
1374 1733 1403 1769 τε
1421 1710 1539 1771 ἁλοῦσαν
1560 1714 1666 1785 ἀπίδοι,
1690 1717 1742 1773 καί
1760 1719 1809 1773 τῶν

1024 1796 1168 1877 οἰκητόρων
1183 1794 1242 1862 τοίις
1253 1793 1300 1873 μέν
1314 1800 1510 1877 σφαττομένους
1523 1804 1618 1877 ὠμῶς,
1627 1802 1698 1870 τοὺς
1715 1802 1746 1861 δέ
1768 1806 1808 1863 δο-

1022 1883 1169 1961 ρυαλώτους
1184 1884 1365 1961 ἀπαγομένους
1385 1888 1511 1968 αἰσχρῶς.
1555 1889 1588 1969 (ε)
1611 1889 1733 1962 Ἐπειδὴ
1758 1894 1807 1971 γάρ

1020 1961 1072 2031 ε’ίδε
1085 1970 1144 2037 τοίις
1160 1971 1299 2046 πολεμίους
1312 1973 1480 2052 βιαζομένους
1492 2000 1521 2035 τι
1532 1977 1613 2037 αύεδν
1631 1977 1688 2037 καὶ
1704 1978 1750 2037 διὰ
1762 1986 1805 2038 mn

1021 2059 1228 2139 κατερριμμένου
1249 2059 1349 2139 τείχους
1367 2064 1555 2143 ε’σερχομένους
1581 2065 1629 2123 έπλ
1651 2066 1706 2137 τήν
1728 2068 1804 2125 πολιν

1021 2151 1166 2228 λαμπρῶς,
1182 2148 1264 2206 είπεῖν
1276 2149 1381 2227 λέγεται
1396 2151 1465 2229 μέγα
1481 2151 1579 2231 βοήσας
1599 2152 1725 2225 ίιστάτην
1740 2155 1804 2213 ταύ-

1022 2261 1072 2309 την
1084 2234 1187 2317 φωνήν·
1202 2238 1246 2306 «ἡ
1267 2236 1343 2304 πόλις
1363 2238 1501 2299 ἁλίσκεται
1516 2240 1600 2318 κάμοὶ
1621 2244 1674 2313 ζῆν
1692 2244 1734 2301 ἔτι
1755 2266 1802 2300 πε·

1023 2327 1133 2407 ρίεστινς
1157 2350 1169 2375 ν
1190 2324 1236 2382 καί
1249 2324 1332 2393 οὕτως
1346 2329 1372 2395 ἐς
1383 2327 1476 2405 μέσαις
1489 2328 1547 2395 τοὺς
1569 2328 1719 2406 πολεμίαις
1736 2320 1802 2391 ὗσαί

1021 2436 1048 2471 τε
1062 2410 1152 2470 ἑαυτὸν
1172 2410 1218 2469 καὶ
1232 2418 1427 2485 κατακοπῆναι.
1449 2412 1543 2482 Ούτως
1562 2416 1629 2495 ἀνήρ
1656 2418 1762 2495 ἀγαθὸς
1773 2411 1801 2489 ἦν

1022 2500 1067 2559 καὶ
1088 2502 1134 2559 τοῦ
1148 2502 1235 2557 κοινοῦ
1255 2498 1396 2574 κηδεμών,
1412 2500 1542 2581 δυστυχής
1560 2504 1653 2579 μέντοι
1673 2528 1708 2581 γε
1729 2506 1801 2583 παρά

1021 2585 1108 2645 πάντα
1124 2583 1169 2643 τδν
1185 2583 1240 2661 βίον
1255 2588 1350 2660 αύτοῦ,
1366 2590 1417 2647 κάν
1427 2592 1465 2669 τῷ
1479 2589 1549 2648 τέλει
1568 2589 1597 2647 δέ
1615 2590 1801 2670 δυστυχέστα·

1021 2696 1075 2740 τος.
1117 2670 1152 2751 (3)
1171 2668 1214 2731 Τά
1236 2668 1284 2747 μίν
1306 2672 1338 2744 δὴ
1352 2674 1420 2733 κατὰ
1442 2674 1489 2747 τήν
1508 2676 1629 2755 μεγάλην
1650 2679 1734 2736 πόλιν
1756 2680 1801 2749 τήν

1022 2759 1221 2825 Κωνσταντίνου
1232 2759 1275 2818 έπλ
1285 2760 1354 2839 μέγα
1368 2762 1443 2837 δόξης
1455 2767 1577 2845 ἀρθεῖσαν
1588 2765 1635 2825 καλ
1645 2767 1802 2833 δυναστείας

1020 2850 1066 2911 καί
1080 2845 1193 2908 πλούτου
1207 2847 1233 2906 έν
1245 2870 1275 2925 γε
1290 2854 1343 2917 τοῖς
1355 2852 1414 2911 κατ’
1427 2853 1508 2925 αθτλν
1518 2864 1641 2933 καιροῖς,
1653 2854 1705 2914 καί
1718 2856 1802 2922 πάσας

1020 2938 1066 3007 τίς
1081 2936 1132 3017 πρὸ
1146 2938 1225 3009 αὐτῆς
1239 2938 1430 3019 άποκρύψασαν
1449 2942 1539 3021 πολλῷ
1555 2965 1608 3001 τινι
1624 2943 1673 3000 καὶ
1694 2943 1794 3021 α’πείριρ

1019 3032 1057 3105 τῷ
1073 3026 1146 3106 μέσην
1161 3023 1205 3082 έπί
1225 3047 1253 3083 τε
1269 3026 1330 3107 δόξη
1345 3028 1391 3087 καλ
1414 3027 1520 3109 πλούτῳ
1531 3030 1576 3089 καί
1587 3074 1590 3077 -
1600 3032 1676 3111 σἰρχῇ
1691 3032 1739 3089 καὶ
1758 3034 1800 3089 δυ-

1019 3115 1098 3191 νοίμει
1108 3112 1154 3172 καί
1167 3113 1270 3191 μεγέθει
1283 3115 1390 3184 καὶτοῖς
1402 3116 1490 3183 ἀλλοις
1501 3126 1569 3176 πᾶσι
1580 3119 1798 3195 θαυμαζομένην,

1020 3202 1100 3269 οὕτως
1118 3201 1298 3273 έτελεύτησεν.

1060 3290 1197 3351 LXXIII.
1214 3289 1343 3359 Βασιλεὺς
1355 3291 1382 3352 δέ
1393 3292 1541 3373 Μεχέμετις
1555 3292 1606 3365 τήν
1620 3316 1649 3353 τε
1664 3294 1735 3353 πολιν
1749 3297 1795 3353 καὶ

1019 3378 1054 3439 τίι
1065 3381 1091 3438 ίν
1106 3378 1172 3455 αύτῇ
1186 3375 1274 3437 πάντα
1289 3382 1376 3447 καλῶς
1389 3380 1562 3457 θεασάμενος,
1574 3380 1708 3441 ἐπάνεισιν
1729 3384 1756 3449 ές
1766 3386 1795 3442 τὸ

1021 3464 1198 3549 στρατόπεδον
1211 3466 1256 3525 καί
1272 3466 1413 3530 διατίθεται
1425 3468 1460 3527 τί
1475 3469 1544 3528 κατδ
1566 3468 1617 3540 τήν
1638 3470 1726 3530 λείαν.
1745 3473 1797 3530 Καὶ

223 3654 291 3703 Lxx.
312 3656 341 3703 nt
353 3654 377 3703 n
389 3651 513 3717 τριάκοντα
528 3651 596 3717 σία]
613 3652 649 3703 ct.
663 3664 738 3716 supra
748 3665 802 3716 cop.
819 3656 858 3702 39.
872 3652 995 3703 Ριιεοιιλιιν
1010 3652 1094 3703 dehis
1108 3653 1143 3702 in
1159 3652 1234 3703 habet
1244 3655 1269 3710 4,
1292 3656 1371 3703 ¹⁰25:

870 3781 999 3827 Αναελὶιινιι
1004 3782 1064 3826 Dens
1074 3783 1122 3837 ι’ρσε
1133 3783 1230 3838 περουῑι
1242 3794 1250 3824 .·

657 3843 683 3887 ιἰι
699 3842 784 3887 Tenedi
791 3846 860 3899 ροτιιι
875 3856 931 3887 nom
946 3844 1122 3900 tempestatibus
1131 3848 1189 3888 octa

656 3904 750 3948 εοαοαιιι
761 3903 795 3948 bn
804 3905 869 3948 ἀειια
878 3916 957 3957 navet,
966 3916 1026 3961 qnos
1038 3904 1126 3949 Gnosia
1136 3903 1213 3957 tetlnt,

656 3978 707 4022 φνα
717 3969 833 4010 Venetnnn
844 3965 970 4023 Imperium
981 3966 1143 4011 Rnndnnnanti
1152 3964 1244 4021 nonus
1253 3965 1322 4010 αιιάίι

656 4028 846 4085 ονκίεείε,ρλενιαε
853 4030 977 4084 frumento
986 4028 1136 4084 εῌτιιοιόιιε,
1152 4028 1209 4073 inde

658 4089 693 4133 nn
707 4090 792 4146 quinat
804 4090 887 4134 Veneti
895 4091 1019 4135 mittebant
1031 4091 1105 4135 Morte
1113 4089 1217 4134 trimma

660 4152 798 4205 instructos,
807 4151 862 4196 υτθέ
871 4152 967 4197 ανσὶλίο
980 4152 1133 4209 Βακσίεφυες
1142 4152 1183 4197 ted
1195 4163 1275 4197 οπικεε

659 4224 761 4256 mentem
771 4225 847 4257 ιιπιινιε
860 4212 958 4257 adverto
969 4217 1098 4259 tennerunt
1107 4213 1181 4257 sidere
1191 4217 1300 4269 ροτιιιιιις

659 4276 702 4308 neo
708 4264 774 4319 μνέαι
785 4266 842 4309 inde
851 4265 1005 4311 ἀανιιπεεειοα
1013 4266 1043 4309 σε
1056 4265 1157 4309 ειαιίοιιε
1165 4277 1265 4317 movere,

658 4337 730 4380 qnam
742 4326 825 4371 Τενιτι·
833 4327 929 4384 captant
939 4328 1020 4373 ιινθειιι
1029 4339 1153 4384 regemque
1167 4326 1292 4373 tnnctdent.

225 4448 240 4512 §
253 4454 275 4497 2.
293 4448 325 4495 Τε
335 4447 377 4495 καί
393 4450 473 4501 κακῶς
489 4446 571 4495 παθεῖν
584 4445 641 4509 καί]
656 4446 715 4497 add.
727 4462 821 4513 margo.
839 4449 850 4513 fl
867 4475 898 4486 -
912 4449 972 4498 ἀλλὰ
982 4449 1029 4514 δὴ]
1041 4449 1098 4499 odd.
1111 4462 1204 4513 margo.

223 4519 308 4567 Lx-xl.
322 4514 452 4579 Ἓόδόρου]
463 4515 548 4578 ὀγδόου
564 4516 678 4566 Ρίιτειιῑι.
702 4532 727 4581 γι.
742 4522 797 4579 393,
811 4523 833 4569 3.
852 4517 910 4582 ll·-
924 4520 1024 4584 Ἐννοίτη
1044 4523 1084 4570 καὶ
1105 4523 1200 4581 εἰκοστῇ
1216 4518 1313 4583 Μαΐου]
1332 4518 1369 4570 Gs.
1389 4521 1471 4568 Ducat
1486 4532 1510 4582 p.
1527 4522 1582 4578 288,
1606 4524 1644 4571 15.
1660 4522 1797 4574 Ρλιισιιλιοε

194 4602 218 4653 p.
233 4592 288 4649 288,
302 4591 344 4648 19,
356 4590 447 4649 etqun
461 4599 492 4636 ox
504 4587 615 4636 Ἰιιτοίοίο
630 4588 792 4651 scriptoribus
801 4590 873 4639 affert
887 4592 1005 4640 Hammon
1018 4595 1039 4649 1,
1055 4604 1078 4654 μ
1093 4592 1146 4640 673.
1163 4587 1337 4640 Constantinus
1350 4588 1491 4639 obiitnatus
1503 4602 1544 4639 an.
1554 4593 1595 4649 49,
1606 4604 1689 4642 εοεαε.
1707 4596 1731 4647 3.
1746 4594 1795 4643 σία

194 4662 225 4708 23
238 4655 373 4707 secundum
386 4655 533 4705 Phrontzom
545 4669 569 4718 p.
583 4661 638 4716 291,
653 4657 1063 4721 12;derognianninv.Phrnntz.
1078 4672 1106 4721 ρ.
1120 4662 1165 4708 394
1179 4662 1205 4710 et
1224 4658 1339 4709 Ghnlooc.
1361 4671 1385 4721 p.
1402 4662 1456 4716 399,
1474 4664 1510 4707 το.
1528 4659 1538 4719 ΙΙ
1559 4684 1591 4695 -
1604 4660 1670 4725 ἑνός]
1685 4664 1797 4726 πρώτων

194 4730 226 4777 λθ
241 4726 353 4777 similiter
364 4726 442 4777 habes
455 4727 496 4775 καὶ
513 4725 538 4773 ἓν
558 4738 613 4788 σεεμ.
626 4729 656 4775 77
667 4726 714 4777 ιιίί.
731 4728 742 4790 ΙΙ
758 4753 790 4764 -
799 4731 857 4792 πρὸς
876 4734 924 4784 τοῖς
947 4727 1045 4792 χιλίοις]
1063 4730 1119 4791 πρὸς
1136 4729 1270 4791 τρισχιλίοις
1287 4726 1379 4785 eodm
1399 4729 1438 4778 ab⁴
1448 4728 1672 4793 Constantinopolis
1682 4734 1797 4782 encaeni'ss

195 4799 278 4860 (Sept.
288 4810 328 4847 nn.
338 4796 398 4860 399)
410 4794 531 4859 usquead
543 4796 747 4860 expugnatiomm
758 4798 827 4849 urbis
836 4798 909 4862 (Maii
917 4812 996 4849 mens.
1008 4812 1049 4849 nn.
1066 4801 1138 4860 1453)
1149 4797 1226 4861 elapsi
1235 4798 1293 4846 sunt
1304 4795 1360 4846 anni
1376 4799 1444 4845 ¹124.

226 4869 322 4916 Lxxll.
336 4866 351 4929 §
370 4871 392 4916 ι.
409 4869 463 4916 Τῶν
477 4866 614 4929 πρωτείων]
634 4865 671 4916 εἰσ
683 4880 754 4928 tngo,
767 4873 810 4917 τοῦ
820 4868 875 4918 ίοου
887 4871 951 4919 text.
964 4869 974 4933 ss
989 4896 1021 4907 -
1031 4868 1107 4935 ᾗπερ]
1118 4869 1153 4919 sic
1164 4882 1198 4917 m.
1212 4872 1235 4926 2,
1246 4867 1303 4929 ὅπερ
1316 4880 1351 4916 ιιι.
1367 4872 1388 4915 l.
1401 4868 1436 4915 De
1449 4866 1623 4917 Themistocle
1641 4868 1795 4931 Thucydides

196 4936 260 4985 dion
275 4940 353 4997 mot,
368 4940 382 4985 3
395 4955 402 4985 :
414 4941 461 4985 τῶν
483 4954 510 4986 τε
526 4942 671 5001 παραχρῆμα
684 4936 715 4987 δι’
727 4938 853 5002 ἐλαχίστης
867 4940 953 5001 βουλῆς
969 4940 1092 5003 κράτιστος
1107 4941 1207 5003 γνώμων
1217 4940 1258 4987 καὶ
1273 4941 1322 4986 τῶν
1339 4936 1471 4999 μελλόντων
1485 4939 1525 4987 ίπὶ
1538 4942 1652 4989 πλεῖστον
1667 4946 1711 4991 τοῦ
1727 4958 1794 5003 γενη-

197 5008 297 5065 σομένου
309 5008 402 5070 ἀριστος
414 5010 533 5068 ιλκαστής.

228 5076 331 5125 Lxxlll.
347 5075 362 5139 §
379 5080 400 5126 1.
413 5077 497 5129 Ἔστιν
510 5080 561 5131 III
572 5080 661 5130 τούτων
674 5080 731 5145 καί]
743 5080 779 5131 sic
793 5094 864 5146 ταμίη
874 5084 937 5134 έστιν
948 5082 988 5139 οὓς
1002 5082 1027 5132 δὲ
1042 5083 1083 5132 καὶ
1095 5085 1155 5132 tent.
1173 5082 1184 5147 Ιί
1197 5108 1228 5119 -
1243 5084 1257 5147 §
1270 5087 1292 5132 λ.
1310 5081 1432 5147 Νοταρᾶν]
1445 5084 1480 5132 De
1492 5081 1587 5133 virtute
1607 5085 1681 5133 Luoae
1698 5084 1797 5133 ίίοίαεατ
