3809 5859
661 382 663 387 ’
703 410 1125 481 santonensem

479 614 578 677 Codex
602 617 753 680 Parisinus
775 620 881 680 horum
901 621 967 681 loco
989 622 1063 681 nihil
1084 601 1172 681 liabet
1192 622 1252 682 nisi
1272 621 1358 681 hac:

161 810 199 853 to.
215 792 252 853 Ol
267 790 295 851 δέ
308 790 455 868 Ῥωμαίων
468 792 612 873 στρατηγοὶ
624 802 679 863 τοῖς
693 795 761 864 ὅλοις
778 781 979 877 ἀπορούντεςτδ
993 798 1089 879 μηκίτι
1102 798 1167 858 ποτὲ
1181 798 1213 856 bu
1228 798 1335 859 ἐλπίσαι
1348 797 1393 858 δεδι
1406 797 1558 881 πολιορκίας
1570 789 1722 877 τδςΣυρα-

122 888 217 957 καύσας
235 890 320 965 ἑλεῖν,
335 892 386 950 τῶν
405 888 453 968 μέν
473 890 560 949 ἄλλων
583 893 811 971 στρατηγημάτων
832 894 849 967 ἢ
866 895 1043 974 τολμημάτων
1068 897 1169 963 obitui<
1186 895 1357 970 ἀπέστησαν,
1370 900 1415 955 τοῦ
1436 893 1464 955 δέ
1486 897 1637 976 πολιορκεῖν
1660 894 1719 974 οὐδὲ

96 1038 102 1047 .
121 992 213 1069 πεῖραν
229 983 267 1045 ἔτι
282 984 373 1045 λαθεῖν
387 986 545 1067 ἐθάρρησαν.
567 987 636 1047 Ροει
650 1010 714 1068 quae
729 991 845 1069 ineptus
865 1003 1020 1071 excerptor
1033 993 1071 1050 nd
1089 1010 1135 1051 res
1149 992 1218 1050 anni
1233 1012 1290 1049 ιιι
1306 991 1489 1052 transsiliens
1508 992 1627 1072 pergit:
1642 988 1719 1052 Μετὰ

122 1078 150 1141 δέ
164 1106 235 1152 τινας
247 1084 349 1165 ἡμέρας
362 1097 430 1158 eto,
442 1105 507 1165 quae
518 1084 587 1146 vide
598 1087 702 1167 inires
715 1096 763 1156 st.

744 1265 838 1323 Anon.
859 1276 889 1323 et
908 1263 979 1326 Exc.
1001 1265 1094 1342 antiq.

129 1488 132 1495 ,
161 1454 198 1496 ιι.
216 1434 331 1495 Ἐκεῖνοι
344 1441 406 1513 γοῦν
420 1436 580 1509 τηλικαύτας
592 1433 714 1514 δυνάμεις
727 1438 831 1519 ἔχοντες
845 1438 891 1499 καί
904 1439 973 1499 κατλ
985 1444 1035 1518 γῆν
1050 1438 1095 1498 καί
1109 1436 1179 1497 κατὰ
1190 1439 1338 1511 θάλατταν,
1347 1439 1371 1497 sl
1387 1437 1435 1514 μέν
1451 1437 1541 1519 ἐρίλοι
1553 1460 1591 1504 τις
1605 1434 1721 1517 πρεσόύ·

121 1556 169 1604 την
186 1530 232 1590 ἕνα
249 1530 437 1611 Συρακοσίων,
453 1538 620 1615 παραχρῆμα
634 1538 681 1607 τῆς
695 1534 795 1603 πόλεως
808 1536 954 1617 κυριεύσειν
970 1536 1099 1613 ἤλπιζον,
1114 1534 1206 1594 τούτου
1223 1535 1251 1594 δὲ
1266 1532 1448 1613 σύμπαρόντος
1461 1535 1509 1592 ούκ
1526 1532 1651 1613 ἐθάρρουν
1665 1533 1720 1593 οὐδ’

123 1628 295 1689 ἐπιόαλέσθαι
311 1628 381 1688 κατά
393 1651 424 1709 γε
438 1633 531 1688 τοῦτον
544 1628 588 1689 τόν
603 1631 718 1709 τρόπον,
732 1636 791 1691 καθ’
809 1630 839 1691 ὃν
851 1630 1001 1709 ἀμύνασθαι
1016 1628 1125 1697 δυνατός
1139 1622 1171 1702 ἦν
1183 1630 1355 1709 Ἀρχιμήδης.
1370 1631 1410 1689 Ού
1427 1629 1479 1705 μὴν
1492 1630 1559 1688 titt
1574 1628 1727 1705 νομίσαντες

126 1726 234 1801 μάλιστ’
248 1724 280 1783 ἃν
298 1724 410 1797 ὑπὸτῆς
427 1727 479 1783 τῶν
495 1725 644 1804 ἀναγκαίων
660 1725 759 1793 ἐνδείας
774 1724 818 1784 διέι
833 1726 862 1786 τὸ
876 1728 975 1799 πλῆθος
988 1724 1048 1792 τούς
1064 1724 1134 1785 ἔνδον
1150 1725 1315 1805 ὑποχειρίους
1330 1724 1403 1806 σφίσι
1417 1724 1552 1803 γενέσθαι,
1565 1725 1662 1797 ταύτης
1677 1730 1725 1784 άν-.

126 1821 244 1901 τείχοντο
257 1825 302 1893 τῆς
317 1820 434 1888 ἐλπίδος·
449 1819 495 1879 καῖ
509 1826 565 1888 ταῖς
581 1821 628 1898 plu
640 1822 717 1881 ναυσί
730 1822 776 1889 τάς
788 1822 856 1881 κατέι
870 1821 1003 1882 θάλατταν
1018 1822 1167 1903 ἐπικουρίας
1179 1823 1264 1882 αύτιῒιν
1279 1820 1410 1893 ἐκώλυον,
1421 1826 1459 1902 τῷ
1470 1820 1498 1880 δέ
1510 1825 1582 1902 πεζῷ
1594 1822 1724 1904 στρατεύ·

127 1942 193 1995 ματι
213 1920 260 1985 τὰς
277 1916 346 1977 uari
360 1923 421 1996 γῆν.
446 1920 492 1996 (τι)
509 1908 671 1998 Βουλόμενοι
688 1918 715 1979 δέ
730 1919 768 1997 μὴ
785 1928 868 1979 ποιεῖν
883 1919 1019 2000 ἄπρακτον
1032 1918 1076 1979 τδν
1090 1919 1201 1999 χρόνον,
1216 1920 1242 1977 ἐν
1260 1910 1498 1999 ᾧπροσεδρεύουσι
1514 1922 1572 1985 ταῖς
1587 1918 1726 1999 Συρακού-

127 2037 199 2089 σαις,
213 2015 271 2072 ἀλλ’
289 2013 345 2091 άμα
360 2037 386 2072 τι
400 2012 444 2073 καί
455 2019 508 2075 τῶν
523 2016 595 2084 ἐκτός
609 2017 748 2099 χρησίμων
764 2019 1025 2093 κατασκευάζεσθαι,
1039 2017 1133 2076 διεῖλον
1147 2018 1173 2075 ol
1185 2018 1328 2097 στρατηγοί
1340 2025 1406 2095 σρᾶς
1418 2014 1510 2083 αύτούς
1527 2016 1572 2075 καὶ
1586 2014 1633 2088 την
1649 2013 1729 2075 δύνα-

130 2135 194 2188 μιν,
206 2111 274 2169 ὥστε
288 2112 331 2171 τὸν
347 2111 395 2189 μίν
408 2110 518 2171 Ἄππιον
531 2114 624 2193 ἔχοντα
640 2113 685 2173 δύο
699 2114 767 2196 με’ρη
779 2119 978 2195 προσκαθῆσθαι
991 2118 1045 2181 τοῖς
1057 2118 1083 2173 ἐν
1098 2118 1131 2196 τῇ
1145 2112 1237 2186 πόλει,
1248 2112 1278 2172 τὸ
1295 2113 1322 2171 δέ
1336 2112 1421 2193 τρίτον
1435 2110 1601 2171 ἀναλαόόντα
1618 2110 1730 2190 Μάρκον

127 2206 328 2286 ἐπιπορεύεσθαι
343 2207 399 2275 τούς
416 2208 449 2268 sb
467 2209 655 2291 Καρχηδονίων
670 2212 838 2291 αἱρουμένους
852 2212 920 2271 κατά
934 2212 983 2285 τὴν
995 2210 1128 2272 Σικελίαν.

165 2304 209 2362 De
220 2304 257 2363 iis
272 2324 337 2382 qnae
355 2303 508 2365 Marcellus
521 2305 700 2385 eSynncasis
716 2308 852 2368 dicedens
873 2309 904 2368 in
917 2308 1019 2368 Sicilia
1039 2308 1175 2385 gesserit,
1190 2306 1252 2365 luse
1262 2305 1383 2383 exponit
1395 2304 1498 2363 Livius
1509 2304 1565 2364 sub
1584 2324 1635 2366 an.
1652 2314 1728 2378 art,

126 2400 180 2462 lib.
200 2412 255 2474 ot,
274 2402 311 2460 25
329 2422 392 2481 sqq.
409 2402 565 2473 Quomodo
577 2424 646 2463 vere
660 2425 709 2466 an.
727 2426 784 2463 oso
800 2418 890 2486 coptae
907 2405 1062 2484 Syracusae
1083 2406 1158 2477 sint,
1178 2415 1279 2462 narret
1296 2401 1351 2464 lib.
1373 2401 1422 2475 25,
1443 2402 1549 2463 23-31.
1571 2400 1728 2459 Marcellus

123 2497 227 2557 urbem
247 2518 334 2574 quam
354 2518 449 2577 neque
469 2504 500 2558 vi
519 2520 613 2579 neque
633 2502 708 2560 ierne
728 2502 797 2580 cepi
815 2521 902 2578 posse
920 2501 1060 2575 videbat,
1083 2500 1250 2580 proditione
1269 2498 1303 2557 in
1320 2509 1492 2575 potestatem
1511 2497 1645 2573 redigere
1664 2509 1730 2556 ten·

124 2594 208 2657 tavit.
233 2595 365 2655 Armate
385 2616 432 2655 res
458 2598 556 2659 cessit.
579 2602 647 2655 Atia
663 2602 782 2657 subinde
805 2620 886 2676 spes,
904 2598 1008 2658 Livius
1030 2598 1085 2671 25,
1106 2598 1143 2655 23
1164 2598 1225 2669 ait,
1242 2610 1394 2673 postquam
1408 2596 1470 2651 laceo
1491 2616 1572 2663 nana
1587 2608 1728 2667 evaserat,

127 2699 250 2768 excepit.
267 2696 426 2769 Danrippus
445 2697 559 2771 quidam
578 2700 824 2769 Lacedaemonius,
842 2705 941 2755 missus
955 2701 993 2755 ab
1013 2699 1198 2772 Syracusanis
1219 2697 1262 2750 ad
1274 2694 1440 2768 Philippum
1453 2711 1563 2766 regem,
1577 2705 1677 2766 captus
1693 2692 1731 2748 ab

128 2793 264 2845 Romanis
283 2793 401 2847 navibus
422 2805 493 2849 crat.
513 2798 605 2865 Hujus
623 2801 717 2871 utique
735 2798 890 2852 redimendi
905 2808 933 2851 et
951 2796 1087 2871 Epicydae
1111 2812 1181 2848 cura
1194 2803 1256 2848 erat
1280 2798 1398 2867 ingens,
1414 2810 1465 2846 nec
1487 2792 1584 2846 abnuit
1605 2792 1730 2847 Marcel-

129 2886 208 2945 lus...
225 2888 272 2942 Ad
285 2890 448 2962 colloquium
468 2891 505 2944 de
526 2892 712 2966 redemptione
727 2898 788 2963 ejus
809 2898 915 2962 missis,
936 2893 1044 2948 medius
1057 2896 1184 2947 manime
1201 2901 1285 2964 atque
1304 2893 1428 2963 utrisque
1450 2883 1620 2963 opportunus
1637 2890 1729 2955 ἱοσασ,

125 2984 167 3037 ad
176 2996 288 3057 portum
309 2986 493 3060 Ttogiliaram
501 3030 510 3059 ,
519 3000 639 3063 propter
652 2994 768 3060 turrim,
784 3006 868 3063 quam
883 2999 989 3043 vocant
1006 2989 1197 3061 Galeagram,
1213 2999 1255 3042 est
1270 2991 1356 3045 liisus.
1382 2987 1445 3058 Qua
1458 3006 1520 3041 cum
1535 2990 1639 3060 saepius
1654 3005 1730 3041 com-

125 3092 268 3168 meamqt,
282 3100 351 3136 unus
373 3101 410 3138 ee
425 3084 580 3154 ¹Romanis,
601 3104 639 3141 ex
657 3091 815 3161 propinquo
834 3103 941 3139 murum
959 3086 1179 3159 contemplatus,
1194 3084 1368 3139 numerando
1385 3071 1731 3157 iapides'eestimanaloque

128 3180 188 3249 ipse
201 3194 311 3247 secum,
329 3182 397 3253 quid
410 3186 439 3234 in
445 3177 548 3250 fronte
556 3194 688 3255 paterent
699 3184 820 3259 singuli,
837 3184 1016 3238 altitudinem
1031 3187 1115 3251 muri,
1133 3194 1268 3257 quantum
1280 3184 1415 3262 pnoeinre
1425 3183 1586 3261 conjectura
1593 3190 1728 3257 poterat,

120 3290 300 3348 permensus,
314 3273 487 3331 humiliorem
503 3280 651 3352 aliquanto
658 3284 781 3353 pristina
796 3284 927 3354 opinione
939 3299 991 3335 sua
1004 3292 1032 3335 et
1047 3292 1200 3335 cetemrum
1213 3282 1337 3333 omnium
1352 3288 1430 3332 ranas
1445 3293 1504 3331 esse
1519 3286 1547 3330 et
1558 3276 1611 3330 vel
1625 3274 1730 3329 medio·

37 3393 40 3400 ·
124 3369 218 3451 eribus
242 3374 329 3426 scalis
349 3370 555 3447 superabilem,
579 3376 620 3429 ad
642 3377 812 3431 Marcellum
829 3394 887 3430 ram
908 3374 1005 3447 refert.
1027 3373 1073 3432 ald
1090 3374 1153 3433 haec
1175 3373 1303 3452 pertinet
1323 3366 1532 3449 Excerptcium
1548 3387 1585 3427 cx
1605 3366 1730 3449 Polybio

125 3458 348 3539 sorticulaque
366 3479 459 3526 exstet
473 3466 551 3546 opud
1486 3493 1490 3501 ·

736 3638 856 3697 suidam
871 3658 896 3701 s.
913 3659 942 3700 ν.
963 3635 1115 3715 συννόμων·

166 3849 205 3892 ss.
220 3830 368 3911 Ἐξηριθ’
331 3854 421 3906 μτησα
423 3831 508 3901 οτους
525 3833 634 3911 δόμους·
645 3826 720 3906 ἦν
693 3857 744 3914 γαρ
759 3833 836 3918 [θ’
802 3858 838 3893 πυ
841 3836 919 3914 ργσς]
935 3835 967 3893 ἐκ
987 3832 1122 3911 συννόμων
1136 3830 1217 3891 λίθων
1231 3829 1450 3913 ιξικσδομημίνος,
1464 3826 1532 3888 ὥστε
1550 3826 1595 3887 καί
1606 3825 1667 3887 λίαν
1682 3828 1725 3887 si·

126 3918 333 4003 συλλόηιστονε
308 3951 376 3987 εναι
391 3928 473 4002 eiu
459 3952 512 3989 απο
530 3933 578 4008 γῆς
595 3953 648 3989 των
661 3930 795 4001 ἐπάλξεων
816 3932 973 3993 ἀπόστασιν.

165 4023 265 4101 Pergit
278 4024 402 4092 Livius:
395 4029 504 4083 ·Haucl
517 4030 678 4104 spernenda
696 4034 772 4085 visa.
787 4030 846 4086 Sed
854 4050 938 4106 quum
953 4031 1032 4085 adiri
1050 4030 1138 4099 acas,
1150 4029 1247 4103 qarob
1259 4028 1391 4101 idipsum
1406 4030 1540 4082 intentius
1555 4022 1727 4081 custodieba-

125 4134 181 4193 tur,
202 4142 260 4186 nan
270 4136 379 4199 posset,
398 4131 506 4182 occasio
517 4127 712 4201 quaerebatur,⁸
727 4146 812 4201 quam
832 4129 933 4185 obtulit
958 4122 1125 4199 trann'uga,
1136 4130 1268 4181 nuntians
1280 4126 1354 4179 diem
1367 4121 1478 4194 festum
1489 4126 1592 4179 Dianas
1598 4141 1657 4201 pcr
1675 4124 1728 4177 tri·

125 4220 212 4281 dictim
225 4226 292 4293 agi,
314 4233 343 4277 et
356 4226 424 4295 quia
444 4223 506 4276 alia
527 4226 557 4276 in
573 4224 714 4278 obsidione
727 4224 834 4292 desint,
849 4229 918 4279 vireo
939 4226 1046 4297 largitu
1067 4222 1169 4296 epulas
1186 4222 1342 4287 celebrari,
1363 4232 1393 4275 et
1407 4221 1446 4276 ab
1467 4220 1591 4294 Epicyde
1610 4218 1729 4292 praebito

127 4321 263 4372 universae
274 4318 368 4391 plebei
381 4329 410 4374 et
423 4338 481 4393 per
496 4320 583 4374 tribus
600 4339 620 4374 a
633 4322 810 4395 principibus
823 4322 921 4375 diviso.
938 4322 979 4376 Id
991 4322 1038 4375 ubi
1051 4324 1164 4392 accepit
1175 4320 1350 4388 Marcellus,
1362 4322 1425 4371 cam
1440 4319 1541 4391 paucis
1555 4317 1726 4372 tribunorum

128 4415 245 4468 miiitum
257 4416 422 4485 collocatus,
432 4416 579 4489 electisque
589 4434 645 4490 per
655 4434 702 4471 eos
716 4418 823 4472 adrem
838 4429 946 4472 tantam
959 4418 1100 4492 agendam
1114 4415 1329 4488 audendamque
1342 4415 1447 4469 idoneis
1455 4413 1660 4469 centurionibus
1674 4416 1728 4466 ini-

127 4510 288 4583 litibusque,
301 4523 329 4565 et
338 4513 424 4571 scalis
435 4517 463 4566 in
476 4514 581 4569 occulto
594 4518 777 4588 comparatis,
795 4520 893 4571 ceteris
903 4519 1014 4586 signum
1025 4516 1090 4569 dan'
1095 4512 1192 4583 jubet,
1202 4522 1232 4565 ut
1245 4522 1354 4566 mature
1367 4528 1488 4588 corpora
1503 4519 1635 4564 emanent
1649 4510 1728 4579 quic-

127 4611 204 4680 tique
217 4607 338 4662 darent:
351 4620 429 4663 nacte
439 4613 468 4663 in
477 4611 683 4683 expeditionem
697 4612 818 4666 eundum
829 4629 898 4670 esse.
916 4612 989 4665 Inde
1002 4610 1051 4665 ubi
1065 4610 1096 4663 id
1108 4612 1238 4683 temporis
1247 4612 1355 4677 visum,
1366 4626 1419 4681 qao
1432 4608 1469 4662 de
1482 4608 1530 4661 die
1541 4604 1661 4679 epulatis
1666 4608 1731 4673 ‚tam

123 4708 189 4757 vini
201 4707 291 4759 satias
294 4708 522 4780 principiumque
540 4711 633 4761 somni
650 4720 738 4778 esset,
751 4710 826 4784 signi
846 4712 928 4762 unius
941 4708 1046 4769 milites
1056 4703 1140 4777 ferre
1150 4706 1245 4761 scalas
1255 4710 1354 4775 jussit,
1362 4717 1391 4760 et
1405 4705 1446 4759 ad
1459 4697 1538 4758 niille
1546 4697 1616 4773 frere
1627 4702 1732 4754 armati

124 4955 192 5018 ὀρθάς
207 4956 246 5006 ἐπὶ
260 4974 367 5039 πρυμναν
379 4956 539 5015 testinata.
552 4958 563 5021 ΙΙ
575 4959 656 5014 -τὰς
669 4959 711 5020 μὲν
721 4958 825 5021 πτέρνα
826 4957 836 5022 ]
848 4976 872 5008 τ.
882 4976 908 5021 μ.
924 4960 1020 5023 πρῴρας
1034 4956 1119 5017 coddq
1131 4953 1342 5007 em.i)indor1ius.
1354 4952 1415 5002 Dein
1427 4947 1601 5009 καθήπταοοθ
1614 4949 1669 4999 Por.
1680 4948 1738 5012 fl-·

127 5024 554 5091 liicpasur1sicPor·iiscawsvgo
570 5027 933 5092 ΙΙ-κατεπιπτι]κατεπιπτον
951 5026 1268 5091 caenanti-snpra]
1288 5026 1345 5087 ῖγίν.
1357 5026 1413 5075 Par.
1430 5023 1538 5087 ΙΙ-καῖ
1553 5022 1667 5087 ταραχῆς]
1680 5036 1731 5073 om.

129 5096 262 5231 33:¹31?
270 5096 365 5216 ροωιθο
382 5097 397 5161 §
413 5102 452 5147 ts·
454 5103 482 5148 19
494 5099 609 5161 leguntur
630 5100 690 5149 item
712 5096 895 5149 omittuntur-in
915 5097 972 5149 cod.
992 5100 1059 5159 nar„
1071 5097 1119 5149 nisi
1136 5096 1204 5161 qaod
1225 5098 1350 5161 pcsoema
1371 5106 1455 5144 eorum
1470 5089 1558 5157 paucis
1569 5092 1732 5156 comprehen-

161 5235 177 5299 §
191 5242 231 5292 2⁰,
250 5239 390 5304 ἀπορουντες
404 5239 444 5305 τοι
456 5240 596 5305 inspuunt:
610 5241 690 5291 bessi
