<?xml version="1.0" encoding="UTF-8"?>
<!DOCTYPE html PUBLIC "-//W3C//DTD XHTML 1.0 Transitional//EN"
    "http://www.w3.org/TR/xhtml1/DTD/xhtml1-transitional.dtd">
<html xmlns="http://www.w3.org/1999/xhtml" xml:lang="en" lang="en">
 <head>
  <title>
</title>
<meta http-equiv="Content-Type" content="text/html;charset=utf-8" />
  <meta name='ocr-system' content='tesseract 3.04.00' />
  <meta name='ocr-capabilities' content='ocr_page ocr_carea ocr_par ocr_line ocrx_word'/>
</head>
<body>
  <div class='ocr_page' id='page_1' title='image "./fragmentahistor01langgoog/fragmentahistor01langgoog_0134.png"; bbox 0 0 3809 5859; ppageno 0'>
   <div class='ocr_carea' id='block_1_1' title="bbox 203 346 1255 419">
    <p class='ocr_par' dir='ltr' id='par_1_1' title="bbox 203 346 1255 419">
     <span class='ocr_line' id='line_1_1' title="bbox 203 346 1255 419; baseline -0.01 -1"><span class='ocrx_word' id='word_1_1' title='bbox 203 358 243 419; x_wconf 74' lang='lat'>94</span> <span class='ocrx_word' id='word_1_2' title='bbox 726 393 730 401; x_wconf 82' lang='lat'><strong><em>.</em></strong></span> <span class='ocrx_word' id='word_1_3' title='bbox 779 348 828 407; x_wconf 90' lang='lat' dir='ltr'>LE</span> <span class='ocrx_word' id='word_1_4' title='bbox 848 346 1255 410; x_wconf 82' lang='lat' dir='ltr'><strong>PSEUDO-BARDESANE.</strong></span> 
     </span>
    </p>
   </div>
   <div class='ocr_carea' id='block_1_2' title="bbox 205 481 1811 742">
    <p class='ocr_par' dir='ltr' id='par_1_2' title="bbox 205 481 1811 742">
     <span class='ocr_line' id='line_1_2' title="bbox 207 481 1811 562; baseline -0.001 -18"><span class='ocrx_word' id='word_1_5' title='bbox 207 487 281 546; x_wconf 78' lang='lat' dir='ltr'>dans</span> <span class='ocrx_word' id='word_1_6' title='bbox 296 505 352 544; x_wconf 87' lang='lat' dir='ltr'>nne</span> <span class='ocrx_word' id='word_1_7' title='bbox 364 496 444 542; x_wconf 79' lang='lat' dir='ltr'>autre</span> <span class='ocrx_word' id='word_1_8' title='bbox 456 485 572 541; x_wconf 67' lang='lat' dir='ltr'>sociere.</span> <span class='ocrx_word' id='word_1_9' title='bbox 592 483 648 540; x_wconf 77' lang='lat' dir='ltr'>Des</span> <span class='ocrx_word' id='word_1_10' title='bbox 660 481 885 562; x_wconf 73' lang='lat' dir='ltr'>l&#39;itablissement</span> <span class='ocrx_word' id='word_1_11' title='bbox 897 483 931 538; x_wconf 88' lang='lat' dir='ltr'>de</span> <span class='ocrx_word' id='word_1_12' title='bbox 949 502 982 538; x_wconf 86' lang='lat' dir='ltr'>ce</span> <span class='ocrx_word' id='word_1_13' title='bbox 1035 482 1177 538; x_wconf 73' lang='lat' dir='ltr'>L&#39;insense</span> <span class='ocrx_word' id='word_1_14' title='bbox 1187 501 1248 537; x_wconf 81' lang='lat' dir='ltr'>sera</span> <span class='ocrx_word' id='word_1_15' title='bbox 1263 483 1424 538; x_wconf 85' lang='lat' dir='ltr'>convaincu</span> <span class='ocrx_word' id='word_1_16' title='bbox 1439 494 1469 537; x_wconf 88' lang='lat' dir='ltr'>et</span> <span class='ocrx_word' id='word_1_17' title='bbox 1481 484 1520 538; x_wconf 89' lang='lat' dir='ltr'>les</span> <span class='ocrx_word' id='word_1_18' title='bbox 1535 484 1746 558; x_wconf 70' lang='lat' dir='ltr'>imper-sections</span> <span class='ocrx_word' id='word_1_19' title='bbox 1763 504 1811 542; x_wconf 86' lang='lat' dir='ltr'>se-</span> 
     </span>
     <span class='ocr_line' id='line_1_3' title="bbox 209 570 1809 650; baseline -0.001 -18"><span class='ocrx_word' id='word_1_20' title='bbox 209 575 315 632; x_wconf 83' lang='lat' dir='ltr'>monde</span> <span class='ocrx_word' id='word_1_21' title='bbox 333 576 486 650; x_wconf 71' lang='lat' dir='ltr'>regeneri,</span> <span class='ocrx_word' id='word_1_22' title='bbox 506 584 570 629; x_wconf 87' lang='lat' dir='ltr'>tous</span> <span class='ocrx_word' id='word_1_23' title='bbox 586 573 625 627; x_wconf 90' lang='lat' dir='ltr'>les</span> <span class='ocrx_word' id='word_1_24' title='bbox 638 573 765 627; x_wconf 83' lang='lat' dir='ltr'>maurais</span> <span class='ocrx_word' id='word_1_25' title='bbox 776 572 904 626; x_wconf 76' lang='lat' dir='ltr'>instincte</span> <span class='ocrx_word' id='word_1_26' title='bbox 924 570 981 626; x_wconf 90' lang='lat' dir='ltr'>dis·</span> <span class='ocrx_word' id='word_1_27' title='bbox 1036 582 1103 626; x_wconf 83' lang='lat' dir='ltr'>rent</span> <span class='ocrx_word' id='word_1_28' title='bbox 1118 570 1249 641; x_wconf 77' lang='lat' dir='ltr'>effacees3</span> <span class='ocrx_word' id='word_1_29' title='bbox 1260 572 1388 645; x_wconf 78' lang='lat' dir='ltr'>ilyaura</span> <span class='ocrx_word' id='word_1_30' title='bbox 1400 572 1467 646; x_wconf 86' lang='lat' dir='ltr'>paix</span> <span class='ocrx_word' id='word_1_31' title='bbox 1477 582 1506 626; x_wconf 88' lang='lat' dir='ltr'>et</span> <span class='ocrx_word' id='word_1_32' title='bbox 1516 573 1636 627; x_wconf 75' lang='lat' dir='ltr'>securite</span> <span class='ocrx_word' id='word_1_33' title='bbox 1645 591 1697 646; x_wconf 85' lang='lat' dir='ltr'>par</span> <span class='ocrx_word' id='word_1_34' title='bbox 1707 575 1734 630; x_wconf 87' lang='lat' dir='ltr'>le</span> <span class='ocrx_word' id='word_1_35' title='bbox 1744 574 1809 630; x_wconf 91' lang='lat' dir='ltr'>don</span> 
     </span>
     <span class='ocr_line' id='line_1_4' title="bbox 205 657 1810 742; baseline 0 -22"><span class='ocrx_word' id='word_1_36' title='bbox 205 669 368 742; x_wconf 82' lang='lat' dir='ltr'>paraitront</span> <span class='ocrx_word' id='word_1_37' title='bbox 379 676 406 720; x_wconf 88' lang='lat' dir='ltr'>et</span> <span class='ocrx_word' id='word_1_38' title='bbox 417 675 510 719; x_wconf 87' lang='lat' dir='ltr'>tontes</span> <span class='ocrx_word' id='word_1_39' title='bbox 521 662 562 717; x_wconf 89' lang='lat' dir='ltr'>les</span> <span class='ocrx_word' id='word_1_40' title='bbox 573 661 726 716; x_wconf 71' lang='lat' dir='ltr'>rebellicns</span> <span class='ocrx_word' id='word_1_41' title='bbox 740 671 845 715; x_wconf 82' lang='lat' dir='ltr'>auront</span> <span class='ocrx_word' id='word_1_42' title='bbox 859 678 915 715; x_wconf 86' lang='lat' dir='ltr'>une</span> <span class='ocrx_word' id='word_1_43' title='bbox 930 657 981 716; x_wconf 86' lang='lat' dir='ltr'>fin.</span> <span class='ocrx_word' id='word_1_44' title='bbox 1037 660 1074 715; x_wconf 87' lang='lat' dir='ltr'>de</span> <span class='ocrx_word' id='word_1_45' title='bbox 1087 660 1166 716; x_wconf 86' lang='lat' dir='ltr'>Celui</span> <span class='ocrx_word' id='word_1_46' title='bbox 1178 661 1228 733; x_wconf 90' lang='lat' dir='ltr'>qui</span> <span class='ocrx_word' id='word_1_47' title='bbox 1237 670 1280 715; x_wconf 88' lang='lat' dir='ltr'>est</span> <span class='ocrx_word' id='word_1_48' title='bbox 1289 660 1316 714; x_wconf 92' lang='lat' dir='ltr'>le</span> <span class='ocrx_word' id='word_1_49' title='bbox 1329 661 1466 734; x_wconf 85' lang='lat' dir='ltr'>Seigneur</span> <span class='ocrx_word' id='word_1_50' title='bbox 1479 660 1516 716; x_wconf 85' lang='lat' dir='ltr'>de</span> <span class='ocrx_word' id='word_1_51' title='bbox 1527 670 1621 716; x_wconf 84' lang='lat' dir='ltr'>tontes</span> <span class='ocrx_word' id='word_1_52' title='bbox 1631 661 1670 716; x_wconf 88' lang='lat' dir='ltr'>les</span> <span class='ocrx_word' id='word_1_53' title='bbox 1678 661 1810 720; x_wconf 83' lang='lat' dir='ltr'>Natures.</span> 
     </span>
    </p>
   </div>
   <div class='ocr_carea' id='block_1_3' title="bbox 209 857 306 872">
    <p class='ocr_par' dir='ltr' id='par_1_3' title="bbox 209 857 306 872">
     <span class='ocr_line' id='line_1_5' title="bbox 209 857 306 872; baseline -0.01 -3"><span class='ocrx_word' id='word_1_54' title='bbox 209 857 306 872; x_wconf 60' lang='lat' dir='ltr'>n·-</span> 
     </span>
    </p>
   </div>
   <div class='ocr_carea' id='block_1_4' title="bbox 706 953 1282 1039">
    <p class='ocr_par' dir='ltr' id='par_1_4' title="bbox 706 953 1282 1039">
     <span class='ocr_line' id='line_1_6' title="bbox 706 953 1282 1039; baseline 0.002 -14"><span class='ocrx_word' id='word_1_55' title='bbox 706 975 836 1038; x_wconf 82' lang='lat' dir='ltr'>Eusebius,</span> <span class='ocrx_word' id='word_1_56' title='bbox 858 953 990 1038; x_wconf 73' lang='lat' dir='ltr'>preparat.</span> <span class='ocrx_word' id='word_1_57' title='bbox 1007 977 1127 1039; x_wconf 62' lang='lat' dir='ltr'>evangel„</span> <span class='ocrx_word' id='word_1_58' title='bbox 1144 977 1189 1035; x_wconf 84' lang='lat' dir='ltr'>vl,</span> <span class='ocrx_word' id='word_1_59' title='bbox 1202 979 1282 1026; x_wconf 79' lang='lat'>27·28.</span> 
     </span>
    </p>
   </div>
   <div class='ocr_carea' id='block_1_5' title="bbox 205 1091 1812 1534">
    <p class='ocr_par' dir='ltr' id='par_1_5' title="bbox 206 1091 1812 1215">
     <span class='ocr_line' id='line_1_7' title="bbox 206 1091 1812 1215; baseline -0.009 -52"><span class='ocrx_word' id='word_1_60' title='bbox 206 1108 282 1180; x_wconf 81' lang='grc' dir='ltr'>ἡμῶν</span> <span class='ocrx_word' id='word_1_61' title='bbox 293 1103 382 1167; x_wconf 78' lang='grc' dir='ltr'>δοῦλος</span> <span class='ocrx_word' id='word_1_62' title='bbox 394 1097 528 1176; x_wconf 79' lang='grc' dir='ltr'>ἄνθρωπος</span> <span class='ocrx_word' id='word_1_63' title='bbox 539 1098 586 1165; x_wconf 73' lang='grc' dir='ltr'>τῆς</span> <span class='ocrx_word' id='word_1_64' title='bbox 597 1096 731 1170; x_wconf 76' lang='grc' dir='ltr'>ὑποταγῆς</span> <span class='ocrx_word' id='word_1_65' title='bbox 741 1091 874 1172; x_wconf 70' lang='grc' dir='ltr'>ἐκφεύγειν</span> <span class='ocrx_word' id='word_1_66' title='bbox 884 1092 980 1174; x_wconf 64' lang='grc' dir='ltr'>ῥαδίως</span> <span class='ocrx_word' id='word_1_67' title='bbox 1005 1105 1010 1215; x_wconf 75' lang='grc' dir='ltr'>Ι</span> <span class='ocrx_word' id='word_1_68' title='bbox 1036 1092 1223 1171; x_wconf 74' lang='grc' dir='ltr'>ἀνεμπόδιστα·</span> <span class='ocrx_word' id='word_1_69' title='bbox 1231 1098 1264 1172; x_wconf 82' lang='grc' dir='ltr'>τῇ</span> <span class='ocrx_word' id='word_1_70' title='bbox 1273 1093 1323 1172; x_wconf 71' lang='grc' dir='ltr'>γὰρ</span> <span class='ocrx_word' id='word_1_71' title='bbox 1335 1092 1435 1152; x_wconf 77' lang='grc' dir='ltr'>ἐκείνου</span> <span class='ocrx_word' id='word_1_72' title='bbox 1443 1093 1565 1170; x_wconf 78' lang='grc' dir='ltr'>βουλήσει</span> <span class='ocrx_word' id='word_1_73' title='bbox 1573 1092 1646 1154; x_wconf 73' lang='grc' dir='ltr'>οὐδὲν</span> <span class='ocrx_word' id='word_1_74' title='bbox 1657 1098 1812 1168; x_wconf 72' lang='grc' dir='ltr'>ἀντιστῆναι</span> 
     </span>
    </p>

    <p class='ocr_par' dir='ltr' id='par_1_6' title="bbox 207 1173 1809 1268">
     <span class='ocr_line' id='line_1_8' title="bbox 207 1173 1809 1268; baseline -0.007 -16"><span class='ocrx_word' id='word_1_75' title='bbox 207 1193 324 1252; x_wconf 82' lang='grc' dir='ltr'>δύναται.</span> <span class='ocrx_word' id='word_1_76' title='bbox 339 1190 373 1248; x_wconf 86' lang='lat' dir='ltr'>Ei</span> <span class='ocrx_word' id='word_1_77' title='bbox 384 1185 436 1268; x_wconf 76' lang='grc' dir='ltr'>γὰρ</span> <span class='ocrx_word' id='word_1_78' title='bbox 447 1184 534 1244; x_wconf 83' lang='grc' dir='ltr'>πάντα</span> <span class='ocrx_word' id='word_1_79' title='bbox 548 1181 710 1258; x_wconf 74' lang='grc' dir='ltr'>ἐδυνάμεθα,</span> <span class='ocrx_word' id='word_1_80' title='bbox 724 1187 799 1258; x_wconf 77' lang='grc' dir='ltr'>ἡμεῖς</span> <span class='ocrx_word' id='word_1_81' title='bbox 821 1180 853 1240; x_wconf 81' lang='grc' dir='ltr'>θν</span> <span class='ocrx_word' id='word_1_82' title='bbox 868 1173 933 1258; x_wconf 75' lang='grc' dir='ltr'>ἦμεν</span> <span class='ocrx_word' id='word_1_83' title='bbox 950 1181 983 1262; x_wconf 65' lang='lat' dir='ltr'>ri</span> <span class='ocrx_word' id='word_1_84' title='bbox 1034 1181 1153 1239; x_wconf 85' lang='grc' dir='ltr'>δύναται·</span> <span class='ocrx_word' id='word_1_85' title='bbox 1164 1181 1209 1240; x_wconf 79' lang='grc' dir='ltr'>καὶ</span> <span class='ocrx_word' id='word_1_86' title='bbox 1221 1180 1310 1261; x_wconf 81' lang='grc' dir='ltr'>γθιρτθ</span> <span class='ocrx_word' id='word_1_87' title='bbox 1319 1181 1443 1240; x_wconf 79' lang='grc' dir='ltr'>δοκοῦντα</span> <span class='ocrx_word' id='word_1_88' title='bbox 1452 1181 1632 1254; x_wconf 78' lang='grc' dir='ltr'>ἀνθίστασθαι,</span> <span class='ocrx_word' id='word_1_89' title='bbox 1646 1184 1724 1243; x_wconf 79' lang='grc' dir='ltr'>αὐτοῦ</span> <span class='ocrx_word' id='word_1_90' title='bbox 1739 1207 1809 1264; x_wconf 76' lang='grc' dir='ltr'>χρη-</span> 
     </span>
    </p>

    <p class='ocr_par' dir='ltr' id='par_1_7' title="bbox 207 1260 1811 1352">
     <span class='ocr_line' id='line_1_9' title="bbox 207 1260 1811 1352; baseline -0.008 -13"><span class='ocrx_word' id='word_1_91' title='bbox 207 1289 280 1351; x_wconf 60' lang='lat' dir='ltr'>nstv,</span> <span class='ocrx_word' id='word_1_92' title='bbox 293 1275 362 1337; x_wconf 77' lang='grc' dir='ltr'>ὥστε</span> <span class='ocrx_word' id='word_1_93' title='bbox 375 1279 399 1334; x_wconf 79' lang='grc' dir='ltr'>εἰ</span> <span class='ocrx_word' id='word_1_94' title='bbox 419 1273 499 1352; x_wconf 79' lang='grc' dir='ltr'>μηδὲν</span> <span class='ocrx_word' id='word_1_95' title='bbox 514 1272 678 1346; x_wconf 80' lang='grc' dir='ltr'>ἐδυνάμεθα,</span> <span class='ocrx_word' id='word_1_96' title='bbox 694 1270 781 1329; x_wconf 80' lang='grc' dir='ltr'>ἄλλων</span> <span class='ocrx_word' id='word_1_97' title='bbox 796 1268 826 1328; x_wconf 81' lang='grc' dir='ltr'>θιν</span> <span class='ocrx_word' id='word_1_98' title='bbox 840 1260 921 1346; x_wconf 68' lang='grc' dir='ltr'>ἦμεν,</span> <span class='ocrx_word' id='word_1_99' title='bbox 945 1274 980 1336; x_wconf 81' lang='grc' dir='ltr'>ὡς</span> <span class='ocrx_word' id='word_1_100' title='bbox 1036 1275 1097 1328; x_wconf 81' lang='grc' dir='ltr'>ατοῦ</span> <span class='ocrx_word' id='word_1_101' title='bbox 1120 1268 1191 1337; x_wconf 85' lang='grc' dir='ltr'>ὄντος</span> <span class='ocrx_word' id='word_1_102' title='bbox 1210 1270 1255 1328; x_wconf 84' lang='grc' dir='ltr'>καὶ</span> <span class='ocrx_word' id='word_1_103' title='bbox 1267 1275 1460 1350; x_wconf 69' lang='grc' dir='ltr'>συγχωροῦντος</span> <span class='ocrx_word' id='word_1_104' title='bbox 1474 1271 1575 1350; x_wconf 77' lang='grc' dir='ltr'>ἑκάστῃ</span> <span class='ocrx_word' id='word_1_105' title='bbox 1587 1270 1661 1352; x_wconf 78' lang='grc' dir='ltr'>φύσει</span> <span class='ocrx_word' id='word_1_106' title='bbox 1679 1269 1811 1351; x_wconf 70' lang='grc' dir='ltr'>ἔχειντὴν</span> 
     </span>
    </p>

    <p class='ocr_par' dir='ltr' id='par_1_8' title="bbox 205 1357 1812 1534">
     <span class='ocr_line' id='line_1_10' title="bbox 205 1357 1812 1450; baseline -0.017 -19"><span class='ocrx_word' id='word_1_107' title='bbox 205 1378 343 1450; x_wconf 82' lang='grc' dir='ltr'>προεῖπον,</span> <span class='ocrx_word' id='word_1_108' title='bbox 356 1364 454 1444; x_wconf 80' lang='grc' dir='ltr'>ὄργανα</span> <span class='ocrx_word' id='word_1_109' title='bbox 472 1361 517 1420; x_wconf 74' lang='grc' dir='ltr'>καὶ</span> <span class='ocrx_word' id='word_1_110' title='bbox 534 1361 583 1440; x_wconf 80' lang='grc' dir='ltr'>οὐχ</span> <span class='ocrx_word' id='word_1_111' title='bbox 597 1362 705 1418; x_wconf 80' lang='grc' dir='ltr'>ἑαυτῶν.</span> <span class='ocrx_word' id='word_1_112' title='bbox 1024 1358 1152 1429; x_wconf 80' lang='grc' dir='ltr'>-ἷδιότητα</span> <span class='ocrx_word' id='word_1_113' title='bbox 1165 1358 1253 1416; x_wconf 81' lang='grc' dir='ltr'>καὶτὸ</span> <span class='ocrx_word' id='word_1_114' title='bbox 1268 1357 1432 1426; x_wconf 79' lang='grc' dir='ltr'>αὐτεξούσιον</span> <span class='ocrx_word' id='word_1_115' title='bbox 1446 1363 1491 1417; x_wconf 77' lang='grc' dir='ltr'>τοῦ</span> <span class='ocrx_word' id='word_1_116' title='bbox 1502 1359 1666 1436; x_wconf 81' lang='grc' dir='ltr'>θελήματος,</span> <span class='ocrx_word' id='word_1_117' title='bbox 1681 1361 1812 1420; x_wconf 55' lang='lat' dir='ltr'>araim.</span> 
     </span>
     <span class='ocr_line' id='line_1_11' title="bbox 249 1445 1087 1534; baseline -0.017 -19"><span class='ocrx_word' id='word_1_118' title='bbox 249 1457 333 1534; x_wconf 82' lang='lat'>§28.</span> <span class='ocrx_word' id='word_1_119' title='bbox 361 1455 431 1514; x_wconf 82' lang='grc' dir='ltr'>Θεοῦ</span> <span class='ocrx_word' id='word_1_120' title='bbox 453 1453 476 1510; x_wconf 77' lang='grc' dir='ltr'>δ’</span> <span class='ocrx_word' id='word_1_121' title='bbox 499 1445 679 1515; x_wconf 80' lang='grc' dir='ltr'>ἐπινεύσαντος</span> <span class='ocrx_word' id='word_1_122' title='bbox 697 1446 787 1505; x_wconf 80' lang='grc' dir='ltr'>πάντα</span> <span class='ocrx_word' id='word_1_123' title='bbox 811 1446 908 1506; x_wconf 81' lang='grc' dir='ltr'>δυνατὰ</span> <span class='ocrx_word' id='word_1_124' title='bbox 935 1446 981 1505; x_wconf 80' lang='grc' dir='ltr'>καὶ</span> <span class='ocrx_word' id='word_1_125' title='bbox 1033 1469 1087 1506; x_wconf 89' lang='grc' dir='ltr'>ται.</span> 
     </span>
    </p>
   </div>
   <div class='ocr_carea' id='block_1_6' title="bbox 811 1591 1272 1684">
    <p class='ocr_par' dir='ltr' id='par_1_9' title="bbox 811 1591 1272 1684">
     <span class='ocr_line' id='line_1_12' title="bbox 811 1591 1272 1684; baseline 0.002 -29"><span class='ocrx_word' id='word_1_126' title='bbox 811 1607 970 1684; x_wconf 74' lang='lat' dir='ltr'>RecognPs.</span> <span class='ocrx_word' id='word_1_127' title='bbox 983 1605 1071 1667; x_wconf 64' lang='lat' dir='ltr'>clem„</span> <span class='ocrx_word' id='word_1_128' title='bbox 1088 1606 1130 1664; x_wconf 84' lang='lat' dir='ltr'>lx,</span> <span class='ocrx_word' id='word_1_129' title='bbox 1145 1610 1184 1656; x_wconf 83' lang='lat'>29.</span> <span class='ocrx_word' id='word_1_130' title='bbox 1267 1591 1272 1600; x_wconf 51' lang='lat'>⁸</span> 
     </span>
    </p>
   </div>
   <div class='ocr_carea' id='block_1_7' title="bbox 204 1713 1813 2153">
    <p class='ocr_par' dir='ltr' id='par_1_10' title="bbox 204 1713 1813 2153">
     <span class='ocr_line' id='line_1_13' title="bbox 208 1713 1813 1808; baseline -0.007 -19"><span class='ocrx_word' id='word_1_131' title='bbox 208 1751 338 1808; x_wconf 89' lang='lat' dir='ltr'>quosque</span> <span class='ocrx_word' id='word_1_132' title='bbox 350 1730 498 1806; x_wconf 75' lang='lat' dir='ltr'>gentilium</span> <span class='ocrx_word' id='word_1_133' title='bbox 508 1713 580 1784; x_wconf 86' lang='lat' dir='ltr'>ritus</span> <span class='ocrx_word' id='word_1_134' title='bbox 593 1736 621 1782; x_wconf 88' lang='lat' dir='ltr'>et</span> <span class='ocrx_word' id='word_1_135' title='bbox 637 1726 743 1781; x_wconf 87' lang='lat' dir='ltr'>incesta</span> <span class='ocrx_word' id='word_1_136' title='bbox 762 1743 895 1799; x_wconf 84' lang='lat' dir='ltr'>sprevere</span> <span class='ocrx_word' id='word_1_137' title='bbox 912 1743 979 1780; x_wconf 89' lang='lat' dir='ltr'>con·</span> <span class='ocrx_word' id='word_1_138' title='bbox 1036 1735 1166 1779; x_wconf 87' lang='lat' dir='ltr'>mortuos</span> <span class='ocrx_word' id='word_1_139' title='bbox 1175 1743 1250 1793; x_wconf 89' lang='lat' dir='ltr'>suos,</span> <span class='ocrx_word' id='word_1_140' title='bbox 1261 1741 1355 1798; x_wconf 88' lang='lat' dir='ltr'>neque</span> <span class='ocrx_word' id='word_1_141' title='bbox 1370 1725 1459 1780; x_wconf 74' lang='lat' dir='ltr'>Perse</span> <span class='ocrx_word' id='word_1_142' title='bbox 1470 1733 1593 1779; x_wconf 84' lang='lat' dir='ltr'>matrum</span> <span class='ocrx_word' id='word_1_143' title='bbox 1607 1722 1747 1798; x_wconf 83' lang='lat' dir='ltr'>conjugiis</span> <span class='ocrx_word' id='word_1_144' title='bbox 1760 1736 1813 1779; x_wconf 83' lang='lat' dir='ltr'>aut</span> 
     </span>
     <span class='ocr_line' id='line_1_14' title="bbox 204 1811 1811 1897; baseline -0.007 -20"><span class='ocrx_word' id='word_1_145' title='bbox 204 1823 295 1897; x_wconf 83' lang='lat' dir='ltr'>jugia.</span> <span class='ocrx_word' id='word_1_146' title='bbox 319 1820 451 1892; x_wconf 89' lang='lat' dir='ltr'>Denique</span> <span class='ocrx_word' id='word_1_147' title='bbox 469 1815 546 1889; x_wconf 80' lang='lat' dir='ltr'>apud</span> <span class='ocrx_word' id='word_1_148' title='bbox 568 1814 696 1881; x_wconf 85' lang='lat' dir='ltr'>Parthos,</span> <span class='ocrx_word' id='word_1_149' title='bbox 713 1814 785 1867; x_wconf 87' lang='lat' dir='ltr'>sicut</span> <span class='ocrx_word' id='word_1_150' title='bbox 798 1813 882 1867; x_wconf 88' lang='lat' dir='ltr'>nobis</span> <span class='ocrx_word' id='word_1_151' title='bbox 899 1812 978 1867; x_wconf 87' lang='lat' dir='ltr'><strong>Tho·</strong></span> <span class='ocrx_word' id='word_1_152' title='bbox 1038 1811 1161 1868; x_wconf 84' lang='lat' dir='ltr'>filiarum</span> <span class='ocrx_word' id='word_1_153' title='bbox 1186 1813 1298 1868; x_wconf 84' lang='lat' dir='ltr'>incestis</span> <span class='ocrx_word' id='word_1_154' title='bbox 1323 1813 1512 1867; x_wconf 77' lang='lat' dir='ltr'>matrimoniis</span> <span class='ocrx_word' id='word_1_155' title='bbox 1541 1811 1727 1879; x_wconf 78' lang='lat' dir='ltr'>delectantur,</span> <span class='ocrx_word' id='word_1_156' title='bbox 1753 1830 1811 1866; x_wconf 86' lang='lat' dir='ltr'>nee</span> 
     </span>
     <span class='ocr_line' id='line_1_15' title="bbox 207 1894 1812 1980; baseline -0.008 -15"><span class='ocrx_word' id='word_1_157' title='bbox 207 1927 282 1978; x_wconf 86' lang='lat' dir='ltr'>mas,</span> <span class='ocrx_word' id='word_1_158' title='bbox 294 1908 343 1980; x_wconf 90' lang='lat' dir='ltr'>qui</span> <span class='ocrx_word' id='word_1_159' title='bbox 353 1902 430 1980; x_wconf 82' lang='lat' dir='ltr'>apud</span> <span class='ocrx_word' id='word_1_160' title='bbox 438 1904 501 1959; x_wconf 88' lang='lat' dir='ltr'>illos</span> <span class='ocrx_word' id='word_1_161' title='bbox 511 1901 688 1974; x_wconf 82' lang='lat' dir='ltr'>evangelium</span> <span class='ocrx_word' id='word_1_162' title='bbox 698 1899 843 1975; x_wconf 64' lang='lat' dir='ltr'>praedicat,</span> <span class='ocrx_word' id='word_1_163' title='bbox 855 1899 979 1972; x_wconf 87' lang='lat' dir='ltr'>scripsit,</span> <span class='ocrx_word' id='word_1_164' title='bbox 1037 1900 1170 1955; x_wconf 83' lang='lat' dir='ltr'>mulieres</span> <span class='ocrx_word' id='word_1_165' title='bbox 1188 1899 1295 1956; x_wconf 89' lang='lat' dir='ltr'>Susidis</span> <span class='ocrx_word' id='word_1_166' title='bbox 1303 1894 1381 1955; x_wconf 79' lang='lat' dir='ltr'>licita</span> <span class='ocrx_word' id='word_1_167' title='bbox 1397 1899 1505 1954; x_wconf 89' lang='lat' dir='ltr'>ducunt</span> <span class='ocrx_word' id='word_1_168' title='bbox 1521 1896 1673 1967; x_wconf 79' lang='lat' dir='ltr'>adulteria;</span> <span class='ocrx_word' id='word_1_169' title='bbox 1686 1917 1740 1954; x_wconf 87' lang='lat' dir='ltr'>nec</span> <span class='ocrx_word' id='word_1_170' title='bbox 1752 1917 1812 1972; x_wconf 90' lang='lat' dir='ltr'>po-</span> 
     </span>
     <span class='ocr_line' id='line_1_16' title="bbox 207 1985 1812 2066; baseline -0.009 -13"><span class='ocrx_word' id='word_1_171' title='bbox 207 2016 266 2053; x_wconf 89' lang='lat' dir='ltr'>non</span> <span class='ocrx_word' id='word_1_172' title='bbox 281 1995 363 2051; x_wconf 88' lang='lat' dir='ltr'>multi</span> <span class='ocrx_word' id='word_1_173' title='bbox 374 1993 434 2065; x_wconf 81' lang='lat' dir='ltr'>jam</span> <span class='ocrx_word' id='word_1_174' title='bbox 448 2009 513 2066; x_wconf 82' lang='lat' dir='ltr'>erga</span> <span class='ocrx_word' id='word_1_175' title='bbox 528 1990 652 2064; x_wconf 79' lang='lat' dir='ltr'>plurima</span> <span class='ocrx_word' id='word_1_176' title='bbox 671 1987 853 2043; x_wconf 83' lang='lat' dir='ltr'>matrimonia</span> <span class='ocrx_word' id='word_1_177' title='bbox 873 1985 979 2043; x_wconf 86' lang='lat' dir='ltr'>diffun·</span> <span class='ocrx_word' id='word_1_178' title='bbox 1040 1987 1095 2042; x_wconf 90' lang='lat' dir='ltr'>tuit</span> <span class='ocrx_word' id='word_1_179' title='bbox 1112 1987 1150 2043; x_wconf 82' lang='lat' dir='ltr'>nd</span> <span class='ocrx_word' id='word_1_180' title='bbox 1167 1988 1286 2043; x_wconf 84' lang='lat' dir='ltr'>crimina</span> <span class='ocrx_word' id='word_1_181' title='bbox 1306 1987 1422 2044; x_wconf 81' lang='lat' dir='ltr'>Genesis</span> <span class='ocrx_word' id='word_1_182' title='bbox 1441 1987 1631 2061; x_wconf 82' lang='lat' dir='ltr'>compellere,</span> <span class='ocrx_word' id='word_1_183' title='bbox 1650 2005 1723 2062; x_wconf 80' lang='lat' dir='ltr'>quos</span> <span class='ocrx_word' id='word_1_184' title='bbox 1739 1987 1812 2043; x_wconf 77' lang='lat' dir='ltr'>reli·</span> 
     </span>
     <span class='ocr_line' id='line_1_17' title="bbox 207 2074 1466 2153; baseline -0.006 -13"><span class='ocrx_word' id='word_1_185' title='bbox 207 2086 327 2152; x_wconf 78' lang='lat' dir='ltr'>duntur,</span> <span class='ocrx_word' id='word_1_186' title='bbox 338 2099 392 2137; x_wconf 89' lang='lat' dir='ltr'>nec</span> <span class='ocrx_word' id='word_1_187' title='bbox 402 2080 483 2136; x_wconf 77' lang='lat' dir='ltr'>inulti</span> <span class='ocrx_word' id='word_1_188' title='bbox 499 2078 576 2153; x_wconf 85' lang='lat' dir='ltr'>apud</span> <span class='ocrx_word' id='word_1_189' title='bbox 593 2076 692 2133; x_wconf 86' lang='lat' dir='ltr'>Medos</span> <span class='ocrx_word' id='word_1_190' title='bbox 707 2077 827 2132; x_wconf 82' lang='lat' dir='ltr'>canibus</span> <span class='ocrx_word' id='word_1_191' title='bbox 839 2074 980 2147; x_wconf 88' lang='lat' dir='ltr'>objiciunt</span> <span class='ocrx_word' id='word_1_192' title='bbox 1005 2100 1010 2137; x_wconf 78' lang='grc' dir='ltr'>ι</span> <span class='ocrx_word' id='word_1_193' title='bbox 1036 2076 1128 2150; x_wconf 77' lang='lat' dir='ltr'>gionis</span> <span class='ocrx_word' id='word_1_194' title='bbox 1142 2075 1273 2132; x_wconf 86' lang='lat' dir='ltr'>doctrina</span> <span class='ocrx_word' id='word_1_195' title='bbox 1286 2077 1466 2149; x_wconf 80' lang='lat' dir='ltr'>prohibebat.</span> 
     </span>
    </p>
   </div>
   <div class='ocr_carea' id='block_1_8' title="bbox 0 0 1919 5859">
    <p class='ocr_par' dir='ltr' id='par_1_11' title="bbox 0 0 1919 5859">
     <span class='ocr_line' id='line_1_18' title="bbox 0 0 1919 5859; baseline 0 0"><span class='ocrx_word' id='word_1_196' title='bbox 0 0 1919 5859; x_wconf 95' lang='lat' dir='ltr'> </span> 
     </span>
    </p>
   </div>
  </div>
 </body>
</html>
