3809 5859
203 253 260 315 λίθ

201 385 302 443 ίνοῶται
311 393 363 451 τοῖς
373 382 514 462 Ἀρμενίων
524 384 569 443 καλ
580 387 681 458 Μήδων
689 386 776 467 ὄρεσι,
785 385 831 445 καλ
843 389 877 445 δι’
889 388 976 447 αὐτῶν

200 474 238 549 τῷ
261 470 407 551 Καυκάσῳ.
430 471 462 550 (a)
477 472 577 533 Τοῦτόν
596 497 662 553 φασι
681 473 805 545 διαβῆναι
826 472 869 543 ξὺν
888 470 978 541 ὅπλοις

200 561 303 637 πρῶτον
317 560 482 640 Ἀλέξανδρον
501 556 545 619 τάν
565 561 707 623 Μακεδόνα
727 566 785 638 μεθ’
798 561 933 639 Ἡρακλέα
947 585 978 642 γε

200 646 245 705 καί
256 648 392 719 Διόνυσον,
401 648 599 726 στρατεύσαντα
609 648 678 708 κατὰ
688 650 798 730 Δαρείου
808 656 854 708 τοῦ
868 654 891 711 [Ι
895 655 978 759 ερσῶν

202 738 331 812 βασιλέως
346 734 391 794 καί
406 739 453 808 τῆς
466 735 529 807 θ’λης
544 736 644 808 Ἀσίας,
657 736 703 795 καὶ
720 739 778 813 μετ’
791 740 886 797 ἐκεῖνον
906 729 979 803 αύθις

201 821 269 897 μετὰ
281 821 424 899 Ῥωμαίων
438 823 547 899 Μάγνον
566 824 717 900 Πομπήιον.
730 823 813 896 Διέβη
823 824 850 883 δέ
862 827 911 883 κάν
923 832 978 893 τοῖς

203 910 339 988 ἡμετέροις
352 911 455 991 χρόνοις
469 910 534 988 (καί)
548 911 659 989 Τόμιρις
671 917 685 971 6
697 914 880 991 Μασσαγετῶν
892 912 978 971 τεκαὶ

203 1003 312 1059 Σκυθῶν
330 998 469 1076 βασιλεὺς,
484 1000 564 1070 ἡνίκα
585 1000 655 1059 κατὰ
674 1001 835 1069 Παῖαζήτεω
849 1006 894 1059 τοῦ
912 1022 979 1079 προ-

200 1088 276 1165 γόνου
289 1093 336 1145 τοῦ
352 1087 479 1165 βασιλέως
500 1088 657 1165 ἐστράτευσε
672 1086 714 1155 ξὺν
726 1088 815 1153 ὅπλοις
830 1087 877 1162 μέν
890 1111 919 1167 γε
931 1091 977 1146 καί

200 1184 327 1257 στρατιᾷ,
344 1176 413 1235 ἀλλθι
426 1180 477 1233 τῶν
487 1177 610 1253 παρόδων
621 1176 696 1242 αύτθς
705 1179 809 1254 κρατῶν
820 1178 850 1235 ἐκ
860 1178 976 1247 πολλοῦ,

200 1266 246 1323 καί
271 1266 315 1323 διὰ
337 1264 428 1374 φιλίας
449 1267 496 1335 τῆς
526 1266 606 1323 αὐτοῦ
630 1266 815 1341 πορευόμενος.
838 1262 976 1323 Διαβαίνει

200 1357 291 1412 τοῦτον
302 1375 347 1411 και
359 1375 403 1410 νυν
415 1356 430 1412 ό
442 1349 565 1430 βασιλεὺς
575 1351 743 1430 Μεχεμέτης,
754 1352 822 1411 ἀλλὰ
833 1350 933 1419 ξὺν)
887 1350 933 1409 ἀπ)
933 1374 977 1419 οις

200 1441 245 1500 καλ
261 1442 384 1520 πολέμῳ,
397 1441 454 1518 τρίτ
444 1464 481 1507 .ος
496 1442 534 1499 ἀπ
534 1439 737 1517 ’Ἀλεξάνδρου,
741 1441 816 1547 μετὰ
828 1439 978 1516 Ρωμαίους

200 1532 288 1589 τεκαὶ
308 1528 461 1603 Πομπήιον.
478 1530 509 1605 (ι)
521 1526 650 1599 Χασάνης
661 1519 757 1608 γάρ’
719 1550 756 1600 ,η
773 1551 793 1585 π
795 1526 914 1607 ρόσθεν
899 1549 977 1607 εφην,

201 1617 344 1695 ἐπιγαμίαν
364 1616 433 1696 ἔχων
454 1640 492 1675 τω
472 1617 613 1694 βασιλεῖ
634 1619 831 1695 Ἰραπεζουντος
851 1616 896 1676 καλ
915 1617 979 1693 ξυμ·

202 1712 298 1785 μαχεῖν
312 1706 470 1785 βουλόμενος
482 1704 581 1785 τούτῳ,
592 1704 678 1771 άλλως
692 1704 720 1761 δὲ
732 1704 777 1763 καλ
789 1707 979 1814 Τραπεζοῦντα

203 1796 348 1873 μᾶλλον’
319 1793 394 1857 αυτθς
409 1792 590 1872 υπαγαγέσθαι
611 1792 768 1871 βουλόμενος
784 1791 829 1851 καί
848 1793 977 1865 ἐλπίζων,

201 1881 332 1955 ἐπειδὴ
304 1906 353 1952 την
365 1881 424 1941 κατ’
434 1884 514 1953 αὐτῆς
529 1879 649 1962 ἔφοδον’
634 1904 701 1957 εγνω
715 1887 760 1939 τοῦ
776 1880 918 1958 βασιλέως,
933 1882 979 1940 δύ-

203 1996 281 2051 ναμιν
295 1971 417 2079 αβροίσας
431 1960 494 2040 ἧκεν
515 1972 541 2036 ἐς
554 1970 601 2037 τὰς
615 1970 760 2048 παρόδους,
777 1959 860 2048 εἶρξαι
883 1970 978 2048 βουλό-

202 2084 278 2139 μενος
295 2059 340 2118 τὸν
365 2056 477 2136 βασιλέα
504 2082 552 2128 της
577 2057 733 2122 διαβάσεως.
749 2059 785 2135 (ο)
803 2058 930 2124 Βασιλευς
951 2058 978 2117 δὲ

201 2155 278 2209 τοῦτο
293 2146 400 2225 μαθὼν,
414 2148 512 2204 ἐκεῖνον
528 2143 575 2223 μέν
597 2148 677 2205 αὐτοῦ
697 2145 764 2219 μετά
785 2149 832 2215 τῆς
854 2156 978 2225 στρατιᾶς

200 2241 281 2297 αὐτοῦ
305 2235 408 2315 χαίρειν
436 2235 539 2305 εἴασεν,
557 2235 633 2300 αὐτὸς
650 2234 677 2292 δὲ
695 2234 779 2306 ἄλλην
799 2233 858 2293 θδδν
881 2234 978 2313 ἀτριβῆ

201 2328 246 2387 καί
267 2326 392 2405 τραχεῖαν
406 2324 452 2381 καί
476 2323 563 2395 πάντη
582 2322 711 2401 δύσπορον
727 2323 773 2381 καί
794 2322 892 2395 ἀνάντη
917 2321 977 2382 εὖθθ

201 2415 329 2496 φέρουσαν
356 2411 586 2491 Τιγρανοκέρτωνι
603 2415 655 2469 τῶν
683 2411 823 2488 βασιλείων
844 2411 978 2472 Χασάνεω

202 2510 294 2581 ἔτεμε·
314 2503 360 2563 καί
384 2508 487 2581 πρῶτον
511 2501 558 2576 μέν
582 2503 708 2577 στρατιάν
729 2500 823 2573 ἱκανὴν
842 2501 979 2583 ἐκπέμψας

202 2592 320 2663 εὐζώνων
333 2614 362 2650 τε
376 2591 422 2650 καλ
435 2590 536 2671 κούφως
558 2589 732 2667 ὡπλισμένων
747 2591 848 2667 ἀνδρῶν
867 2589 978 2658 τοξοτῶν

202 2680 300 2739 τε“καλ
324 2682 480 2737 πελταστῶν
500 2677 568 2753 μετὰ
592 2677 792 2757 Μαχουμούτεω
816 2683 862 2736 τοῦ
893 2678 979 2737 πασία

158 2803 163 2813 ·
202 2768 368 2849 προκατέσχε
391 2765 449 2833 τοὺς
472 2765 689 2843 ἐπικαιροτάτους
705 2768 758 2823 τῶν
783 2764 869 2846 λόφων
893 2766 927 2822 τά
950 2788 979 2823 τε

201 2856 278 2918 στενά
293 2857 339 2915 καί
354 2853 534 2925 δυσδιεξίτητα
549 2859 601 2912 τῶν
617 2855 738 2932 παρόδων
752 2854 797 2912 καλ
808 2853 856 2921 τλς
871 2855 977 2932 δυσχω·

204 2944 259 3022 ρίας
279 2942 396 3009 ἁπάσας.
418 2943 451 3019 (ο)
468 2942 546 3001 Μετθι
564 2941 592 2999 δὲ
611 2942 656 3001 καί
673 2939 765 3020 ψιλοὺς
786 2941 880 3018 ἄνδρας
894 2939 934 2998 ότι
947 2964 978 3019 γε

202 3032 340 3100 πλείστους
348 3030 479 3107 ἐκπέμπει
486 3031 677 3139 υλοτρμοῦντάς
688 3054 716 3088 τε
726 3053 772 3088 και
762 3028 979 3106 ἐξομαλίζοντας

202 3122 278 3181 τότε
304 3119 407 3199 σκληρά
424 3119 469 3178 καί
487 3120 603 3188 θυσάντη
622 3120 656 3177 τά
679 3141 709 3176 τε
733 3118 814 3176 δασέα
838 3141 882 3176 και
897 3121 978 3177 λάσια

201 3214 253 3269 τῶν
274 3208 381 3289 χωρίων
400 3231 446 3265 και
435 3208 594 3285 δρυμωνας
602 3230 648 3266 και
638 3207 847 3286 λόχμας,ιυ
792 3198 853 3265 δι’
833 3230 870 3264 ων
882 3206 978 3284 ἔμελλε

201 3293 370 3355 ποιεῖσθαι
342 3318 390 3365 την
403 3295 562 3372 πάροδον,’
537 3293 678 3373 ευρυτάραν
689 3317 718 3352 τε
733 3298 805 3374 αθτῳ
819 3319 865 3354 και
855 3294 979 3355 λειοτέ-
990 3360 993 3365 ,

202 3406 249 3463 ραν
268 3382 510 3451 κατασκευάζοντας
525 3382 573 3451 τὴν
597 3381 727 3441 διάβασιν.
744 3380 778 3461 (7)
790 3385 816 3442 Τ
817 3383 832 3442 θ
851 3383 901 3461 γάρ
921 3381 979 3461 ὄρος

202 3477 278 3531 τοῦτο
290 3476 305 3530 θ
318 3475 420 3549 Ταῦρος
430 3461 465 3535 εἷς
477 3470 525 3545 μὲν
535 3468 639 3546 λέγεται
650 3461 726 3543 εἶναι,
735 3473 790 3550 ἔχει
798 3471 882 3549 δέόρη
890 3471 978 3531 πολλὰ

201 3560 228 3616 ἐν
240 3560 325 3636 ἐαυτῷ
336 3555 499 3615 δυσδιάβατά
511 3580 539 3615 τε
551 3558 596 3615 καὶ
611 3556 791 3628 δυσδιεξίτητα
807 3560 852 3616 καί
863 3558 979 3641 κορυφάς

202 3650 353 3726 ὖπερνεφεῐς
371 3646 458 3704 τεκαὶ
473 3643 616 3715 ἠλιβάτους
630 3643 675 3702 καί
686 3643 786 3721 πάγους
799 3646 980 3726 θπερυψόλους

201 3735 247 3794 καλ
254 3733 403 3810 ἀποτόμους
409 3735 453 3792 καὶ
461 3733 599 3814 φάραγγας
606 3733 713 3812 βαθείας
721 3756 748 3791 τε
758 3732 804 3792 καλ
814 3734 955 3812 κρημνόιδε

202 3822 249 3882 καί
262 3822 404 3889 σκοπέλους
418 3823 464 3881 καί
473 3822 671 3901 δυσχωρίαςκαὶ
683 3823 785 3900 λόχμας
796 3822 842 3880 καλ
857 3823 978 3903 βάραθρα

204 3910 303 3981 ἀνάντη
324 3934 351 3968 τε
375 3910 420 3969 καί
445 3909 579 3987 κατάντη,
595 3910 710 3981 δυσάντη
730 3934 757 3967 τε
777 3912 823 3969 καὶ
842 3913 979 3991 προσάντη

202 3998 332 4069 πολλδ,δι
351 3990 437 4057 πάντα
454 3997 652 4069 θυακολωτάτην
665 4022 695 4057 τε
708 3998 754 4057 καὶ
768 4000 979 4079 δυσχερεστάτην

203 4084 248 4142 καὶ
259 4083 319 4141 λίαν
334 4084 456 4141 ἐπίπονόν
466 4108 495 4142 τε
514 4084 558 4141 καί
572 4085 716 4156 κινδυνώδη
728 4094 841 4144 ποιεῖται
856 4086 904 4155 τὴν
916 4086 979 4144 διά-

203 4171 292 4231 βασιν·
307 4173 340 4247 (ε)
353 4173 382 4229 τό
394 4171 421 4229 δέ
432 4170 464 4241 δὴ
478 4176 564 4247 μεῖζον
576 4172 615 4231 ὅτι
626 4173 672 4231 καὶ
684 4175 789 4232 πολλῶν
803 4177 909 4253 ἡμερῶν
923 4174 980 4242 ὁδός

202 4284 219 4331 η
236 4258 279 4318 οια
293 4264 344 4317 τῶν
359 4259 481 4318 τοιούτων
503 4285 531 4318 τε
556 4261 602 4320 καί
621 4267 753 4321 τοσούτων
779 4265 934 4368 δυσχερειῶν
950 4287 980 4323 τε

202 4350 246 4408 καὶ
261 4352 347 4406 ανοοιι
347 4372 369 4405 ιν
382 4349 514 4427 φέρουσα,
532 4349 563 4420 ἣν
578 4349 652 4424 μολις
667 4348 742 4425 άνδρ
732 4373 757 4414 ς
771 4373 875 4428 κουοως
894 4352 980 4408 ὡπλι-

202 4436 294 4512 σμένοι
307 4460 351 4495 και
341 4436 497 4503 εὐσταλεῖς
514 4461 559 4494 και
573 4436 642 4496 οὗτοί
654 4459 684 4513 γε
701 4435 772 4507 δὴ”
749 4460 793 4504 ςυν
807 4436 878 4517 πόνῳ
890 4440 980 4517 πολλῶ

632 254 834 318 CRITOBULI
854 253 1118 317 HISTORIARUM
1140 253 1214 317 ΗΒ.
1237 253 1285 326 IV,
1308 257 1374 313 Η.

1031 386 1149 446 διαβαῖεν
1163 384 1194 445 ἀν
1210 389 1237 446 ἐν
1251 383 1321 444 ἀκτάν
1334 384 1381 444 καί
1397 385 1460 443 δέκα
1475 392 1531 451 ταῖς
1545 383 1620 451 ὅλαις
1630 383 1774 461 ἡμέραις,
1789 386 1827 459 μέ
1885 404 1886 467 3

1031 473 1071 534 ότι
1089 497 1119 551 γε
1141 472 1254 550 ’στρατιὰ
1272 471 1387 541 τοσαύτη
1411 472 1510 543 ἱππική
1527 470 1618 530 τεκαὶ
1641 470 1746 539 πεζικά·Ι
1767 476 1827 545 μεθ’

1031 563 1120 623 ὅπλων
1135 585 1163 619 τε
1185 563 1280 640 βάρους
1300 560 1346 620 καί
1366 563 1514 631 ἀποσκευῆς
1535 560 1598 631 ὅσης
1622 558 1681 617 οὐδ’
1697 558 1731 616 διν
1756 560 1829 618 εἶπαι

1030 674 1085 723 τις,
1098 651 1137 709 ἔτι
1151 652 1179 709 δὲ
1193 648 1284 709 ίπποιν
1299 673 1329 709 τε
1344 649 1389 708 καί
1402 644 1551 726 ὑποζυγίων
1563 648 1610 707 καί
1623 648 1767 724 καμήλων
1784 650 1828 705 καί
1885 682 1886 749 3

1031 739 1147 814 ἡμιόνων
1162 738 1270 797 πάντων
1284 735 1506 849 ἀχθοφρρούντων
1513 738 1577 797 πολύ
1591 761 1620 795 τι
1635 740 1757 815 χρῆμα·
1769 738 1827 793 ἀλλ’

1030 827 1103 901 ὅμως
1114 833 1196 886 ταῦτα
1210 826 1299 885 πάντα
1315 848 1369 905 παρ
1371 825 1464 885 ὀθδέν
1478 824 1584 901 θέμενος
1597 829 1612 883 θ
1625 824 1764 904 βασιλευς
1775 826 1828 882 διε.
1885 828 1886 913 3

1032 914 1130 974 βαίνειν
1144 917 1278 995 ἐπειρᾶτο.
1292 914 1325 993 [ε]
1340 912 1510 982 Εκταζας
1484 936 1529 972 ουν
1543 916 1634 978 καλῶς
1648 911 1828 979 καιθπλίσιις
1885 924 1886 949 ³

1032 1013 1121 1063 πασαν
1143 1005 1191 1073 τλν
1212 1002 1338 1083 στρατιάν
1352 1001 1524 1075 διέβαινε,το
1543 1002 1591 1079 μέν
1614 1000 1701 1069 πεζσν
1722 1000 1825 1105 ἐμπρο-

1032 1098 1091 1150 σθεν
1107 1090 1202 1151 ἐπλ’
1172 1115 1254 1170 κερυις
1275 1114 1342 1170 εχυιν
1358 1091 1399 1148 ἀει
1417 1050 1658 1171 πορέυόμενον,τθι
1676 1110 1828 1165 uacuo-342

1031 1179 1055 1237 δ’
1065 1182 1092 1238 ἐν
1108 1185 1146 1263 τῷ
1159 1180 1248 1259 μέσῳ,
1263 1177 1310 1250 τὴν
1324 1179 1351 1237 δὲ
1363 1177 1443 1238 ἵππον
1458 1179 1564 1238 ὄπισθεν
1578 1176 1664 1245 τάξας
1680 1176 1730 1244 ξὺν
1746 1177 1826 1253 σίρα-

1035 1276 1090 1345 γοῐς
1103 1293 1132 1328 τε
1146 1268 1192 1326 καί
1208 1266 1421 1347 ὀπισθοφύλαξιν·
1439 1266 1514 1331 αθτδς
1529 1266 1605 1325 δὲτὸ
1619 1267 1708 1341 μέσον
1724 1266 1828 1341 ἐπέχειν

1031 1381 1077 1415 του
1061 1359 1169 1423 πεζοῦ
1186 1354 1229 1423 {bv
1245 1353 1342 1433 ὀλίγοις
1355 1354 1491 1430 ἱππόταις,
1506 1355 1569 1411 ὅταν
1585 1354 1637 1431 μέν
1652 1358 1684 1413 ἐν
1700 1354 1828 1412 στενοπό-

1034 1468 1084 1527 ροις
1107 1444 1252 1513 διέβαινεν,
1264 1444 1289 1509 ἐς
1309 1442 1352 1511 όξθ
1373 1444 1403 1501 τὸ
1423 1441 1453 1501 κέ
1456 1466 1502 1523 ρας
1522 1441 1794 1511 ξυνέστελλεν·ἔστ·.
1810 1442 1827 1497 τ’

1034 1536 1075 1593 ότε
1092 1558 1137 1593 και
1126 1531 1309 1606 μετωπηδον
1325 1528 1413 1589 ἐπι’
1383 1554 1466 1609 κερως
1479 1530 1588 1611 προῄει·
1608 1533 1661 1609 (ιο)
1679 1530 1773 1589 ότε“”
1747 1548 1764 1589 ο
1788 1534 1828 1588 εὗ-

1036 1622 1143 1702 ρυτέρας
1155 1622 1328 1700 ἐτύγχανε
1295 1644 1342 1691 της
1355 1620 1455 1693 διόδου,
1469 1619 1539 1678 κατὰ
1555 1620 1654 1700 μικρὸν
1671 1618 1828 1679 ἀνέπτυσσε

1034 1711 1065 1771 τδ
1090 1710 1168 1788 κέρας
1189 1712 1214 1777 ές
1238 1709 1361 1790 φάλαγγα
1388 1708 1444 1766 καλ
1462 1708 1530 1767 κατίι
1560 1710 1691 1785 μέτωπον
1720 1732 1786 1785 ηγεν
1804 1712 1828 1765 ἐν

1034 1798 1151 1878 πλαισίῳ
1159 1797 1251 1876 ,ἔχων
1267 1793 1559 1877 καλτοθςέξέκατέρου
1576 1798 1677 1876 μέρους
1691 1821 1769 1856 των
1760 1800 1829 1855 ·λε·

1036 1886 1100 1964 γίων
1123 1885 1239 1954 Ευντάξει
1257 1884 1396 1962 προϊόντας
1419 1886 1594 1959 μετωπηδὸν,
1606 1884 1722 1951 τοξότας
1736 1908 1765 1941 τε
1783 1885 1826 1941 καὶ

1034 1976 1160 2047 ὁπλίτας,
1174 1973 1233 2040 τοθς
1250 1971 1297 2051 μέν
1319 1971 1352 2032 τθ
1374 1972 1435 2041 τόξα
1456 1972 1498 2031 διδ
1512 1972 1603 2051 χειρὸς
1623 1971 1740 2051 ἔχοντες
1756 1973 1825 2029 ἐντε-

1037 2063 1160 2140 ταμμίνα
1181 2072 1238 2128 ταῖς
1261 2068 1362 2140 νευραῖς
1385 2060 1428 2128 ξὺν
1446 2064 1501 2127 τοῖς
1524 2060 1633 2140 βέλεσι,
1649 2060 1699 2119 καί
1720 2060 1825 2121 τούτοιτ

1034 2152 1145 2219 ἐναλλάξ
1160 2161 1213 2219 τοῖς
1235 2151 1352 2229 μέρεσιν,
1368 2150 1427 2215 τοὺς
1443 2150 1491 2224 μέν
1506 2153 1655 2229 άριστερῶς
1674 2149 1825 2229 βάλλοντας

1034 2240 1076 2297 ἐπὶ
1091 2238 1124 2297 τά
1139 2238 1224 2307 δεξιά,
1235 2236 1294 2303 τοὺς
1311 2236 1396 2305 δεξιῶς
1411 2236 1432 2293 δ’
1444 2236 1487 2295 ἐπὶ
1501 2235 1535 2294 τά
1552 2238 1695 2315 ἀριστερά,
1713 2235 1776 2303 τοὺς
1791 2238 1820 2296 δε

1035 2328 1143 2394 ὁπλίτας
1155 2326 1188 2386 τθι
1202 2326 1299 2405 δόρατα
1311 2326 1435 2405 φέροντας
1446 2324 1490 2383 ἐπὶ
1503 2329 1556 2383 τῶν
1570 2323 1647 2401 ὤμων
1656 2326 1703 2383 καί
1719 2325 1820 2401 περιά-

1034 2440 1127 2489 γοντας
1146 2417 1187 2474 ἀεὶ
1211 2415 1280 2473 ἔνθεν
1300 2416 1420 2471 κάκεῖθεν
1441 2412 1486 2471 καί
1512 2412 1663 2479 πάλλοντες.
1682 2410 1731 2492 [ιι]
1757 2412 1819 2471 Καὶ

1035 2505 1136 2583 ἡμέρας
1150 2502 1197 2579 μέν
1211 2501 1280 2561 οὕτω
1293 2500 1448 2580 ἐπορεύετο,
1462 2500 1596 2569 νυκτδςθέ
1611 2500 1819 2578 στρατοπεδευό-

1036 2616 1111 2671 μενος
1125 2592 1197 2671 πυρά
1217 2614 1244 2649 τε
1259 2590 1345 2649 πολλὰ
1359 2590 1432 2649 ἐκαιε
1446 2591 1498 2669 πρὸ
1513 2595 1558 2648 τοῦ
1573 2590 1753 2669 στρατοπέδου
1773 2613 1822 2665 μι-

1034 2679 1095 2759 κρὸν
1110 2678 1238 2758 ἀπωτέρω
1250 2678 1295 2736 καὶ
1307 2676 1425 2754 φυλακάς
1433 2667 1502 2756 εἶχεν
1512 2675 1623 2785 ἰσχυράς
1635 2679 1662 2734 ἐν
1673 2678 1768 2757 κύκλῳ
1778 2677 1822 2734 καὶ

1034 2767 1145 2833 σκοποὺς
1166 2763 1286 2875 συχνφθς
1309 2764 1474 2841 πανταχόθεν
1500 2765 1546 2823 καί
1570 2764 1758 2843 προδρόμους,
1780 2763 1822 2829 οδς

1034 2853 1139 2913 ἔταττεν
1161 2852 1298 2931 ἡμέρας
1285 2853 1311 2909 ἐν
1332 2851 1384 2917 τοῖς
1405 2850 1617 2930 ἐπικαιροτάτοις
1630 2855 1687 2909 τῶν
1704 2850 1817 2931 χωρίωτ,

1033 2942 1161 3001 πάντοθεν
1177 2938 1422 3049 ἀσφαλιζόμενος
1398 2960 1428 2996 το
1442 2939 1633 3018 στρατόπεδον.

1073 3030 1106 3088 V.
1130 3030 1178 3090 Ἐν
1191 3030 1289 3094 τούτοις
1304 3027 1331 3085 δὲ
1351 3026 1397 3085 καί
1411 3026 1545 3099 τιξυνέβη
1567 3028 1820 3107 παράλογον,δτερ

1035 3142 1063 3179 ον
1051 3120 1179 3197 μικρῶς
1191 3114 1332 3189 ἠνίασε
1302 3140 1345 3175 τον
1369 3138 1397 3173 τε
1418 3116 1529 3193 βασιλέα
1543 3116 1589 3177 καί
1615 3115 1679 3183 τους
1703 3120 1730 3174 ἐν
1755 3116 1821 3174 τέλει

1034 3206 1080 3264 καλ
1100 3214 1188 3263 πᾶσαν
1208 3205 1254 3278 τὴν
1279 3204 1415 3283 στρατιάν.
1435 3203 1546 3282 Ἐχθρὸς
1562 3204 1616 3284 γάρ
1630 3228 1672 3271 τις
1694 3204 1764 3282 ἀνὴρ
1777 3205 1819 3261 καὶ

1036 3293 1141 3361 δύσνους
1160 3293 1205 3352 καὶ
1219 3292 1365 3405 βάσκανος,
1380 3292 1489 3367 μηδενὸς
1500 3292 1566 3358 ὅλως
1578 3292 1650 3403 ἔχων
1666 3295 1818 3363 αίτίἰσθαι,

1035 3385 1136 3459 μᾶλλον
1161 3384 1209 3457 μὲν
1230 3372 1273 3439 ουν
1297 3380 1344 3440 καὶ
1368 3381 1547 3460 προσοφείλων
1570 3382 1705 3461 χάριτας,
1724 3381 1817 3439 ἶδίαδὲ

1036 3470 1135 3549 μόνον
1131 3470 1262 3528 βασκανία
1277 3492 1322 3526 και
1312 3462 1480 3547 κακουργία
1495 3468 1648 3544 κινούμενος
1637 3444 1818 3527 ἐπεβώλονε

1036 3558 1277 3667 Μαχουμφύτει”
1242 3581 1280 3634 τῳ
1299 3556 1396 3636 πασία.
1415 3555 1448 3634 (ι)
1468 3545 1693 3635 Δραξάμενος
1657 3580 1707 3614 ουν
1726 3557 1819 3627 ἐπιτη-

1035 3646 1104 3703 θείου
1119 3668 1183 3725 προς
1198 3645 1358 3725 κακουργίαν
1373 3648 1483 3722 καιροῦ,
1499 3667 1543 3703 και
1558 3644 1748 3723 θαρρησαςΓ
1713 3669 1747 3722 τη
1762 3666 1816 3700 τοτ-

1034 3734 1121 3813 χωρία
1143 3735 1189 3792 καὶ
1214 3734 1323 3799 ἐλπίσας
1337 3734 1484 3804 διαλαθεῖν,
1498 3733 1583 3813 λάθρα
1596 3756 1626 3791 τε
1641 3733 1691 3791 καί
1711 3734 1817 3809 μηδενὸς

1034 3822 1132 3889 εἰδότος
1146 3822 1162 3892 ἢ
1177 3821 1345 3902 ὑφορωμένου
1370 3821 1399 3881 τθ
1425 3820 1544 3896 ξύνολον,
1561 3820 1678 3888 ἐντείνας
1701 3824 1732 3879 τὸ
1749 3822 1817 3888 τόξον

1038 3909 1113 3988 βέλος
1139 3911 1231 3990 ἀφίησι
1252 3914 1313 3969 κατ’
1328 3912 1426 3982 αὐτοῦ,
1444 3910 1490 3969 καλ
1511 3909 1637 3990 τυγχάνει
1662 3910 1716 3986 μὲν
1740 3912 1817 3969 αύτοῦ

1035 3998 1105 4055 κατθι
1119 4002 1164 4054 τοῦ
1180 3998 1320 4072 μετώπου,
1338 4003 1368 4060 ολ
1384 3998 1436 4075 μήν
1451 4022 1482 4075 γε
1498 3997 1603 4076 καιρίαν
1619 3998 1684 4075 ἔσχε
1708 3998 1816 4069 πλῆξαι,

1037 4083 1170 4165 ξυγχυθείς
1192 4108 1222 4143 τε
1242 4085 1286 4144 τδν
1307 4087 1432 4165 λογισμὸν
1455 4089 1494 4165 τῷ
1513 4084 1656 4164 παραλόγῳ
1675 4092 1725 4143 τοῦ
1742 4088 1815 4163 ἔργου

1034 4173 1079 4231 καί
1095 4173 1141 4239 τὰς
1154 4176 1245 4253 χεῖρας
1260 4176 1374 4242 ἐκλυθεὶς
1397 4179 1430 4254 τῇ
1445 4172 1583 4252 ζυγχύσει·
1599 4173 1690 4239 ἄλλως
1708 4176 1737 4235 δὲ
1757 4174 1816 4252 πρα

1030 4260 1145 4325 Ιθάνατον
1161 4261 1193 4319 διν
1205 4254 1237 4333 ἦν
1252 4268 1269 4334 ἡ
1285 4262 1385 4341 πληγή.
1401 4263 1437 4340 (ι)
1449 4261 1573 4339 Θορύβου
1589 4261 1616 4321 δέ
1635 4264 1814 4326 καταστάντος

1036 4351 1079 4411 ἐπλ
1091 4353 1175 4431 τούτῳ
1193 4353 1334 4429 μεγίστου,
1350 4353 1395 4412 καὶ
1411 4358 1457 4411 τοῦ
1471 4374 1500 4407 τε
1516 4351 1646 4430 βασιλέως
1661 4352 1709 4409 καὶ
1725 4356 1777 4408 τῶν
1791 4353 1814 4407 ἐν

1035 4440 1105 4499 τέλει
1124 4442 1170 4500 καὶ
1183 4439 1215 4510 δὴ
1230 4440 1275 4500 καὶ
1286 4446 1333 4511 τῆς
1345 4450 1468 4519 στρατιᾶς
1481 4439 1585 4512 ἁπάσης
1597 4438 1781 4518 ξυγχυθέντων
1791 4441 1814 4495 α]

204 4657 286 4710 διαβὰς
300 4656 339 4703 τόν
350 4654 446 4703 Φάσιδα
460 4655 539 4718 χώρας
551 4656 591 4710 τὰς
605 4656 646 4716 μὲν
658 4657 719 4714 ελλε,
733 4658 774 4712 τὰς
786 4658 811 4705 δὲ
821 4658 966 4721 παρέθραμε,
975 4660 1016 4707 καὶ
1031 4660 1061 4708 τά
1076 4661 1201 4709 Καυκάσια
1221 4660 1263 4723 ὄρη
1279 4660 1337 4721 μετὰ
1355 4659 1442 4706 πολλοῦ
1460 4656 1537 4706 κόπον
1553 4659 1594 4706 καὶ
1608 4663 1650 4713 τῆς
1668 4659 1812 4718 ὑστερήσεως

203 4731 250 4775 τῶν
263 4724 397 4787 ἀναγκαίων
410 4724 498 4779 ἀναβάς
511 4726 624 4784 κατῆλθεν
636 4726 658 4782 ἐς
670 4728 789 4790 Koa-706„
799 4731 839 4777 καὶ
852 4728 880 4785 δὴ
895 4729 918 4780 ἐς
931 4731 1097 4790 Τραπεζοῦντα
1109 4729 1209 4778 ἀνελθὼν
1221 4731 1272 4777 κτλ.
1284 4728 1381 4785 Quibus
1393 4724 1512 4787 fingendis
1523 4739 1610 4775 ansam
1622 4726 1739 4776 {orlassis
1749 4726 1812 4775 dedit

204 4796 290 4845 Phasis
303 4795 343 4845 ille
354 4794 538 4858 (Passa-sou),
552 4795 595 4857 qui
611 4809 675 4860 pone
692 4800 831 4847 Εντοτουιιι
844 4797 868 4845 λιι
881 4801 987 4846 Araxem
1000 4797 1089 4848 influit.
1105 4800 1115 4861 Ι]
1131 4824 1161 4833 -

1179 4797 1335 4862 Ἀλέξανδρον]
1354 4802 1416 4847 sane
1428 4799 1538 4845 Taurum
1549 4796 1692 4845 Alexander
1707 4796 1811 4857 trajecit,

204 4867 231 4915 at
244 4878 292 4937 ιιοιι
305 4866 389 4927 ἰθυιιι,
401 4865 433 4915 de
449 4879 498 4927 quo
512 4866 653 4916 critobulus
664 4867 781 4929 loquitur.
798 4868 809 4932 Ι]
824 4868 880 4930 -§
895 4872 917 4917 3.
933 4867 1037 4931 χρόνοις]
1050 4868 1108 4919 add.
1118 4882 1211 4934 margo(
1225 4868 1236 4933 Ι]
1246 4896 1279 4905 -
1289 4867 1394 4931 Τόμιρις]
1406 4866 1423 4917 i.
1438 4879 1461 4917 ο,
1475 4866 1569 4916 Τλιιιιιι.
1580 4866 1614 4916 ελ.
1626 4866 1669 4917 lib.
1684 4873 1708 4927 1,
1727 4872 1764 4925 ια,
1779 4874 1809 4915 ιο.

206 4936 217 4997 ]
232 4958 264 4972 -
278 4939 293 4998 s
308 4940 331 4984 6.
345 4936 471 4999 λειοτέραν]
482 4936 518 4985 sic
529 4949 630 5001 margo,
640 4938 809 5003 εὐμαρεστέραν
820 4940 882 4987 text.
896 4937 948 5001 ΙΙ-
960 4939 974 5002 §
988 4942 1011 4989 7.
1024 4942 1064 4989 καὶ
1081 4941 1193 5004 βάραθρα]
1209 4953 1283 5003 supra
1301 4952 1399 4989 versum
1416 4938 1540 5001 adscripta
1556 4940 1625 4988 sunt.
1640 4938 1651 5000 Ι]
1665 4964 1697 4975 -
1712 4938 1761 5000 §3.
1776 4940 1810 4994 ενι

204 5004 281 5069 πόνῳ]
293 5007 407 5069 συμπόνιρ
419 5006 475 5057 cod.
493 5008 504 5071 Ι]
517 5034 550 5045 -
558 5008 654 5073 βάρους]
667 5008 763 5073 βάρρους
778 5009 833 5059 cod.

235 5078 265 5125 V.
279 5075 293 5140 §
309 5081 329 5126 ι.
344 5077 423 5141 μόνον]
433 5078 490 5129 ειλιλ.
502 5092 593 5143 margo.
607 5079 617 5143 ]]
628 5107 660 5117 -
671 5079 771 5145 καιρίαν]
787 5081 884 5146 καιρίως
896 5095 971 5146 συρτει
984 5095 1083 5132 versum
1097 5080 1256 5147 adscriptum.
1270 5078 1281 5145 1]
1291 5104 1324 5116 -
1334 5078 1356 5143 §.
1369 5082 1382 5129 3
1395 5085 1434 5139 της
1449 5078 1546 5143 τόλμης]
1560 5092 1641 5144 supra
1652 5092 1754 5129 versum
1769 5079 1807 5129 ad·
