<?xml version="1.0" encoding="UTF-8"?>
<!DOCTYPE html PUBLIC "-//W3C//DTD XHTML 1.0 Transitional//EN"
    "http://www.w3.org/TR/xhtml1/DTD/xhtml1-transitional.dtd">
<html xmlns="http://www.w3.org/1999/xhtml" xml:lang="en" lang="en">
 <head>
  <title>
</title>
<meta http-equiv="Content-Type" content="text/html;charset=utf-8" />
  <meta name='ocr-system' content='tesseract 3.04.00' />
  <meta name='ocr-capabilities' content='ocr_page ocr_carea ocr_par ocr_line ocrx_word'/>
</head>
<body>
  <div class='ocr_page' id='page_1' title='image "./fragmentahistor01langgoog/fragmentahistor01langgoog_0215.png"; bbox 0 0 3809 5859; ppageno 0'>
   <div class='ocr_carea' id='block_1_1' title="bbox 554 335 1241 443">
    <p class='ocr_par' dir='ltr' id='par_1_1' title="bbox 554 335 1241 443">
     <span class='ocr_line' id='line_1_1' title="bbox 554 335 1241 443; baseline 0.022 -14"><span class='ocrx_word' id='word_1_1' title='bbox 554 369 732 433; x_wconf 79' lang='lat' dir='ltr'><strong>msroina</strong></span> <span class='ocrx_word' id='word_1_2' title='bbox 757 376 810 435; x_wconf 88' lang='lat' dir='ltr'><strong>on</strong></span> <span class='ocrx_word' id='word_1_3' title='bbox 830 335 958 440; x_wconf 79' lang='lat' dir='ltr'><strong>aeona</strong></span> <span class='ocrx_word' id='word_1_4' title='bbox 979 381 1030 441; x_wconf 80' lang='lat' dir='ltr'><strong>aa</strong></span> <span class='ocrx_word' id='word_1_5' title='bbox 1051 383 1241 443; x_wconf 76' lang='lat' dir='ltr'><strong>statuam.</strong></span> 
     </span>
    </p>
   </div>
   <div class='ocr_carea' id='block_1_2' title="bbox 88 500 875 1809">
    <p class='ocr_par' dir='ltr' id='par_1_2' title="bbox 89 500 875 732">
     <span class='ocr_line' id='line_1_2' title="bbox 89 500 875 580; baseline 0.017 -26"><span class='ocrx_word' id='word_1_6' title='bbox 89 500 273 555; x_wconf 87' lang='lat' dir='ltr'><strong>entamerles</strong></span> <span class='ocrx_word' id='word_1_7' title='bbox 283 501 436 558; x_wconf 88' lang='lat' dir='ltr'><strong>murailles.</strong></span> <span class='ocrx_word' id='word_1_8' title='bbox 454 501 580 556; x_wconf 80' lang='lat' dir='ltr'><strong>Aussitdt</strong></span> <span class='ocrx_word' id='word_1_9' title='bbox 590 503 630 562; x_wconf 89' lang='lat' dir='ltr'><strong>les</strong></span> <span class='ocrx_word' id='word_1_10' title='bbox 644 507 757 580; x_wconf 84' lang='lat' dir='ltr'>princes</span> <span class='ocrx_word' id='word_1_11' title='bbox 772 527 875 566; x_wconf 89' lang='lat' dir='ltr'><strong>accou-</strong></span> 
     </span>
     <span class='ocr_line' id='line_1_3' title="bbox 89 585 875 667; baseline 0.011 -24"><span class='ocrx_word' id='word_1_12' title='bbox 89 598 195 644; x_wconf 90' lang='lat' dir='ltr'><strong>rurent</strong></span> <span class='ocrx_word' id='word_1_13' title='bbox 211 598 239 643; x_wconf 91' lang='lat' dir='ltr'><strong>et</strong></span> <span class='ocrx_word' id='word_1_14' title='bbox 253 585 339 642; x_wconf 89' lang='lat' dir='ltr'><strong>fircnt</strong></span> <span class='ocrx_word' id='word_1_15' title='bbox 354 598 422 660; x_wconf 88' lang='lat' dir='ltr'><strong>part</strong></span> <span class='ocrx_word' id='word_1_16' title='bbox 446 587 495 643; x_wconf 91' lang='lat' dir='ltr'><strong>des</strong></span> <span class='ocrx_word' id='word_1_17' title='bbox 515 590 651 646; x_wconf 87' lang='lat' dir='ltr'><strong>obstacles</strong></span> <span class='ocrx_word' id='word_1_18' title='bbox 665 593 747 667; x_wconf 88' lang='lat' dir='ltr'><strong>qu&#39;ils</strong></span> <span class='ocrx_word' id='word_1_19' title='bbox 764 600 875 655; x_wconf 83' lang='lat' dir='ltr'>avaient</span> 
     </span>
     <span class='ocr_line' id='line_1_4' title="bbox 91 677 275 732; baseline 0.005 -1"><span class='ocrx_word' id='word_1_20' title='bbox 91 677 275 732; x_wconf 77' lang='lat' dir='ltr'><strong>rencontris.</strong></span> 
     </span>
    </p>

    <p class='ocr_par' dir='ltr' id='par_1_3' title="bbox 88 759 875 1809">
     <span class='ocr_line' id='line_1_5' title="bbox 135 759 875 842; baseline 0.014 -25"><span class='ocrx_word' id='word_1_21' title='bbox 135 759 164 842; x_wconf 84' lang='lat'><strong>[§</strong></span> <span class='ocrx_word' id='word_1_22' title='bbox 183 759 265 838; x_wconf 68' lang='lat' dir='ltr'><strong>ma]</strong></span> <span class='ocrx_word' id='word_1_23' title='bbox 269 802 331 818; x_wconf 91' lang='grc'><strong>.....</strong></span> <span class='ocrx_word' id='word_1_24' title='bbox 340 761 389 817; x_wconf 88' lang='lat' dir='ltr'><strong>Un</strong></span> <span class='ocrx_word' id='word_1_25' title='bbox 399 771 466 816; x_wconf 86' lang='lat' dir='ltr'><strong>vent</strong></span> <span class='ocrx_word' id='word_1_26' title='bbox 481 762 589 818; x_wconf 86' lang='lat' dir='ltr'><strong>violent</strong></span> <span class='ocrx_word' id='word_1_27' title='bbox 598 763 701 822; x_wconf 77' lang='lat' dir='ltr'><strong>s’eleva</strong></span> <span class='ocrx_word' id='word_1_28' title='bbox 711 767 823 825; x_wconf 81' lang='lat' dir='ltr'><strong>bientdt</strong></span> <span class='ocrx_word' id='word_1_29' title='bbox 836 771 875 826; x_wconf 91' lang='lat' dir='ltr'><strong>dn</strong></span> 
     </span>
     <span class='ocr_line' id='line_1_6' title="bbox 88 850 875 930; baseline 0.01 -24"><span class='ocrx_word' id='word_1_30' title='bbox 88 852 156 908; x_wconf 90' lang='lat' dir='ltr'><strong>bois</strong></span> <span class='ocrx_word' id='word_1_31' title='bbox 171 851 205 908; x_wconf 89' lang='lat' dir='ltr'><strong>de</strong></span> <span class='ocrx_word' id='word_1_32' title='bbox 222 852 249 905; x_wconf 86' lang='lat' dir='ltr'><strong>la</strong></span> <span class='ocrx_word' id='word_1_33' title='bbox 265 850 346 904; x_wconf 81' lang='lat' dir='ltr'>croix</span> <span class='ocrx_word' id='word_1_34' title='bbox 360 867 416 922; x_wconf 90' lang='lat' dir='ltr'><strong>que</strong></span> <span class='ocrx_word' id='word_1_35' title='bbox 430 851 457 905; x_wconf 92' lang='lat' dir='ltr'><strong>le</strong></span> <span class='ocrx_word' id='word_1_36' title='bbox 470 851 543 906; x_wconf 87' lang='lat' dir='ltr'><strong>saint</strong></span> <span class='ocrx_word' id='word_1_37' title='bbox 562 854 674 926; x_wconf 85' lang='lat' dir='ltr'><strong>pontise</strong></span> <span class='ocrx_word' id='word_1_38' title='bbox 694 858 804 930; x_wconf 88' lang='lat' dir='ltr'><strong>portait</strong></span> <span class='ocrx_word' id='word_1_39' title='bbox 817 859 833 914; x_wconf 80' lang='lat' dir='ltr'><strong>ri</strong></span> <span class='ocrx_word' id='word_1_40' title='bbox 848 861 875 914; x_wconf 92' lang='lat' dir='ltr'><strong>la</strong></span> 
     </span>
     <span class='ocr_line' id='line_1_7' title="bbox 89 935 873 1020; baseline 0.011 -26"><span class='ocrx_word' id='word_1_41' title='bbox 89 941 181 996; x_wconf 90' lang='lat' dir='ltr'><strong>main.</strong></span> <span class='ocrx_word' id='word_1_42' title='bbox 196 941 237 996; x_wconf 92' lang='lat' dir='ltr'><strong>Le</strong></span> <span class='ocrx_word' id='word_1_43' title='bbox 257 946 326 993; x_wconf 79' lang='lat' dir='ltr'><strong>rent</strong></span> <span class='ocrx_word' id='word_1_44' title='bbox 348 935 447 993; x_wconf 87' lang='lat' dir='ltr'><strong>souffla</strong></span> <span class='ocrx_word' id='word_1_45' title='bbox 467 936 635 1010; x_wconf 82' lang='lat' dir='ltr'><strong>fortemcnt,</strong></span> <span class='ocrx_word' id='word_1_46' title='bbox 648 945 720 998; x_wconf 89' lang='lat' dir='ltr'><strong>aussi</strong></span> <span class='ocrx_word' id='word_1_47' title='bbox 733 945 802 1001; x_wconf 89' lang='lat' dir='ltr'><strong>haut</strong></span> <span class='ocrx_word' id='word_1_48' title='bbox 817 967 873 1020; x_wconf 92' lang='lat' dir='ltr'><strong>que</strong></span> 
     </span>
     <span class='ocr_line' id='line_1_8' title="bbox 88 1025 875 1106; baseline 0.009 -24"><span class='ocrx_word' id='word_1_49' title='bbox 88 1029 119 1083; x_wconf 87' lang='lat' dir='ltr'><strong>la</strong></span> <span class='ocrx_word' id='word_1_50' title='bbox 144 1029 218 1082; x_wconf 84' lang='lat' dir='ltr'><strong>cirne</strong></span> <span class='ocrx_word' id='word_1_51' title='bbox 240 1025 276 1081; x_wconf 91' lang='lat' dir='ltr'><strong>de</strong></span> <span class='ocrx_word' id='word_1_52' title='bbox 300 1026 329 1080; x_wconf 91' lang='lat' dir='ltr'><strong>la</strong></span> <span class='ocrx_word' id='word_1_53' title='bbox 349 1036 519 1100; x_wconf 82' lang='lat' dir='ltr'><strong>montagnc3</strong></span> <span class='ocrx_word' id='word_1_54' title='bbox 534 1037 562 1082; x_wconf 90' lang='lat' dir='ltr'><strong>et</strong></span> <span class='ocrx_word' id='word_1_55' title='bbox 572 1069 580 1097; x_wconf 89' lang='lat'>‚</span> <span class='ocrx_word' id='word_1_56' title='bbox 597 1047 615 1101; x_wconf 81' lang='lat' dir='ltr'>y</span> <span class='ocrx_word' id='word_1_57' title='bbox 631 1030 709 1085; x_wconf 74' lang='lat' dir='ltr'><strong>etant</strong></span> <span class='ocrx_word' id='word_1_58' title='bbox 728 1033 837 1106; x_wconf 75' lang='lat' dir='ltr'><strong>accire,</strong></span> <span class='ocrx_word' id='word_1_59' title='bbox 854 1035 875 1089; x_wconf 89' lang='lat' dir='ltr'><strong>il</strong></span> 
     </span>
     <span class='ocr_line' id='line_1_9' title="bbox 90 1113 874 1184; baseline 0.008 -14"><span class='ocrx_word' id='word_1_60' title='bbox 90 1116 210 1184; x_wconf 88' lang='lat' dir='ltr'><strong>abattit,</strong></span> <span class='ocrx_word' id='word_1_61' title='bbox 232 1131 366 1169; x_wconf 81' lang='lat' dir='ltr'><strong>cenversa</strong></span> <span class='ocrx_word' id='word_1_62' title='bbox 389 1123 417 1168; x_wconf 90' lang='lat' dir='ltr'><strong>ct</strong></span> <span class='ocrx_word' id='word_1_63' title='bbox 440 1113 572 1170; x_wconf 76' lang='lat' dir='ltr'><strong>deracina</strong></span> <span class='ocrx_word' id='word_1_64' title='bbox 597 1127 661 1172; x_wconf 91' lang='lat' dir='ltr'><strong>tout</strong></span> <span class='ocrx_word' id='word_1_65' title='bbox 682 1116 803 1175; x_wconf 76' lang='lat' dir='ltr'><strong>l&#39;edifice</strong></span> <span class='ocrx_word' id='word_1_66' title='bbox 826 1121 874 1178; x_wconf 89' lang='lat' dir='ltr'><strong>des</strong></span> 
     </span>
     <span class='ocr_line' id='line_1_10' title="bbox 92 1200 873 1280; baseline 0.013 -24"><span class='ocrx_word' id='word_1_67' title='bbox 92 1205 185 1259; x_wconf 89' lang='lat' dir='ltr'><strong>autels</strong></span> <span class='ocrx_word' id='word_1_68' title='bbox 210 1203 259 1258; x_wconf 80' lang='lat' dir='ltr'><strong>des</strong></span> <span class='ocrx_word' id='word_1_69' title='bbox 283 1201 388 1276; x_wconf 76' lang='lat' dir='ltr'><strong>idoles,</strong></span> <span class='ocrx_word' id='word_1_70' title='bbox 415 1213 443 1257; x_wconf 92' lang='lat' dir='ltr'><strong>et</strong></span> <span class='ocrx_word' id='word_1_71' title='bbox 466 1203 492 1257; x_wconf 92' lang='lat' dir='ltr'><strong>le</strong></span> <span class='ocrx_word' id='word_1_72' title='bbox 516 1200 548 1255; x_wconf 84' lang='lat' dir='ltr'><strong>stt</strong></span> <span class='ocrx_word' id='word_1_73' title='bbox 571 1205 593 1258; x_wconf 90' lang='lat' dir='ltr'><strong>si</strong></span> <span class='ocrx_word' id='word_1_74' title='bbox 616 1205 684 1260; x_wconf 87' lang='lat' dir='ltr'>bien</span> <span class='ocrx_word' id='word_1_75' title='bbox 707 1206 873 1280; x_wconf 86' lang='lat' dir='ltr'><strong>disparaitre</strong></span> 
     </span>
     <span class='ocr_line' id='line_1_11' title="bbox 92 1289 873 1365; baseline 0.008 -21"><span class='ocrx_word' id='word_1_76' title='bbox 92 1291 185 1364; x_wconf 87' lang='lat' dir='ltr'><strong>qu&#39;on</strong></span> <span class='ocrx_word' id='word_1_77' title='bbox 194 1289 344 1364; x_wconf 74' lang='lat' dir='ltr'><strong>n&#39;apercut</strong></span> <span class='ocrx_word' id='word_1_78' title='bbox 356 1291 464 1345; x_wconf 83' lang='lat' dir='ltr'><strong>ensuite</strong></span> <span class='ocrx_word' id='word_1_79' title='bbox 470 1290 534 1365; x_wconf 86' lang='lat' dir='ltr'><strong>plus</strong></span> <span class='ocrx_word' id='word_1_80' title='bbox 543 1291 605 1346; x_wconf 89' lang='lat' dir='ltr'><strong>rien</strong></span> <span class='ocrx_word' id='word_1_81' title='bbox 616 1292 687 1348; x_wconf 87' lang='lat' dir='ltr'><strong>dans</strong></span> <span class='ocrx_word' id='word_1_82' title='bbox 696 1303 741 1348; x_wconf 90' lang='lat' dir='ltr'><strong>cet</strong></span> <span class='ocrx_word' id='word_1_83' title='bbox 750 1295 873 1364; x_wconf 80' lang='lat' dir='ltr'>endroit,</span> 
     </span>
     <span class='ocr_line' id='line_1_12' title="bbox 89 1378 873 1456; baseline 0.008 -24"><span class='ocrx_word' id='word_1_84' title='bbox 89 1381 121 1433; x_wconf 90' lang='lat' dir='ltr'><strong>ni</strong></span> <span class='ocrx_word' id='word_1_85' title='bbox 146 1398 166 1452; x_wconf 91' lang='lat' dir='ltr'>p</span> <span class='ocrx_word' id='word_1_86' title='bbox 186 1398 264 1447; x_wconf 87' lang='lat' dir='ltr'><strong>erre,</strong></span> <span class='ocrx_word' id='word_1_87' title='bbox 279 1379 309 1432; x_wconf 91' lang='lat' dir='ltr'><strong>ni</strong></span> <span class='ocrx_word' id='word_1_88' title='bbox 329 1378 407 1449; x_wconf 91' lang='lat' dir='ltr'><strong>bois,</strong></span> <span class='ocrx_word' id='word_1_89' title='bbox 423 1379 454 1433; x_wconf 86' lang='lat' dir='ltr'><strong>ni</strong></span> <span class='ocrx_word' id='word_1_90' title='bbox 477 1390 593 1452; x_wconf 78' lang='lat' dir='ltr'><strong>argent3</strong></span> <span class='ocrx_word' id='word_1_91' title='bbox 610 1381 630 1434; x_wconf 89' lang='lat' dir='ltr'><strong>il</strong></span> <span class='ocrx_word' id='word_1_92' title='bbox 644 1382 782 1444; x_wconf 85' lang='lat' dir='ltr'><strong>¹semblait</strong></span> <span class='ocrx_word' id='word_1_93' title='bbox 804 1384 873 1456; x_wconf 88' lang='lat' dir='ltr'><strong>qu’il</strong></span> 
     </span>
     <span class='ocr_line' id='line_1_13' title="bbox 89 1466 873 1546; baseline 0.008 -24"><span class='ocrx_word' id='word_1_94' title='bbox 89 1469 141 1540; x_wconf 91' lang='lat' dir='ltr'><strong>n&#39;y</strong></span> <span class='ocrx_word' id='word_1_95' title='bbox 154 1469 231 1523; x_wconf 86' lang='lat' dir='ltr'><strong>avait</strong></span> <span class='ocrx_word' id='word_1_96' title='bbox 243 1466 345 1542; x_wconf 89' lang='lat' dir='ltr'><strong>jamais</strong></span> <span class='ocrx_word' id='word_1_97' title='bbox 364 1484 400 1522; x_wconf 91' lang='lat' dir='ltr'><strong>eu</strong></span> <span class='ocrx_word' id='word_1_98' title='bbox 413 1467 440 1522; x_wconf 78' lang='lat' dir='ltr'><strong>la</strong></span> <span class='ocrx_word' id='word_1_99' title='bbox 453 1467 489 1522; x_wconf 91' lang='lat' dir='ltr'><strong>de</strong></span> <span class='ocrx_word' id='word_1_100' title='bbox 502 1471 720 1528; x_wconf 75' lang='lat' dir='ltr'><strong>constructione.</strong></span> <span class='ocrx_word' id='word_1_101' title='bbox 735 1472 811 1528; x_wconf 87' lang='lat' dir='ltr'><strong>Ceux</strong></span> <span class='ocrx_word' id='word_1_102' title='bbox 822 1475 873 1546; x_wconf 91' lang='lat' dir='ltr'><strong>qui</strong></span> 
     </span>
     <span class='ocr_line' id='line_1_14' title="bbox 89 1553 871 1634; baseline 0.005 -24"><span class='ocrx_word' id='word_1_103' title='bbox 89 1556 134 1629; x_wconf 87' lang='lat' dir='ltr'><strong>s&#39;y</strong></span> <span class='ocrx_word' id='word_1_104' title='bbox 156 1556 317 1610; x_wconf 87' lang='lat' dir='ltr'><strong>trouvaicnt</strong></span> <span class='ocrx_word' id='word_1_105' title='bbox 346 1553 514 1625; x_wconf 76' lang='lat' dir='ltr'><strong>renfermes,</strong></span> <span class='ocrx_word' id='word_1_106' title='bbox 540 1557 580 1612; x_wconf 90' lang='lat' dir='ltr'><strong>les</strong></span> <span class='ocrx_word' id='word_1_107' title='bbox 603 1558 743 1614; x_wconf 78' lang='lat' dir='ltr'><strong>ministres</strong></span> <span class='ocrx_word' id='word_1_108' title='bbox 773 1566 871 1634; x_wconf 85' lang='lat' dir='ltr'><strong>paiens</strong></span> 
     </span>
     <span class='ocr_line' id='line_1_15' title="bbox 90 1641 872 1713; baseline 0.009 -17"><span class='ocrx_word' id='word_1_109' title='bbox 90 1654 121 1696; x_wconf 92' lang='lat' dir='ltr'><strong>ct</strong></span> <span class='ocrx_word' id='word_1_110' title='bbox 140 1643 216 1697; x_wconf 90' lang='lat' dir='ltr'><strong>leurs</strong></span> <span class='ocrx_word' id='word_1_111' title='bbox 227 1643 357 1698; x_wconf 82' lang='lat' dir='ltr'><strong>sectaires</strong></span> <span class='ocrx_word' id='word_1_112' title='bbox 370 1641 464 1697; x_wconf 82' lang='lat' dir='ltr'><strong>iurent</strong></span> <span class='ocrx_word' id='word_1_113' title='bbox 478 1644 616 1713; x_wconf 78' lang='lat' dir='ltr'><strong>aneantis;</strong></span> <span class='ocrx_word' id='word_1_114' title='bbox 629 1645 705 1700; x_wconf 86' lang='lat' dir='ltr'><strong>leurs</strong></span> <span class='ocrx_word' id='word_1_115' title='bbox 721 1659 872 1703; x_wconf 89' lang='lat' dir='ltr'><strong>ossements</strong></span> 
     </span>
     <span class='ocr_line' id='line_1_16' title="bbox 90 1727 534 1809; baseline 0.009 -26"><span class='ocrx_word' id='word_1_116' title='bbox 90 1731 391 1804; x_wconf 76' lang='lat' dir='ltr'><strong>mdmesdisparurent</strong></span> <span class='ocrx_word' id='word_1_117' title='bbox 394 1773 465 1788; x_wconf 86' lang='grc'><strong>......</strong></span> <span class='ocrx_word' id='word_1_118' title='bbox 483 1727 534 1809; x_wconf 84' lang='lat'><em>(1).</em></span> 
     </span>
    </p>
   </div>
   <div class='ocr_carea' id='block_1_3' title="bbox 88 1883 871 2232">
    <p class='ocr_par' dir='ltr' id='par_1_4' title="bbox 88 1883 871 2232">
     <span class='ocr_line' id='line_1_17' title="bbox 123 1883 871 1956; baseline 0.011 -22"><span class='ocrx_word' id='word_1_119' title='bbox 123 1886 157 1950; x_wconf 87' lang='grc' dir='ltr'><strong>(Ι)</strong></span> <span class='ocrx_word' id='word_1_120' title='bbox 171 1886 210 1935; x_wconf 86' lang='lat' dir='ltr'><strong>cl.</strong></span> <span class='ocrx_word' id='word_1_121' title='bbox 220 1886 250 1956; x_wconf 36' lang='lat' dir='ltr'><strong>,le</strong></span> <span class='ocrx_word' id='word_1_122' title='bbox 271 1885 333 1936; x_wconf 79' lang='lat' dir='ltr'><strong>rtcit</strong></span> <span class='ocrx_word' id='word_1_123' title='bbox 352 1885 450 1936; x_wconf 82' lang='lat' dir='ltr'><strong>detaille</strong></span> <span class='ocrx_word' id='word_1_124' title='bbox 470 1886 502 1936; x_wconf 90' lang='lat' dir='ltr'><strong>de</strong></span> <span class='ocrx_word' id='word_1_125' title='bbox 519 1886 544 1936; x_wconf 89' lang='lat' dir='ltr'><strong>la</strong></span> <span class='ocrx_word' id='word_1_126' title='bbox 561 1887 627 1950; x_wconf 86' lang='lat' dir='ltr'><strong>prise</strong></span> <span class='ocrx_word' id='word_1_127' title='bbox 638 1883 670 1939; x_wconf 90' lang='lat' dir='ltr'><strong>de</strong></span> <span class='ocrx_word' id='word_1_128' title='bbox 683 1891 823 1952; x_wconf 81' lang='lat' dir='ltr'><strong>possession</strong></span> <span class='ocrx_word' id='word_1_129' title='bbox 840 1891 871 1942; x_wconf 87' lang='lat' dir='ltr'><strong>de</strong></span> 
     </span>
     <span class='ocr_line' id='line_1_18' title="bbox 89 1956 870 2022; baseline 0.009 -16"><span class='ocrx_word' id='word_1_130' title='bbox 89 1960 157 2007; x_wconf 88' lang='lat' dir='ltr'><strong>cette</strong></span> <span class='ocrx_word' id='word_1_131' title='bbox 178 1957 276 2006; x_wconf 80' lang='lat' dir='ltr'><strong>localite</strong></span> <span class='ocrx_word' id='word_1_132' title='bbox 290 1956 387 2022; x_wconf 80' lang='lat' dir='ltr'><strong>appeiee</strong></span> <span class='ocrx_word' id='word_1_133' title='bbox 408 1957 516 2019; x_wconf 80' lang='lat' dir='ltr'><strong>Kieane,</strong></span> <span class='ocrx_word' id='word_1_134' title='bbox 531 1971 575 2007; x_wconf 89' lang='lat' dir='ltr'><strong>sur</strong></span> <span class='ocrx_word' id='word_1_135' title='bbox 592 1959 616 2008; x_wconf 92' lang='lat' dir='ltr'><strong>lc</strong></span> <span class='ocrx_word' id='word_1_136' title='bbox 631 1961 753 2011; x_wconf 87' lang='lat' dir='ltr'><strong>territoire</strong></span> <span class='ocrx_word' id='word_1_137' title='bbox 771 1962 802 2012; x_wconf 89' lang='lat' dir='ltr'><strong>de</strong></span> <span class='ocrx_word' id='word_1_138' title='bbox 825 1965 870 2013; x_wconf 88' lang='lat' dir='ltr'><strong>Ba·</strong></span> 
     </span>
     <span class='ocr_line' id='line_1_19' title="bbox 88 2027 871 2092; baseline 0.01 -16"><span class='ocrx_word' id='word_1_139' title='bbox 88 2027 191 2087; x_wconf 86' lang='lat' dir='ltr'><strong>lounik,</strong></span> <span class='ocrx_word' id='word_1_140' title='bbox 205 2027 266 2076; x_wconf 91' lang='lat' dir='ltr'><strong>dans</strong></span> <span class='ocrx_word' id='word_1_141' title='bbox 281 2027 304 2076; x_wconf 94' lang='lat' dir='ltr'><strong>le</strong></span> <span class='ocrx_word' id='word_1_142' title='bbox 321 2029 408 2077; x_wconf 88' lang='lat' dir='ltr'><strong>canton</strong></span> <span class='ocrx_word' id='word_1_143' title='bbox 423 2028 454 2078; x_wconf 87' lang='lat' dir='ltr'><strong>de</strong></span> <span class='ocrx_word' id='word_1_144' title='bbox 468 2031 563 2088; x_wconf 85' lang='lat' dir='ltr'><strong>Daton,</strong></span> <span class='ocrx_word' id='word_1_145' title='bbox 580 2029 638 2092; x_wconf 82' lang='lat' dir='ltr'><strong>qu&#39;a</strong></span> <span class='ocrx_word' id='word_1_146' title='bbox 649 2030 730 2080; x_wconf 81' lang='lat' dir='ltr'><strong>donne</strong></span> <span class='ocrx_word' id='word_1_147' title='bbox 745 2031 828 2083; x_wconf 80' lang='lat' dir='ltr'><strong>Zenob</strong></span> <span class='ocrx_word' id='word_1_148' title='bbox 839 2033 871 2084; x_wconf 90' lang='lat' dir='ltr'><strong>de</strong></span> 
     </span>
     <span class='ocr_line' id='line_1_20' title="bbox 89 2097 871 2163; baseline 0.008 -15"><span class='ocrx_word' id='word_1_149' title='bbox 89 2100 154 2162; x_wconf 84' lang='lat' dir='ltr'><strong>Giag</strong></span> <span class='ocrx_word' id='word_1_150' title='bbox 163 2097 289 2161; x_wconf 78' lang='lat' dir='ltr'><strong>(Histoire</strong></span> <span class='ocrx_word' id='word_1_151' title='bbox 298 2097 329 2149; x_wconf 85' lang='lat' dir='ltr'><strong>de</strong></span> <span class='ocrx_word' id='word_1_152' title='bbox 340 2100 445 2162; x_wconf 67' lang='lat' dir='ltr'><strong>baroti,</strong></span> <span class='ocrx_word' id='word_1_153' title='bbox 454 2114 478 2163; x_wconf 90' lang='lat' dir='ltr'><strong>p.</strong></span> <span class='ocrx_word' id='word_1_154' title='bbox 490 2103 519 2149; x_wconf 81' lang='grc'><strong>36</strong></span> <span class='ocrx_word' id='word_1_155' title='bbox 537 2103 563 2149; x_wconf 90' lang='lat' dir='ltr'><strong>et</strong></span> <span class='ocrx_word' id='word_1_156' title='bbox 579 2101 643 2150; x_wconf 80' lang='lat' dir='ltr'><strong>suiv.</strong></span> <span class='ocrx_word' id='word_1_157' title='bbox 654 2101 686 2152; x_wconf 89' lang='lat' dir='ltr'><strong>de</strong></span> <span class='ocrx_word' id='word_1_158' title='bbox 697 2103 721 2151; x_wconf 91' lang='lat' dir='ltr'><strong>la</strong></span> <span class='ocrx_word' id='word_1_159' title='bbox 732 2103 871 2154; x_wconf 87' lang='lat' dir='ltr'><strong>traduction</strong></span> 
     </span>
     <span class='ocr_line' id='line_1_21' title="bbox 90 2168 233 2232; baseline 0 -15"><span class='ocrx_word' id='word_1_160' title='bbox 90 2169 146 2218; x_wconf 87' lang='lat' dir='ltr'><strong>tran</strong></span> <span class='ocrx_word' id='word_1_161' title='bbox 161 2168 233 2232; x_wconf 83' lang='lat' dir='ltr'><strong>aiae).</strong></span> 
     </span>
    </p>
   </div>
   <div class='ocr_carea' id='block_1_4' title="bbox 1647 397 1704 456">
    <p class='ocr_par' dir='ltr' id='par_1_5' title="bbox 1647 397 1704 456">
     <span class='ocr_line' id='line_1_22' title="bbox 1647 397 1704 456; baseline 0.018 -1"><span class='ocrx_word' id='word_1_162' title='bbox 1647 397 1704 456; x_wconf 73' lang='lat'><strong>1⁸15</strong></span> 
     </span>
    </p>
   </div>
   <div class='ocr_carea' id='block_1_5' title="bbox 923 515 1747 1824">
    <p class='ocr_par' dir='ltr' id='par_1_6' title="bbox 923 515 1747 1824">
     <span class='ocr_line' id='line_1_23' title="bbox 973 515 1707 590; baseline 0.023 -22"><span class='ocrx_word' id='word_1_163' title='bbox 973 515 997 568; x_wconf 93' lang='lat' dir='ltr'><strong>ll</strong></span> <span class='ocrx_word' id='word_1_164' title='bbox 1023 518 1115 590; x_wconf 79' lang='lat' dir='ltr'><strong>gravit</strong></span> <span class='ocrx_word' id='word_1_165' title='bbox 1137 519 1245 573; x_wconf 84' lang='lat' dir='ltr'><strong>ensuite</strong></span> <span class='ocrx_word' id='word_1_166' title='bbox 1267 520 1283 574; x_wconf 79' lang='lat' dir='ltr'><strong>a</strong></span> <span class='ocrx_word' id='word_1_167' title='bbox 1306 519 1441 576; x_wconf 86' lang='lat' dir='ltr'><strong>l&#39;endroit</strong></span> <span class='ocrx_word' id='word_1_168' title='bbox 1465 525 1505 577; x_wconf 81' lang='lat' dir='ltr'><strong>oia</strong></span> <span class='ocrx_word' id='word_1_169' title='bbox 1540 526 1645 582; x_wconf 81' lang='lat' dir='ltr'><strong>e&#39;taicnt</strong></span> <span class='ocrx_word' id='word_1_170' title='bbox 1667 529 1707 585; x_wconf 89' lang='lat' dir='ltr'><strong>les</strong></span> 
     </span>
     <span class='ocr_line' id='line_1_24' title="bbox 932 605 1706 690; baseline 0.021 -33"><span class='ocrx_word' id='word_1_171' title='bbox 932 605 1064 676; x_wconf 84' lang='lat' dir='ltr'><strong>ternples‚</strong></span> <span class='ocrx_word' id='word_1_172' title='bbox 1078 615 1122 671; x_wconf 89' lang='lat' dir='ltr'><strong>et,</strong></span> <span class='ocrx_word' id='word_1_173' title='bbox 1138 617 1221 678; x_wconf 83' lang='lat' dir='ltr'><strong>ayant</strong></span> <span class='ocrx_word' id='word_1_174' title='bbox 1236 607 1387 664; x_wconf 74' lang='lat' dir='ltr'><strong>rassemble</strong></span> <span class='ocrx_word' id='word_1_175' title='bbox 1398 610 1438 664; x_wconf 90' lang='lat' dir='ltr'><strong>les</strong></span> <span class='ocrx_word' id='word_1_176' title='bbox 1452 629 1520 685; x_wconf 85' lang='lat' dir='ltr'><strong>gens</strong></span> <span class='ocrx_word' id='word_1_177' title='bbox 1532 612 1572 668; x_wconf 91' lang='lat' dir='ltr'><strong>du</strong></span> <span class='ocrx_word' id='word_1_178' title='bbox 1586 633 1674 690; x_wconf 79' lang='lat' dir='ltr'><strong>pays,</strong></span> <span class='ocrx_word' id='word_1_179' title='bbox 1685 619 1706 672; x_wconf 91' lang='lat' dir='ltr'><strong>il</strong></span> 
     </span>
     <span class='ocr_line' id='line_1_25' title="bbox 930 689 1705 769; baseline 0.025 -26"><span class='ocrx_word' id='word_1_180' title='bbox 930 689 969 745; x_wconf 87' lang='lat' dir='ltr'><strong>les</strong></span> <span class='ocrx_word' id='word_1_181' title='bbox 983 694 1124 747; x_wconf 86' lang='lat' dir='ltr'><strong>convertit</strong></span> <span class='ocrx_word' id='word_1_182' title='bbox 1135 712 1171 748; x_wconf 90' lang='lat' dir='ltr'><strong>au</strong></span> <span class='ocrx_word' id='word_1_183' title='bbox 1183 695 1258 750; x_wconf 89' lang='lat' dir='ltr'><strong>culte</strong></span> <span class='ocrx_word' id='word_1_184' title='bbox 1270 695 1359 754; x_wconf 87' lang='lat' dir='ltr'><strong>divin.</strong></span> <span class='ocrx_word' id='word_1_185' title='bbox 1370 698 1395 752; x_wconf 94' lang='lat' dir='ltr'><strong>ll</strong></span> <span class='ocrx_word' id='word_1_186' title='bbox 1403 697 1465 769; x_wconf 89' lang='lat' dir='ltr'><strong>jeta</strong></span> <span class='ocrx_word' id='word_1_187' title='bbox 1476 700 1515 754; x_wconf 91' lang='lat' dir='ltr'><strong>les</strong></span> <span class='ocrx_word' id='word_1_188' title='bbox 1526 699 1705 763; x_wconf 84' lang='lat' dir='ltr'><strong>fondemcnts</strong></span> 
     </span>
     <span class='ocr_line' id='line_1_26' title="bbox 923 774 1702 861; baseline 0.028 -30"><span class='ocrx_word' id='word_1_189' title='bbox 923 774 966 841; x_wconf 60' lang='lat' dir='ltr'><strong>,de</strong></span> <span class='ocrx_word' id='word_1_190' title='bbox 978 777 1081 852; x_wconf 73' lang='lat' dir='ltr'><strong>l‘eglise</strong></span> <span class='ocrx_word' id='word_1_191' title='bbox 1094 791 1123 835; x_wconf 92' lang='lat' dir='ltr'><strong>et</strong></span> <span class='ocrx_word' id='word_1_192' title='bbox 1135 782 1214 837; x_wconf 73' lang='lat' dir='ltr'><strong>eleva</strong></span> <span class='ocrx_word' id='word_1_193' title='bbox 1224 802 1264 836; x_wconf 92' lang='lat' dir='ltr'><strong>un</strong></span> <span class='ocrx_word' id='word_1_194' title='bbox 1276 786 1352 840; x_wconf 89' lang='lat' dir='ltr'><strong>autel</strong></span> <span class='ocrx_word' id='word_1_195' title='bbox 1365 786 1422 842; x_wconf 80' lang='lat' dir='ltr'><strong>aila</strong></span> <span class='ocrx_word' id='word_1_196' title='bbox 1434 787 1525 861; x_wconf 86' lang='lat' dir='ltr'><strong>gloire</strong></span> <span class='ocrx_word' id='word_1_197' title='bbox 1545 787 1585 844; x_wconf 92' lang='lat' dir='ltr'><strong>du</strong></span> <span class='ocrx_word' id='word_1_198' title='bbox 1600 791 1702 852; x_wconf 88' lang='lat' dir='ltr'><strong>Christ.</strong></span> 
     </span>
     <span class='ocr_line' id='line_1_27' title="bbox 929 863 1706 945; baseline 0.021 -26"><span class='ocrx_word' id='word_1_199' title='bbox 929 863 1001 919; x_wconf 89' lang='lat' dir='ltr'><strong>C&#39;est</strong></span> <span class='ocrx_word' id='word_1_200' title='bbox 1010 865 1035 918; x_wconf 77' lang='lat' dir='ltr'><strong>la</strong></span> <span class='ocrx_word' id='word_1_201' title='bbox 1046 865 1135 939; x_wconf 83' lang='lat' dir='ltr'><strong>qu’on</strong></span> <span class='ocrx_word' id='word_1_202' title='bbox 1147 870 1312 945; x_wconf 73' lang='lat' dir='ltr'><strong>commoneo</strong></span> <span class='ocrx_word' id='word_1_203' title='bbox 1326 870 1446 927; x_wconf 87' lang='lat' dir='ltr'><strong>d&#39;abord</strong></span> <span class='ocrx_word' id='word_1_204' title='bbox 1456 873 1472 928; x_wconf 78' lang='lat' dir='ltr'><strong>it</strong></span> <span class='ocrx_word' id='word_1_205' title='bbox 1483 877 1643 933; x_wconf 75' lang='lat' dir='ltr'><strong>construite</strong></span> <span class='ocrx_word' id='word_1_206' title='bbox 1657 879 1706 936; x_wconf 91' lang='lat' dir='ltr'><strong>des</strong></span> 
     </span>
     <span class='ocr_line' id='line_1_28' title="bbox 929 952 1705 1026; baseline 0.022 -22"><span class='ocrx_word' id='word_1_207' title='bbox 929 952 1026 1026; x_wconf 74' lang='lat' dir='ltr'><strong>eglises</strong></span> <span class='ocrx_word' id='word_1_208' title='bbox 1037 964 1066 1008; x_wconf 91' lang='lat' dir='ltr'><strong>et</strong></span> <span class='ocrx_word' id='word_1_209' title='bbox 1075 953 1125 1008; x_wconf 92' lang='lat' dir='ltr'><strong>des</strong></span> <span class='ocrx_word' id='word_1_210' title='bbox 1137 957 1227 1011; x_wconf 90' lang='lat' dir='ltr'><strong>autels</strong></span> <span class='ocrx_word' id='word_1_211' title='bbox 1238 976 1274 1012; x_wconf 90' lang='lat' dir='ltr'><strong>au</strong></span> <span class='ocrx_word' id='word_1_212' title='bbox 1284 977 1353 1013; x_wconf 93' lang='lat' dir='ltr'><strong>nom</strong></span> <span class='ocrx_word' id='word_1_213' title='bbox 1366 958 1402 1014; x_wconf 90' lang='lat' dir='ltr'><strong>de</strong></span> <span class='ocrx_word' id='word_1_214' title='bbox 1414 961 1442 1015; x_wconf 90' lang='lat' dir='ltr'><strong>la</strong></span> <span class='ocrx_word' id='word_1_215' title='bbox 1453 961 1547 1018; x_wconf 88' lang='lat' dir='ltr'><strong>Sainte</strong></span> <span class='ocrx_word' id='word_1_216' title='bbox 1557 966 1664 1020; x_wconf 76' lang='lat' dir='ltr'><strong>Trinite</strong></span> <span class='ocrx_word' id='word_1_217' title='bbox 1677 977 1705 1021; x_wconf 91' lang='lat' dir='ltr'><strong>et</strong></span> 
     </span>
     <span class='ocr_line' id='line_1_29' title="bbox 928 1039 1747 1126; baseline 0.017 -32"><span class='ocrx_word' id='word_1_218' title='bbox 928 1039 944 1094; x_wconf 79' lang='lat' dir='ltr'><strong>a&#39;t</strong></span> <span class='ocrx_word' id='word_1_219' title='bbox 960 1040 1063 1096; x_wconf 79' lang='lat' dir='ltr'><strong>etablir</strong></span> <span class='ocrx_word' id='word_1_220' title='bbox 1076 1043 1115 1097; x_wconf 90' lang='lat' dir='ltr'><strong>les</strong></span> <span class='ocrx_word' id='word_1_221' title='bbox 1130 1043 1204 1098; x_wconf 83' lang='lat' dir='ltr'><strong>sonts</strong></span> <span class='ocrx_word' id='word_1_222' title='bbox 1217 1045 1395 1120; x_wconf 86' lang='lat' dir='ltr'><strong>baptismaux</strong></span> <span class='ocrx_word' id='word_1_223' title='bbox 1410 1044 1458 1123; x_wconf 74' lang='lat' dir='ltr'><strong>(a).</strong></span> <span class='ocrx_word' id='word_1_224' title='bbox 1469 1048 1598 1108; x_wconf 86' lang='lat' dir='ltr'><strong>D&#39;abord</strong></span> <span class='ocrx_word' id='word_1_225' title='bbox 1614 1053 1633 1106; x_wconf 89' lang='lat' dir='ltr'><strong>il</strong></span> <span class='ocrx_word' id='word_1_226' title='bbox 1645 1071 1703 1126; x_wconf 90' lang='lat' dir='ltr'><strong>pn·</strong></span> <span class='ocrx_word' id='word_1_227' title='bbox 1745 1064 1747 1068; x_wconf 85' lang='lat'>&#39;</span> 
     </span>
     <span class='ocr_line' id='line_1_30' title="bbox 927 1125 1704 1214; baseline 0.021 -34"><span class='ocrx_word' id='word_1_228' title='bbox 927 1125 990 1182; x_wconf 86' lang='lat' dir='ltr'><strong>rifia</strong></span> <span class='ocrx_word' id='word_1_229' title='bbox 1014 1147 1068 1201; x_wconf 88' lang='lat' dir='ltr'><strong>par</strong></span> <span class='ocrx_word' id='word_1_230' title='bbox 1080 1130 1107 1184; x_wconf 91' lang='lat' dir='ltr'><strong>lc</strong></span> <span class='ocrx_word' id='word_1_231' title='bbox 1122 1131 1255 1205; x_wconf 73' lang='lat' dir='ltr'><strong>bapteme</strong></span> <span class='ocrx_word' id='word_1_232' title='bbox 1269 1135 1309 1190; x_wconf 89' lang='lat' dir='ltr'><strong>les</strong></span> <span class='ocrx_word' id='word_1_233' title='bbox 1322 1136 1428 1209; x_wconf 83' lang='lat' dir='ltr'><strong>grands</strong></span> <span class='ocrx_word' id='word_1_234' title='bbox 1447 1149 1570 1212; x_wconf 88' lang='lat' dir='ltr'><strong>satrapes</strong></span> <span class='ocrx_word' id='word_1_235' title='bbox 1589 1141 1638 1214; x_wconf 90' lang='lat' dir='ltr'><strong>qui</strong></span> <span class='ocrx_word' id='word_1_236' title='bbox 1651 1141 1704 1196; x_wconf 90' lang='lat' dir='ltr'><strong>l’a-</strong></span> 
     </span>
     <span class='ocr_line' id='line_1_31' title="bbox 927 1215 1705 1303; baseline 0.022 -36"><span class='ocrx_word' id='word_1_237' title='bbox 927 1215 1021 1270; x_wconf 86' lang='lat' dir='ltr'><strong>vaient</strong></span> <span class='ocrx_word' id='word_1_238' title='bbox 1041 1221 1232 1292; x_wconf 76' lang='lat' dir='ltr'><strong>accompagne</strong></span> <span class='ocrx_word' id='word_1_239' title='bbox 1255 1220 1270 1275; x_wconf 74' lang='lat' dir='ltr'><strong>a</strong></span> <span class='ocrx_word' id='word_1_240' title='bbox 1294 1222 1320 1278; x_wconf 88' lang='lat' dir='ltr'><strong>la</strong></span> <span class='ocrx_word' id='word_1_241' title='bbox 1343 1223 1409 1278; x_wconf 79' lang='lat' dir='ltr'><strong>ville</strong></span> <span class='ocrx_word' id='word_1_242' title='bbox 1432 1224 1467 1280; x_wconf 90' lang='lat' dir='ltr'><strong>de</strong></span> <span class='ocrx_word' id='word_1_243' title='bbox 1489 1225 1618 1293; x_wconf 76' lang='lat' dir='ltr'><strong>Cesaree,</strong></span> <span class='ocrx_word' id='word_1_244' title='bbox 1641 1230 1705 1303; x_wconf 89' lang='lat' dir='ltr'><strong>puis</strong></span> 
     </span>
     <span class='ocr_line' id='line_1_32' title="bbox 929 1302 1705 1390; baseline 0.024 -36"><span class='ocrx_word' id='word_1_245' title='bbox 929 1302 1039 1358; x_wconf 88' lang='lat' dir='ltr'><strong>ensuite</strong></span> <span class='ocrx_word' id='word_1_246' title='bbox 1046 1304 1085 1359; x_wconf 84' lang='lat' dir='ltr'><strong>les</strong></span> <span class='ocrx_word' id='word_1_247' title='bbox 1095 1305 1235 1363; x_wconf 87' lang='lat' dir='ltr'><strong>habitants</strong></span> <span class='ocrx_word' id='word_1_248' title='bbox 1246 1308 1284 1363; x_wconf 91' lang='lat' dir='ltr'><strong>du</strong></span> <span class='ocrx_word' id='word_1_249' title='bbox 1295 1312 1403 1383; x_wconf 79' lang='lat' dir='ltr'><strong>paysll</strong></span> <span class='ocrx_word' id='word_1_250' title='bbox 1413 1311 1527 1370; x_wconf 73' lang='lat' dir='ltr'><strong>s&#39;arrita</strong></span> <span class='ocrx_word' id='word_1_251' title='bbox 1535 1315 1614 1390; x_wconf 76' lang='lat' dir='ltr'><strong>vingt</strong></span> <span class='ocrx_word' id='word_1_252' title='bbox 1622 1315 1705 1386; x_wconf 88' lang='lat' dir='ltr'><strong>jours</strong></span> 
     </span>
     <span class='ocr_line' id='line_1_33' title="bbox 927 1392 1704 1477; baseline 0.022 -33"><span class='ocrx_word' id='word_1_253' title='bbox 927 1407 964 1444; x_wconf 88' lang='lat' dir='ltr'><strong>en</strong></span> <span class='ocrx_word' id='word_1_254' title='bbox 976 1399 1021 1445; x_wconf 86' lang='lat' dir='ltr'><strong>cet</strong></span> <span class='ocrx_word' id='word_1_255' title='bbox 1033 1392 1156 1462; x_wconf 86' lang='lat' dir='ltr'><strong>endroit,</strong></span> <span class='ocrx_word' id='word_1_256' title='bbox 1169 1393 1207 1449; x_wconf 86' lang='lat' dir='ltr'><strong>oit</strong></span> <span class='ocrx_word' id='word_1_257' title='bbox 1221 1396 1242 1449; x_wconf 92' lang='lat' dir='ltr'><strong>il</strong></span> <span class='ocrx_word' id='word_1_258' title='bbox 1253 1396 1369 1470; x_wconf 88' lang='lat' dir='ltr'><strong>baptisa</strong></span> <span class='ocrx_word' id='word_1_259' title='bbox 1381 1400 1445 1472; x_wconf 91' lang='lat' dir='ltr'><strong>plus</strong></span> <span class='ocrx_word' id='word_1_260' title='bbox 1457 1401 1493 1456; x_wconf 88' lang='lat' dir='ltr'><strong>de</strong></span> <span class='ocrx_word' id='word_1_261' title='bbox 1511 1412 1575 1457; x_wconf 87' lang='lat' dir='ltr'><strong>cent</strong></span> <span class='ocrx_word' id='word_1_262' title='bbox 1589 1416 1704 1477; x_wconf 87' lang='lat' dir='ltr'><strong>quatre-</strong></span> 
     </span>
     <span class='ocr_line' id='line_1_34' title="bbox 926 1478 1704 1557; baseline 0.026 -27"><span class='ocrx_word' id='word_1_263' title='bbox 926 1478 1070 1552; x_wconf 76' lang='lat' dir='ltr'><strong>ringtdix</strong></span> <span class='ocrx_word' id='word_1_264' title='bbox 1085 1483 1163 1537; x_wconf 90' lang='lat' dir='ltr'><strong>mille</strong></span> <span class='ocrx_word' id='word_1_265' title='bbox 1179 1501 1341 1557; x_wconf 90' lang='lat' dir='ltr'><strong>personnes.</strong></span> <span class='ocrx_word' id='word_1_266' title='bbox 1356 1487 1381 1542; x_wconf 90' lang='lat'><strong>11</strong></span> <span class='ocrx_word' id='word_1_267' title='bbox 1396 1488 1476 1544; x_wconf 75' lang='lat' dir='ltr'><strong>eleva</strong></span> <span class='ocrx_word' id='word_1_268' title='bbox 1487 1508 1527 1544; x_wconf 90' lang='lat' dir='ltr'><strong>un</strong></span> <span class='ocrx_word' id='word_1_269' title='bbox 1544 1493 1620 1546; x_wconf 86' lang='lat' dir='ltr'><strong>autel</strong></span> <span class='ocrx_word' id='word_1_270' title='bbox 1635 1492 1704 1550; x_wconf 88' lang='lat' dir='ltr'><strong>dans</strong></span> 
     </span>
     <span class='ocr_line' id='line_1_35' title="bbox 926 1565 1703 1648; baseline 0.021 -29"><span class='ocrx_word' id='word_1_271' title='bbox 926 1565 954 1619; x_wconf 89' lang='lat' dir='ltr'><strong>la</strong></span> <span class='ocrx_word' id='word_1_272' title='bbox 975 1567 1102 1641; x_wconf 86' lang='lat' dir='ltr'><strong>chapelle</strong></span> <span class='ocrx_word' id='word_1_273' title='bbox 1125 1570 1164 1625; x_wconf 91' lang='lat' dir='ltr'><strong>du</strong></span> <span class='ocrx_word' id='word_1_274' title='bbox 1181 1590 1267 1646; x_wconf 90' lang='lat' dir='ltr'><strong>repos</strong></span> <span class='ocrx_word' id='word_1_275' title='bbox 1281 1573 1330 1628; x_wconf 89' lang='lat' dir='ltr'><strong>des</strong></span> <span class='ocrx_word' id='word_1_276' title='bbox 1344 1575 1430 1629; x_wconf 88' lang='lat' dir='ltr'><strong>saints</strong></span> <span class='ocrx_word' id='word_1_277' title='bbox 1445 1576 1514 1648; x_wconf 86' lang='lat' dir='ltr'><strong>qu&#39;il</strong></span> <span class='ocrx_word' id='word_1_278' title='bbox 1535 1580 1611 1632; x_wconf 87' lang='lat' dir='ltr'><strong>avait</strong></span> <span class='ocrx_word' id='word_1_279' title='bbox 1622 1598 1703 1636; x_wconf 90' lang='lat' dir='ltr'><strong>cons·</strong></span> 
     </span>
     <span class='ocr_line' id='line_1_36' title="bbox 928 1655 1704 1733; baseline 0.026 -29"><span class='ocrx_word' id='word_1_280' title='bbox 928 1655 1030 1724; x_wconf 86' lang='lat' dir='ltr'><strong>truite,</strong></span> <span class='ocrx_word' id='word_1_281' title='bbox 1042 1674 1060 1728; x_wconf 87' lang='lat' dir='ltr'>y</span> <span class='ocrx_word' id='word_1_282' title='bbox 1072 1657 1185 1712; x_wconf 75' lang='lat' dir='ltr'><strong>celebra</strong></span> <span class='ocrx_word' id='word_1_283' title='bbox 1200 1660 1227 1714; x_wconf 92' lang='lat' dir='ltr'><strong>le</strong></span> <span class='ocrx_word' id='word_1_284' title='bbox 1241 1659 1367 1716; x_wconf 87' lang='lat' dir='ltr'><strong>sacrifice</strong></span> <span class='ocrx_word' id='word_1_285' title='bbox 1379 1664 1523 1733; x_wconf 66' lang='lat' dir='ltr'><strong>salutabo,</strong></span> <span class='ocrx_word' id='word_1_286' title='bbox 1537 1675 1565 1719; x_wconf 88' lang='lat' dir='ltr'><strong>ct</strong></span> <span class='ocrx_word' id='word_1_287' title='bbox 1575 1665 1603 1719; x_wconf 76' lang='lat' dir='ltr'><strong>la</strong></span> <span class='ocrx_word' id='word_1_288' title='bbox 1616 1667 1637 1720; x_wconf 92' lang='lat' dir='ltr'><strong>il</strong></span> <span class='ocrx_word' id='word_1_289' title='bbox 1651 1667 1704 1723; x_wconf 87' lang='lat' dir='ltr'><strong>dis·</strong></span> 
     </span>
     <span class='ocr_line' id='line_1_37' title="bbox 927 1743 1704 1824; baseline 0.022 -30"><span class='ocrx_word' id='word_1_290' title='bbox 927 1743 1020 1819; x_wconf 74' lang='lat' dir='ltr'><strong>tribua</strong></span> <span class='ocrx_word' id='word_1_291' title='bbox 1042 1745 1069 1798; x_wconf 90' lang='lat' dir='ltr'><strong>le</strong></span> <span class='ocrx_word' id='word_1_292' title='bbox 1089 1764 1174 1818; x_wconf 84' lang='lat' dir='ltr'><strong>corps</strong></span> <span class='ocrx_word' id='word_1_293' title='bbox 1189 1758 1217 1802; x_wconf 92' lang='lat' dir='ltr'><strong>et</strong></span> <span class='ocrx_word' id='word_1_294' title='bbox 1231 1747 1258 1803; x_wconf 93' lang='lat' dir='ltr'><strong>le</strong></span> <span class='ocrx_word' id='word_1_295' title='bbox 1272 1767 1341 1824; x_wconf 81' lang='lat' dir='ltr'><strong>sang</strong></span> <span class='ocrx_word' id='word_1_296' title='bbox 1354 1749 1483 1808; x_wconf 81' lang='lat' dir='ltr'><strong>virifiant</strong></span> <span class='ocrx_word' id='word_1_297' title='bbox 1503 1751 1543 1808; x_wconf 89' lang='lat' dir='ltr'><strong>dn</strong></span> <span class='ocrx_word' id='word_1_298' title='bbox 1557 1754 1659 1811; x_wconf 86' lang='lat' dir='ltr'><strong>Christ.</strong></span> <span class='ocrx_word' id='word_1_299' title='bbox 1679 1757 1704 1811; x_wconf 93' lang='lat' dir='ltr'><strong>ll</strong></span> 
     </span>
    </p>
   </div>
   <div class='ocr_carea' id='block_1_6' title="bbox 925 1895 1704 2252">
    <p class='ocr_par' dir='ltr' id='par_1_7' title="bbox 925 1895 1704 2252">
     <span class='ocr_line' id='line_1_38' title="bbox 959 1895 1704 1972; baseline 0.023 -27"><span class='ocrx_word' id='word_1_300' title='bbox 959 1895 995 1960; x_wconf 81' lang='lat' dir='ltr'><strong>(a)</strong></span> <span class='ocrx_word' id='word_1_301' title='bbox 1009 1899 1115 1950; x_wconf 85' lang='lat' dir='ltr'><strong>Faustus</strong></span> <span class='ocrx_word' id='word_1_302' title='bbox 1124 1901 1155 1951; x_wconf 88' lang='lat' dir='ltr'><strong>de</strong></span> <span class='ocrx_word' id='word_1_303' title='bbox 1162 1903 1271 1965; x_wconf 81' lang='lat' dir='ltr'><strong>Byraoce</strong></span> <span class='ocrx_word' id='word_1_304' title='bbox 1277 1905 1370 1969; x_wconf 86' lang='lat' dir='ltr'><strong>appelle</strong></span> <span class='ocrx_word' id='word_1_305' title='bbox 1377 1907 1441 1956; x_wconf 86' lang='lat' dir='ltr'><strong>cette</strong></span> <span class='ocrx_word' id='word_1_306' title='bbox 1451 1907 1570 1969; x_wconf 77' lang='lat' dir='ltr'><strong>premiere</strong></span> <span class='ocrx_word' id='word_1_307' title='bbox 1579 1908 1652 1972; x_wconf 75' lang='lat' dir='ltr'><strong>eglise</strong></span> <span class='ocrx_word' id='word_1_308' title='bbox 1660 1930 1672 1954; x_wconf 77' lang='grc' dir='ltr'>ι</span> <span class='ocrx_word' id='word_1_309' title='bbox 1681 1911 1704 1961; x_wconf 87' lang='lat' dir='ltr'><strong>la</strong></span> 
     </span>
     <span class='ocr_line' id='line_1_39' title="bbox 925 1967 1703 2042; baseline 0.021 -27"><span class='ocrx_word' id='word_1_310' title='bbox 925 1967 995 2017; x_wconf 78' lang='lat' dir='ltr'><strong>mere</strong></span> <span class='ocrx_word' id='word_1_311' title='bbox 1009 1967 1053 2019; x_wconf 91' lang='lat' dir='ltr'><strong>des</strong></span> <span class='ocrx_word' id='word_1_312' title='bbox 1065 1970 1153 2034; x_wconf 81' lang='lat' dir='ltr'><strong>eglises</strong></span> <span class='ocrx_word' id='word_1_313' title='bbox 1165 1972 1305 2024; x_wconf 77' lang='lat' dir='ltr'><strong>d&#39;Armcoie</strong></span> <span class='ocrx_word' id='word_1_314' title='bbox 1320 1995 1333 2018; x_wconf 74' lang='grc' dir='ltr'>ν</span> <span class='ocrx_word' id='word_1_315' title='bbox 1348 1977 1425 2037; x_wconf 80' lang='lat' dir='ltr'><strong>(Hist.</strong></span> <span class='ocrx_word' id='word_1_316' title='bbox 1440 1978 1549 2040; x_wconf 57' lang='grc' dir='ltr'>ἅλιον,</span> <span class='ocrx_word' id='word_1_317' title='bbox 1565 1981 1615 2038; x_wconf 86' lang='grc' dir='ltr'><strong>ΙΙΙ,</strong></span> <span class='ocrx_word' id='word_1_318' title='bbox 1629 1984 1652 2042; x_wconf 85' lang='grc'><strong>3,</strong></span> <span class='ocrx_word' id='word_1_319' title='bbox 1665 1987 1703 2031; x_wconf 83' lang='lat' dir='ltr'><strong>tt.</strong></span> 
     </span>
     <span class='ocr_line' id='line_1_40' title="bbox 927 2040 1704 2108; baseline 0.022 -23"><span class='ocrx_word' id='word_1_320' title='bbox 927 2063 958 2073; x_wconf 93' lang='lat'><em>-</em></span> <span class='ocrx_word' id='word_1_321' title='bbox 969 2040 1011 2100; x_wconf 87' lang='lat' dir='ltr'><strong>iv,</strong></span> <span class='ocrx_word' id='word_1_322' title='bbox 1030 2042 1076 2102; x_wconf 82' lang='lat' dir='ltr'><strong>tt).</strong></span> <span class='ocrx_word' id='word_1_323' title='bbox 1093 2042 1142 2091; x_wconf 80' lang='lat' dir='ltr'><strong>atie</strong></span> <span class='ocrx_word' id='word_1_324' title='bbox 1157 2043 1197 2092; x_wconf 87' lang='lat' dir='ltr'><strong>tut</strong></span> <span class='ocrx_word' id='word_1_325' title='bbox 1208 2044 1315 2095; x_wconf 81' lang='lat' dir='ltr'><strong>detroite</strong></span> <span class='ocrx_word' id='word_1_326' title='bbox 1327 2058 1371 2108; x_wconf 86' lang='lat' dir='ltr'><strong>par</strong></span> <span class='ocrx_word' id='word_1_327' title='bbox 1385 2046 1560 2106; x_wconf 75' lang='lat' dir='ltr'><strong>abderrabim,</strong></span> <span class='ocrx_word' id='word_1_328' title='bbox 1575 2063 1656 2100; x_wconf 81' lang='lat' dir='ltr'><strong>nereo</strong></span> <span class='ocrx_word' id='word_1_329' title='bbox 1672 2053 1704 2102; x_wconf 87' lang='lat' dir='ltr'><strong>de</strong></span> 
     </span>
     <span class='ocr_line' id='line_1_41' title="bbox 925 2109 1701 2180; baseline 0.022 -24"><span class='ocrx_word' id='word_1_330' title='bbox 925 2109 1066 2170; x_wconf 84' lang='lat' dir='ltr'><strong>Mabomet,</strong></span> <span class='ocrx_word' id='word_1_331' title='bbox 1081 2112 1096 2160; x_wconf 72' lang='lat' dir='ltr'><strong>a</strong></span> <span class='ocrx_word' id='word_1_332' title='bbox 1114 2125 1142 2162; x_wconf 90' lang='lat' dir='ltr'><strong>ce</strong></span> <span class='ocrx_word' id='word_1_333' title='bbox 1159 2127 1209 2176; x_wconf 90' lang='lat' dir='ltr'><strong>que</strong></span> <span class='ocrx_word' id='word_1_334' title='bbox 1228 2128 1290 2164; x_wconf 87' lang='lat' dir='ltr'><strong>nous</strong></span> <span class='ocrx_word' id='word_1_335' title='bbox 1315 2117 1424 2180; x_wconf 86' lang='lat' dir='ltr'><strong>apprend</strong></span> <span class='ocrx_word' id='word_1_336' title='bbox 1440 2118 1464 2167; x_wconf 89' lang='lat' dir='ltr'><strong>le</strong></span> <span class='ocrx_word' id='word_1_337' title='bbox 1477 2118 1648 2170; x_wconf 83' lang='lat' dir='ltr'><strong>continuateur</strong></span> <span class='ocrx_word' id='word_1_338' title='bbox 1661 2137 1701 2172; x_wconf 89' lang='lat' dir='ltr'><strong>ar-</strong></span> 
     </span>
     <span class='ocr_line' id='line_1_42' title="bbox 925 2178 1607 2252; baseline 0.019 -26"><span class='ocrx_word' id='word_1_339' title='bbox 925 2178 1023 2228; x_wconf 76' lang='lat' dir='ltr'><strong>menien</strong></span> <span class='ocrx_word' id='word_1_340' title='bbox 1037 2180 1068 2231; x_wconf 89' lang='lat' dir='ltr'><strong>de</strong></span> <span class='ocrx_word' id='word_1_341' title='bbox 1079 2182 1205 2234; x_wconf 83' lang='lat' dir='ltr'><strong>l&#39;itistoire</strong></span> <span class='ocrx_word' id='word_1_342' title='bbox 1217 2185 1249 2234; x_wconf 89' lang='lat' dir='ltr'><strong>dc</strong></span> <span class='ocrx_word' id='word_1_343' title='bbox 1262 2187 1358 2244; x_wconf 78' lang='lat' dir='ltr'><strong>zenob,</strong></span> <span class='ocrx_word' id='word_1_344' title='bbox 1368 2190 1429 2236; x_wconf 86' lang='lat' dir='ltr'><strong>Jean</strong></span> <span class='ocrx_word' id='word_1_345' title='bbox 1438 2189 1607 2252; x_wconf 84' lang='lat' dir='ltr'><strong>Mamigonien.</strong></span> 
     </span>
    </p>
   </div>
   <div class='ocr_carea' id='block_1_7' title="bbox 91 2299 1696 2334">
    <p class='ocr_par' dir='ltr' id='par_1_8' title="bbox 91 2299 1696 2334">
     <span class='ocr_line' id='line_1_43' title="bbox 91 2299 1696 2334; baseline 0.008 -23"><span class='ocrx_word' id='word_1_346' title='bbox 91 2299 1696 2334; x_wconf 46' lang='grc' dir='ltr'>Ἤ</span> 
     </span>
    </p>
   </div>
   <div class='ocr_carea' id='block_1_8' title="bbox 28 2345 869 5244">
    <p class='ocr_par' dir='ltr' id='par_1_9' title="bbox 89 2345 869 2690">
     <span class='ocr_line' id='line_1_44' title="bbox 89 2345 867 2428; baseline 0.008 -26"><span class='ocrx_word' id='word_1_347' title='bbox 89 2345 158 2404; x_wconf 79' lang='grc' dir='ltr'>ὥστε</span> <span class='ocrx_word' id='word_1_348' title='bbox 171 2347 242 2406; x_wconf 85' lang='grc' dir='ltr'>ἔνδον</span> <span class='ocrx_word' id='word_1_349' title='bbox 265 2349 405 2406; x_wconf 79' lang='grc' dir='ltr'>εἰσελθεῖν·</span> <span class='ocrx_word' id='word_1_350' title='bbox 423 2349 447 2406; x_wconf 80' lang='grc' dir='ltr'><strong>οἱ</strong></span> <span class='ocrx_word' id='word_1_351' title='bbox 469 2347 520 2426; x_wconf 76' lang='grc' dir='ltr'><strong>γὰρ</strong></span> <span class='ocrx_word' id='word_1_352' title='bbox 542 2346 613 2404; x_wconf 84' lang='grc' dir='ltr'>ἔνδον</span> <span class='ocrx_word' id='word_1_353' title='bbox 628 2348 772 2428; x_wconf 75' lang='grc' dir='ltr'>φαντασίας</span> <span class='ocrx_word' id='word_1_354' title='bbox 791 2351 867 2420; x_wconf 79' lang='grc' dir='ltr'>ποικί-</span> 
     </span>
     <span class='ocr_line' id='line_1_45' title="bbox 90 2429 869 2516; baseline 0.006 -25"><span class='ocrx_word' id='word_1_355' title='bbox 90 2457 181 2502; x_wconf 79' lang='grc' dir='ltr'>σαντες</span> <span class='ocrx_word' id='word_1_356' title='bbox 195 2433 329 2516; x_wconf 81' lang='grc' dir='ltr'>ἐκάλυψαν</span> <span class='ocrx_word' id='word_1_357' title='bbox 343 2429 458 2501; x_wconf 62' lang='grc' dir='ltr'>’ταιίτας</span> <span class='ocrx_word' id='word_1_358' title='bbox 500 2433 581 2494; x_wconf 76' lang='lat' dir='ltr'><strong>’Alit</strong></span> <span class='ocrx_word' id='word_1_359' title='bbox 597 2433 648 2510; x_wconf 75' lang='grc' dir='ltr'>μὴν</span> <span class='ocrx_word' id='word_1_360' title='bbox 670 2435 869 2504; x_wconf 70' lang='grc' dir='ltr'>οῦδέ“ἐῖωθενδ</span> 
     </span>
     <span class='ocr_line' id='line_1_46' title="bbox 90 2521 867 2604; baseline 0.005 -25"><span class='ocrx_word' id='word_1_361' title='bbox 90 2522 194 2602; x_wconf 86' lang='grc' dir='ltr'>σίδηρος</span> <span class='ocrx_word' id='word_1_362' title='bbox 209 2521 298 2602; x_wconf 84' lang='grc' dir='ltr'>ἥψατο</span> <span class='ocrx_word' id='word_1_363' title='bbox 311 2526 358 2592; x_wconf 82' lang='grc' dir='ltr'><strong>τῆς</strong></span> <span class='ocrx_word' id='word_1_364' title='bbox 374 2523 522 2598; x_wconf 81' lang='grc' dir='ltr'>οἰκοδομῆς.</span> <span class='ocrx_word' id='word_1_365' title='bbox 565 2521 731 2591; x_wconf 85' lang='grc' dir='ltr'>Σπεόσαντες</span> <span class='ocrx_word' id='word_1_366' title='bbox 745 2524 772 2582; x_wconf 83' lang='grc' dir='ltr'>δέ</span> <span class='ocrx_word' id='word_1_367' title='bbox 783 2528 807 2583; x_wconf 84' lang='lat' dir='ltr'><strong>oi</strong></span> <span class='ocrx_word' id='word_1_368' title='bbox 821 2525 867 2604; x_wconf 88' lang='grc' dir='ltr'><strong>ἄρ·</strong></span> 
     </span>
     <span class='ocr_line' id='line_1_47' title="bbox 89 2609 767 2690; baseline -0.001 -22"><span class='ocrx_word' id='word_1_369' title='bbox 89 2633 179 2688; x_wconf 88' lang='grc' dir='ltr'>χοντες</span> <span class='ocrx_word' id='word_1_370' title='bbox 193 2609 345 2682; x_wconf 76' lang='grc' dir='ltr'>κατέάήσαν</span> <span class='ocrx_word' id='word_1_371' title='bbox 361 2609 538 2687; x_wconf 81' lang='grc' dir='ltr'>διηγήσασθαι</span> <span class='ocrx_word' id='word_1_372' title='bbox 552 2611 590 2689; x_wconf 81' lang='grc' dir='ltr'><strong>τῷ</strong></span> <span class='ocrx_word' id='word_1_373' title='bbox 605 2609 767 2690; x_wconf 74' lang='grc' dir='ltr'>πατριάρχη.</span> 
     </span>
    </p>

    <p class='ocr_par' dir='ltr' id='par_1_10' title="bbox 28 2697 868 3570">
     <span class='ocr_line' id='line_1_48' title="bbox 129 2697 868 2779; baseline 0.001 -24"><span class='ocrx_word' id='word_1_374' title='bbox 129 2700 147 2774; x_wconf 89' lang='lat'>§</span> <span class='ocrx_word' id='word_1_375' title='bbox 165 2700 229 2768; x_wconf 70' lang='lat'><strong>143.</strong></span> <span class='ocrx_word' id='word_1_376' title='bbox 247 2741 331 2760; x_wconf 86' lang='grc'><strong>.......</strong></span> <span class='ocrx_word' id='word_1_377' title='bbox 345 2697 526 2779; x_wconf 77' lang='grc' dir='ltr'>Σφοδρότατος</span> <span class='ocrx_word' id='word_1_378' title='bbox 538 2697 632 2772; x_wconf 85' lang='grc' dir='ltr'>ἄνεμος</span> <span class='ocrx_word' id='word_1_379' title='bbox 646 2697 698 2756; x_wconf 79' lang='grc' dir='ltr'><strong>ἀπὸ</strong></span> <span class='ocrx_word' id='word_1_380' title='bbox 710 2705 754 2756; x_wconf 92' lang='grc' dir='ltr'><strong>τοῦ</strong></span> <span class='ocrx_word' id='word_1_381' title='bbox 769 2700 868 2758; x_wconf 88' lang='grc' dir='ltr'>δεσπο-</span> 
     </span>
     <span class='ocr_line' id='line_1_49' title="bbox 88 2776 868 2866; baseline 0.001 -23"><span class='ocrx_word' id='word_1_382' title='bbox 88 2791 165 2844; x_wconf 89' lang='grc' dir='ltr'>τικοῦ</span> <span class='ocrx_word' id='word_1_383' title='bbox 180 2787 305 2862; x_wconf 83' lang='grc' dir='ltr'>σημείου,</span> <span class='ocrx_word' id='word_1_384' title='bbox 318 2776 347 2849; x_wconf 77' lang='grc' dir='ltr'><strong>οῦ</strong></span> <span class='ocrx_word' id='word_1_385' title='bbox 360 2789 430 2866; x_wconf 80' lang='grc' dir='ltr'>ἐντῇ</span> <span class='ocrx_word' id='word_1_386' title='bbox 442 2785 512 2866; x_wconf 85' lang='grc' dir='ltr'>χειρί</span> <span class='ocrx_word' id='word_1_387' title='bbox 524 2785 669 2857; x_wconf 79' lang='grc' dir='ltr'>ἐῦάσταζε,</span> <span class='ocrx_word' id='word_1_388' title='bbox 682 2784 809 2859; x_wconf 88' lang='grc' dir='ltr'>πνειίαας,</span> <span class='ocrx_word' id='word_1_389' title='bbox 822 2786 868 2846; x_wconf 82' lang='grc' dir='ltr'><strong>καί</strong></span> 
     </span>
     <span class='ocr_line' id='line_1_50' title="bbox 90 2872 868 2954; baseline 0.003 -22"><span class='ocrx_word' id='word_1_390' title='bbox 90 2873 141 2946; x_wconf 81' lang='grc' dir='ltr'><strong>τὴν</strong></span> <span class='ocrx_word' id='word_1_391' title='bbox 156 2874 292 2950; x_wconf 79' lang='grc' dir='ltr'>οἰκοδομὴν</span> <span class='ocrx_word' id='word_1_392' title='bbox 305 2877 356 2933; x_wconf 84' lang='grc' dir='ltr'><strong>τῶν</strong></span> <span class='ocrx_word' id='word_1_393' title='bbox 376 2878 473 2954; x_wconf 80' lang='grc' dir='ltr'>βωμῶν</span> <span class='ocrx_word' id='word_1_394' title='bbox 486 2872 583 2954; x_wconf 77' lang='grc' dir='ltr'>τύψας,</span> <span class='ocrx_word' id='word_1_395' title='bbox 596 2876 626 2932; x_wconf 85' lang='grc' dir='ltr'>ἐκ</span> <span class='ocrx_word' id='word_1_396' title='bbox 642 2874 768 2950; x_wconf 79' lang='grc' dir='ltr'>θεμελίων</span> <span class='ocrx_word' id='word_1_397' title='bbox 783 2875 868 2934; x_wconf 83' lang='grc' dir='ltr'>κατέ-</span> 
     </span>
     <span class='ocr_line' id='line_1_51' title="bbox 90 2961 867 3044; baseline 0.001 -24"><span class='ocrx_word' id='word_1_398' title='bbox 90 2961 188 3034; x_wconf 68' lang='lat' dir='ltr'><strong>Galsa,</strong></span> <span class='ocrx_word' id='word_1_399' title='bbox 204 2968 251 3034; x_wconf 73' lang='grc' dir='ltr'><strong>τῆς</strong></span> <span class='ocrx_word' id='word_1_400' title='bbox 266 2962 398 3044; x_wconf 73' lang='grc' dir='ltr'>φάραγγος</span> <span class='ocrx_word' id='word_1_401' title='bbox 411 2961 516 3042; x_wconf 80' lang='grc' dir='ltr'>πλήρης</span> <span class='ocrx_word' id='word_1_402' title='bbox 530 2962 690 3038; x_wconf 84' lang='grc' dir='ltr'>ε’κπνειίσας,</span> <span class='ocrx_word' id='word_1_403' title='bbox 705 2963 750 3023; x_wconf 82' lang='grc' dir='ltr'><strong>καί</strong></span> <span class='ocrx_word' id='word_1_404' title='bbox 768 2987 867 3022; x_wconf 86' lang='grc' dir='ltr'>παντε-</span> 
     </span>
     <span class='ocr_line' id='line_1_52' title="bbox 28 3050 866 3132; baseline -0.002 -20"><span class='ocrx_word' id='word_1_405' title='bbox 28 3063 32 3074; x_wconf 90' lang='grc'><strong>’</strong></span> <span class='ocrx_word' id='word_1_406' title='bbox 88 3054 144 3119; x_wconf 81' lang='grc' dir='ltr'>λῶς</span> <span class='ocrx_word' id='word_1_407' title='bbox 159 3051 285 3132; x_wconf 76' lang='grc' dir='ltr'>ἐδαρίσας</span> <span class='ocrx_word' id='word_1_408' title='bbox 300 3051 343 3110; x_wconf 74' lang='grc' dir='ltr'><strong>τὀν</strong></span> <span class='ocrx_word' id='word_1_409' title='bbox 357 3050 452 3130; x_wconf 90' lang='grc' dir='ltr'>τόπον,</span> <span class='ocrx_word' id='word_1_410' title='bbox 466 3051 535 3111; x_wconf 79' lang='grc' dir='ltr'>ὥστε</span> <span class='ocrx_word' id='word_1_411' title='bbox 550 3050 616 3130; x_wconf 76' lang='grc' dir='ltr'>μηδὲ</span> <span class='ocrx_word' id='word_1_412' title='bbox 634 3050 667 3108; x_wconf 74' lang='lat' dir='ltr'><strong>*td</strong></span> <span class='ocrx_word' id='word_1_413' title='bbox 683 3050 756 3131; x_wconf 82' lang='grc' dir='ltr'>ἴχνια</span> <span class='ocrx_word' id='word_1_414' title='bbox 779 3053 866 3110; x_wconf 77' lang='grc' dir='ltr'>αὐτῶν</span> 
     </span>
     <span class='ocr_line' id='line_1_53' title="bbox 88 3138 868 3220; baseline -0.003 -22"><span class='ocrx_word' id='word_1_415' title='bbox 88 3139 145 3198; x_wconf 85' lang='grc' dir='ltr'>εἰπδ</span> <span class='ocrx_word' id='word_1_416' title='bbox 160 3139 221 3198; x_wconf 86' lang='grc' dir='ltr'>τότε</span> <span class='ocrx_word' id='word_1_417' title='bbox 237 3143 368 3220; x_wconf 77' lang='grc' dir='ltr'>φανῆναι,</span> <span class='ocrx_word' id='word_1_418' title='bbox 384 3138 429 3197; x_wconf 81' lang='grc' dir='ltr'><strong>καί</strong></span> <span class='ocrx_word' id='word_1_419' title='bbox 441 3139 499 3207; x_wconf 84' lang='grc' dir='ltr'>τοῦς</span> <span class='ocrx_word' id='word_1_420' title='bbox 513 3139 599 3205; x_wconf 85' lang='grc' dir='ltr'>λίθους</span> <span class='ocrx_word' id='word_1_421' title='bbox 613 3139 639 3198; x_wconf 82' lang='grc' dir='ltr'>δὲ</span> <span class='ocrx_word' id='word_1_422' title='bbox 662 3139 776 3216; x_wconf 89' lang='grc' dir='ltr'>μηκόθεν</span> <span class='ocrx_word' id='word_1_423' title='bbox 791 3142 868 3198; x_wconf 77' lang='lat' dir='ltr'><strong>dxcv·</strong></span> 
     </span>
     <span class='ocr_line' id='line_1_54' title="bbox 87 3226 867 3306; baseline -0.001 -19"><span class='ocrx_word' id='word_1_424' title='bbox 87 3227 174 3294; x_wconf 90' lang='grc' dir='ltr'>τίσας.</span> <span class='ocrx_word' id='word_1_425' title='bbox 186 3227 344 3289; x_wconf 79' lang='grc' dir='ltr'>Ἀλλόὐδέδ</span> <span class='ocrx_word' id='word_1_426' title='bbox 355 3227 449 3306; x_wconf 82' lang='grc' dir='ltr'>χρυσὸς</span> <span class='ocrx_word' id='word_1_427' title='bbox 461 3227 506 3286; x_wconf 78' lang='grc' dir='ltr'><strong>καὶ</strong></span> <span class='ocrx_word' id='word_1_428' title='bbox 518 3232 532 3288; x_wconf 86' lang='grc' dir='ltr'>δ</span> <span class='ocrx_word' id='word_1_429' title='bbox 548 3227 658 3306; x_wconf 83' lang='grc' dir='ltr'>ἄργυρος</span> <span class='ocrx_word' id='word_1_430' title='bbox 665 3273 673 3302; x_wconf 93' lang='grc'>,</span> <span class='ocrx_word' id='word_1_431' title='bbox 684 3231 698 3286; x_wconf 89' lang='grc' dir='ltr'>δ</span> <span class='ocrx_word' id='word_1_432' title='bbox 709 3226 789 3294; x_wconf 86' lang='grc' dir='ltr'>πολῦς</span> <span class='ocrx_word' id='word_1_433' title='bbox 801 3231 867 3286; x_wconf 84' lang='grc' dir='ltr'>ἀπο·</span> 
     </span>
     <span class='ocr_line' id='line_1_55' title="bbox 88 3315 867 3396; baseline -0.006 -19"><span class='ocrx_word' id='word_1_434' title='bbox 88 3317 207 3393; x_wconf 79' lang='grc' dir='ltr'>κείμενος</span> <span class='ocrx_word' id='word_1_435' title='bbox 222 3319 248 3374; x_wconf 84' lang='grc' dir='ltr'><strong>ἐν</strong></span> <span class='ocrx_word' id='word_1_436' title='bbox 261 3319 298 3396; x_wconf 84' lang='grc' dir='ltr'><strong>τῷ</strong></span> <span class='ocrx_word' id='word_1_437' title='bbox 310 3317 373 3395; x_wconf 81' lang='grc' dir='ltr'>ίερῷ</span> <span class='ocrx_word' id='word_1_438' title='bbox 382 3361 389 3391; x_wconf 91' lang='grc'>,</span> <span class='ocrx_word' id='word_1_439' title='bbox 399 3317 502 3395; x_wconf 81' lang='grc' dir='ltr'>εὑρέθη,</span> <span class='ocrx_word' id='word_1_440' title='bbox 512 3316 557 3374; x_wconf 83' lang='grc' dir='ltr'><strong>καί</strong></span> <span class='ocrx_word' id='word_1_441' title='bbox 569 3319 667 3388; x_wconf 79' lang='grc' dir='ltr'>πλῆθος</span> <span class='ocrx_word' id='word_1_442' title='bbox 681 3316 708 3374; x_wconf 83' lang='grc' dir='ltr'>δὲ</span> <span class='ocrx_word' id='word_1_443' title='bbox 724 3315 867 3394; x_wconf 79' lang='grc' dir='ltr'>ἀνθρώπων</span> 
     </span>
     <span class='ocr_line' id='line_1_56' title="bbox 88 3402 867 3484; baseline -0.005 -20"><span class='ocrx_word' id='word_1_444' title='bbox 88 3407 118 3463; x_wconf 78' lang='grc' dir='ltr'>ἐκ</span> <span class='ocrx_word' id='word_1_445' title='bbox 127 3408 179 3464; x_wconf 81' lang='grc' dir='ltr'><strong>τῶν</strong></span> <span class='ocrx_word' id='word_1_446' title='bbox 186 3403 278 3484; x_wconf 77' lang='grc' dir='ltr'>ἱερέων</span> <span class='ocrx_word' id='word_1_447' title='bbox 286 3403 331 3462; x_wconf 84' lang='grc' dir='ltr'><strong>καλ</strong></span> <span class='ocrx_word' id='word_1_448' title='bbox 341 3406 393 3462; x_wconf 84' lang='grc' dir='ltr'><strong>τῶν</strong></span> <span class='ocrx_word' id='word_1_449' title='bbox 404 3403 602 3482; x_wconf 85' lang='grc' dir='ltr'>δεισιδαιμόνων</span> <span class='ocrx_word' id='word_1_450' title='bbox 613 3406 639 3461; x_wconf 89' lang='grc' dir='ltr'><strong>ἐν</strong></span> <span class='ocrx_word' id='word_1_451' title='bbox 649 3406 687 3482; x_wconf 85' lang='grc' dir='ltr'><strong>τῷ</strong></span> <span class='ocrx_word' id='word_1_452' title='bbox 695 3403 768 3483; x_wconf 83' lang='grc' dir='ltr'>τόπῳ</span> <span class='ocrx_word' id='word_1_453' title='bbox 777 3402 867 3484; x_wconf 82' lang='grc' dir='ltr'>ἐκείνῳ</span> 
     </span>
     <span class='ocr_line' id='line_1_57' title="bbox 89 3489 864 3570; baseline -0.003 -20"><span class='ocrx_word' id='word_1_454' title='bbox 89 3491 318 3570; x_wconf 52' lang='grc' dir='ltr'>άπέθανον,,μηδὲ</span> <span class='ocrx_word' id='word_1_455' title='bbox 333 3495 384 3550; x_wconf 84' lang='grc' dir='ltr'><strong>τῶν</strong></span> <span class='ocrx_word' id='word_1_456' title='bbox 403 3490 503 3550; x_wconf 82' lang='grc' dir='ltr'>θστέων</span> <span class='ocrx_word' id='word_1_457' title='bbox 517 3493 602 3550; x_wconf 75' lang='grc' dir='ltr'>αὐτῶν</span> <span class='ocrx_word' id='word_1_458' title='bbox 618 3489 773 3570; x_wconf 80' lang='grc' dir='ltr'>εὑρεθέντων</span> <span class='ocrx_word' id='word_1_459' title='bbox 776 3534 864 3554; x_wconf 87' lang='grc'><strong>.......</strong></span> 
     </span>
    </p>

    <p class='ocr_par' dir='ltr' id='par_1_11' title="bbox 77 3577 869 5244">
     <span class='ocr_line' id='line_1_58' title="bbox 129 3577 866 3660; baseline -0.005 -19"><span class='ocrx_word' id='word_1_460' title='bbox 129 3579 205 3641; x_wconf 75' lang='grc' dir='ltr'>Μετὰ</span> <span class='ocrx_word' id='word_1_461' title='bbox 219 3580 338 3639; x_wconf 83' lang='grc' dir='ltr'>δὲταῦτα</span> <span class='ocrx_word' id='word_1_462' title='bbox 350 3579 464 3640; x_wconf 82' lang='grc' dir='ltr'>άνελθδιν</span> <span class='ocrx_word' id='word_1_463' title='bbox 475 3583 511 3648; x_wconf 85' lang='grc' dir='ltr'><strong>είς</strong></span> <span class='ocrx_word' id='word_1_464' title='bbox 520 3579 563 3638; x_wconf 81' lang='grc' dir='ltr'><strong>τὸν</strong></span> <span class='ocrx_word' id='word_1_465' title='bbox 572 3577 650 3638; x_wconf 87' lang='grc' dir='ltr'>τόπον</span> <span class='ocrx_word' id='word_1_466' title='bbox 661 3581 740 3660; x_wconf 87' lang='grc' dir='ltr'>ίεροῦ,</span> <span class='ocrx_word' id='word_1_467' title='bbox 750 3578 797 3638; x_wconf 83' lang='grc' dir='ltr'><strong>καί</strong></span> <span class='ocrx_word' id='word_1_468' title='bbox 807 3602 866 3638; x_wconf 87' lang='grc' dir='ltr'>συν-</span> 
     </span>
     <span class='ocr_line' id='line_1_59' title="bbox 89 3666 866 3748; baseline -0.003 -21"><span class='ocrx_word' id='word_1_469' title='bbox 89 3669 152 3738; x_wconf 83' lang='grc' dir='ltr'>άξας</span> <span class='ocrx_word' id='word_1_470' title='bbox 168 3668 227 3736; x_wconf 84' lang='grc' dir='ltr'>τοῦς</span> <span class='ocrx_word' id='word_1_471' title='bbox 246 3667 395 3748; x_wconf 74' lang='grc' dir='ltr'>ἀνθρώπους</span> <span class='ocrx_word' id='word_1_472' title='bbox 403 3712 412 3742; x_wconf 89' lang='grc'>,</span> <span class='ocrx_word' id='word_1_473' title='bbox 424 3669 559 3728; x_wconf 80' lang='grc' dir='ltr'>ἐδίδασκεν</span> <span class='ocrx_word' id='word_1_474' title='bbox 572 3666 618 3739; x_wconf 76' lang='lat' dir='ltr'><strong>rip</strong></span> <span class='ocrx_word' id='word_1_475' title='bbox 634 3667 790 3744; x_wconf 86' lang='grc' dir='ltr'>θεογνωσίαν</span> <span class='ocrx_word' id='word_1_476' title='bbox 798 3713 807 3740; x_wconf 93' lang='grc'>,</span> <span class='ocrx_word' id='word_1_477' title='bbox 821 3668 866 3725; x_wconf 86' lang='grc' dir='ltr'><strong>καί</strong></span> 
     </span>
     <span class='ocr_line' id='line_1_60' title="bbox 89 3755 866 3835; baseline -0.004 -19"><span class='ocrx_word' id='word_1_478' title='bbox 89 3757 227 3817; x_wconf 80' lang='grc' dir='ltr'>κατέθεντο</span> <span class='ocrx_word' id='word_1_479' title='bbox 249 3758 284 3817; x_wconf 83' lang='grc' dir='ltr'><strong>τθι</strong></span> <span class='ocrx_word' id='word_1_480' title='bbox 305 3756 415 3835; x_wconf 79' lang='grc' dir='ltr'>θεμέλια</span> <span class='ocrx_word' id='word_1_481' title='bbox 435 3760 482 3828; x_wconf 83' lang='grc' dir='ltr'><strong>τῆς</strong></span> <span class='ocrx_word' id='word_1_482' title='bbox 506 3755 646 3826; x_wconf 83' lang='grc' dir='ltr'>ἐκκλησίας</span> <span class='ocrx_word' id='word_1_483' title='bbox 667 3759 693 3814; x_wconf 86' lang='grc' dir='ltr'><strong>ἐν</strong></span> <span class='ocrx_word' id='word_1_484' title='bbox 710 3755 797 3820; x_wconf 76' lang='grc' dir='ltr'>αὐτοῖς</span> <span class='ocrx_word' id='word_1_485' title='bbox 814 3765 866 3822; x_wconf 89' lang='grc' dir='ltr'>τοῖς</span> 
     </span>
     <span class='ocr_line' id='line_1_61' title="bbox 89 3841 867 3924; baseline -0.005 -20"><span class='ocrx_word' id='word_1_486' title='bbox 89 3845 191 3918; x_wconf 86' lang='grc' dir='ltr'>τόποις,</span> <span class='ocrx_word' id='word_1_487' title='bbox 204 3845 250 3905; x_wconf 80' lang='grc' dir='ltr'><strong>καί</strong></span> <span class='ocrx_word' id='word_1_488' title='bbox 262 3845 371 3918; x_wconf 83' lang='grc' dir='ltr'>ἔστησεν</span> <span class='ocrx_word' id='word_1_489' title='bbox 383 3843 568 3924; x_wconf 75' lang='grc' dir='ltr'>θυσιαστήριον</span> <span class='ocrx_word' id='word_1_490' title='bbox 582 3846 608 3901; x_wconf 82' lang='grc' dir='ltr'><strong>ἐν</strong></span> <span class='ocrx_word' id='word_1_491' title='bbox 621 3843 729 3918; x_wconf 83' lang='grc' dir='ltr'>ὀνόματι</span> <span class='ocrx_word' id='word_1_492' title='bbox 738 3846 784 3913; x_wconf 77' lang='grc' dir='ltr'><strong>τῆς</strong></span> <span class='ocrx_word' id='word_1_493' title='bbox 794 3841 867 3913; x_wconf 80' lang='grc' dir='ltr'>δόξης</span> 
     </span>
     <span class='ocr_line' id='line_1_62' title="bbox 88 3931 865 4012; baseline -0.006 -20"><span class='ocrx_word' id='word_1_494' title='bbox 88 3941 133 3993; x_wconf 93' lang='grc' dir='ltr'><strong>τοῦ</strong></span> <span class='ocrx_word' id='word_1_495' title='bbox 156 3936 245 4006; x_wconf 83' lang='grc' dir='ltr'>Θεοῦ,</span> <span class='ocrx_word' id='word_1_496' title='bbox 262 3937 347 3994; x_wconf 81' lang='grc' dir='ltr'>ἐκεῖσε</span> <span class='ocrx_word' id='word_1_497' title='bbox 368 3936 394 3992; x_wconf 92' lang='grc' dir='ltr'><strong>ἐν</strong></span> <span class='ocrx_word' id='word_1_498' title='bbox 416 3933 529 4012; x_wconf 80' lang='grc' dir='ltr'>πρώτοις</span> <span class='ocrx_word' id='word_1_499' title='bbox 548 3931 691 4011; x_wconf 81' lang='grc' dir='ltr'>ἀρξάμενος</span> <span class='ocrx_word' id='word_1_500' title='bbox 718 3931 865 4001; x_wconf 79' lang='grc' dir='ltr'>ἐκκλησιῶν</span> 
     </span>
     <span class='ocr_line' id='line_1_63' title="bbox 87 4018 867 4100; baseline -0.006 -18"><span class='ocrx_word' id='word_1_501' title='bbox 87 4025 228 4100; x_wconf 79' lang='grc' dir='ltr'>οἰκοδομῆς</span> <span class='ocrx_word' id='word_1_502' title='bbox 249 4022 295 4081; x_wconf 81' lang='grc' dir='ltr'><strong>καί</strong></span> <span class='ocrx_word' id='word_1_503' title='bbox 315 4021 503 4088; x_wconf 81' lang='grc' dir='ltr'>καταστάσεως</span> <span class='ocrx_word' id='word_1_504' title='bbox 522 4019 713 4099; x_wconf 73' lang='grc' dir='ltr'>θυσιαστηρίου</span> <span class='ocrx_word' id='word_1_505' title='bbox 729 4022 764 4085; x_wconf 86' lang='grc' dir='ltr'><strong>εἷς</strong></span> <span class='ocrx_word' id='word_1_506' title='bbox 783 4018 867 4095; x_wconf 83' lang='grc' dir='ltr'>ὄνομα</span> 
     </span>
     <span class='ocr_line' id='line_1_64' title="bbox 86 4105 865 4193; baseline -0.009 -23"><span class='ocrx_word' id='word_1_507' title='bbox 86 4117 134 4170; x_wconf 89' lang='grc' dir='ltr'><strong>τοῦ</strong></span> <span class='ocrx_word' id='word_1_508' title='bbox 153 4111 289 4193; x_wconf 77' lang='grc' dir='ltr'>Χριστοῦ·</span> <span class='ocrx_word' id='word_1_509' title='bbox 305 4110 351 4170; x_wconf 82' lang='grc' dir='ltr'><strong>καί</strong></span> <span class='ocrx_word' id='word_1_510' title='bbox 365 4111 507 4188; x_wconf 82' lang='grc' dir='ltr'>ἑτοιμάσας</span> <span class='ocrx_word' id='word_1_511' title='bbox 520 4113 649 4187; x_wconf 77' lang='grc' dir='ltr'>λουτῆρας</span> <span class='ocrx_word' id='word_1_512' title='bbox 666 4105 865 4186; x_wconf 85' lang='grc' dir='ltr'>βαπτίσματος,</span> 
     </span>
     <span class='ocr_line' id='line_1_65' title="bbox 86 4195 869 4280; baseline -0.009 -20"><span class='ocrx_word' id='word_1_513' title='bbox 86 4203 193 4280; x_wconf 84' lang='grc' dir='ltr'>πρῶτον</span> <span class='ocrx_word' id='word_1_514' title='bbox 210 4201 258 4276; x_wconf 79' lang='grc' dir='ltr'>μὲν</span> <span class='ocrx_word' id='word_1_515' title='bbox 272 4200 330 4266; x_wconf 78' lang='grc' dir='ltr'>τοὺς</span> <span class='ocrx_word' id='word_1_516' title='bbox 344 4201 402 4276; x_wconf 86' lang='grc' dir='ltr'>μετ’</span> <span class='ocrx_word' id='word_1_517' title='bbox 419 4200 497 4258; x_wconf 80' lang='grc' dir='ltr'>αὐτοῦ</span> <span class='ocrx_word' id='word_1_518' title='bbox 518 4196 724 4262; x_wconf 81' lang='grc' dir='ltr'>συνοδεύσαντας</span> <span class='ocrx_word' id='word_1_519' title='bbox 738 4195 869 4274; x_wconf 80' lang='grc' dir='ltr'>μεγάλους</span> 
     </span>
     <span class='ocr_line' id='line_1_66' title="bbox 88 4283 866 4369; baseline -0.012 -21"><span class='ocrx_word' id='word_1_520' title='bbox 88 4289 229 4369; x_wconf 81' lang='grc' dir='ltr'>σατράπας</span> <span class='ocrx_word' id='word_1_521' title='bbox 243 4287 412 4358; x_wconf 74' lang='grc' dir='ltr'>ἐπελθόντας,</span> <span class='ocrx_word' id='word_1_522' title='bbox 432 4286 532 4366; x_wconf 79' lang='grc' dir='ltr'>ἡμέρας</span> <span class='ocrx_word' id='word_1_523' title='bbox 553 4286 580 4344; x_wconf 86' lang='grc' dir='ltr'>δέ</span> <span class='ocrx_word' id='word_1_524' title='bbox 597 4285 677 4344; x_wconf 91' lang='grc' dir='ltr'>είκοσι</span> <span class='ocrx_word' id='word_1_525' title='bbox 694 4285 720 4342; x_wconf 85' lang='grc' dir='ltr'><strong>ἐν</strong></span> <span class='ocrx_word' id='word_1_526' title='bbox 741 4286 774 4360; x_wconf 80' lang='grc' dir='ltr'><strong>τῇ</strong></span> <span class='ocrx_word' id='word_1_527' title='bbox 798 4283 866 4362; x_wconf 79' lang='grc' dir='ltr'>αὐτῇ</span> 
     </span>
     <span class='ocr_line' id='line_1_67' title="bbox 86 4368 866 4458; baseline -0.009 -24"><span class='ocrx_word' id='word_1_528' title='bbox 86 4376 198 4458; x_wconf 88' lang='grc' dir='ltr'>πατρίδι</span> <span class='ocrx_word' id='word_1_529' title='bbox 226 4377 408 4454; x_wconf 87' lang='grc' dir='ltr'>παραμείνας,</span> <span class='ocrx_word' id='word_1_530' title='bbox 433 4373 559 4435; x_wconf 74' lang='grc' dir='ltr'>ἐάάπτισε</span> <span class='ocrx_word' id='word_1_531' title='bbox 592 4371 698 4438; x_wconf 87' lang='grc' dir='ltr'>πλείους</span> <span class='ocrx_word' id='word_1_532' title='bbox 719 4368 794 4430; x_wconf 82' lang='grc' dir='ltr'>ἐννέα</span> <span class='ocrx_word' id='word_1_533' title='bbox 819 4371 866 4428; x_wconf 86' lang='grc' dir='ltr'><strong>καὶ</strong></span> 
     </span>
     <span class='ocr_line' id='line_1_68' title="bbox 87 4457 865 4545; baseline -0.01 -22"><span class='ocrx_word' id='word_1_534' title='bbox 87 4463 153 4524; x_wconf 81' lang='grc' dir='ltr'>δέκα</span> <span class='ocrx_word' id='word_1_535' title='bbox 168 4465 295 4545; x_wconf 78' lang='grc' dir='ltr'>μυριάδας</span> <span class='ocrx_word' id='word_1_536' title='bbox 307 4460 468 4543; x_wconf 81' lang='grc' dir='ltr'>ἀνθρώπων·</span> <span class='ocrx_word' id='word_1_537' title='bbox 481 4460 526 4520; x_wconf 85' lang='grc' dir='ltr'><strong>καὶ</strong></span> <span class='ocrx_word' id='word_1_538' title='bbox 540 4459 640 4532; x_wconf 74' lang='grc' dir='ltr'>στήσας</span> <span class='ocrx_word' id='word_1_539' title='bbox 651 4457 824 4538; x_wconf 76' lang='grc' dir='ltr'>θυσιαστήρια</span> <span class='ocrx_word' id='word_1_540' title='bbox 838 4459 865 4516; x_wconf 81' lang='grc' dir='ltr'><strong>ἓν</strong></span> 
     </span>
     <span class='ocr_line' id='line_1_69' title="bbox 85 4547 866 4635; baseline -0.013 -22"><span class='ocrx_word' id='word_1_541' title='bbox 85 4563 141 4621; x_wconf 88' lang='grc' dir='ltr'>τοῖς</span> <span class='ocrx_word' id='word_1_542' title='bbox 155 4553 309 4635; x_wconf 85' lang='grc' dir='ltr'>μαρτυρίοις</span> <span class='ocrx_word' id='word_1_543' title='bbox 321 4555 374 4611; x_wconf 81' lang='grc' dir='ltr'><strong>τῶν</strong></span> <span class='ocrx_word' id='word_1_544' title='bbox 389 4550 470 4629; x_wconf 78' lang='grc' dir='ltr'>ἁγίων</span> <span class='ocrx_word' id='word_1_545' title='bbox 478 4595 487 4626; x_wconf 88' lang='grc'>,</span> <span class='ocrx_word' id='word_1_546' title='bbox 504 4557 559 4616; x_wconf 86' lang='grc' dir='ltr'>τοῖς</span> <span class='ocrx_word' id='word_1_547' title='bbox 570 4551 615 4606; x_wconf 77' lang='grc' dir='ltr'><strong>ὑπ’</strong></span> <span class='ocrx_word' id='word_1_548' title='bbox 629 4550 709 4629; x_wconf 74' lang='grc' dir='ltr'>αὐτοῦ</span> <span class='ocrx_word' id='word_1_549' title='bbox 725 4547 866 4623; x_wconf 75' lang='grc' dir='ltr'>οἰκοδομη-</span> 
     </span>
     <span class='ocr_line' id='line_1_70' title="bbox 85 4634 865 4722; baseline -0.009 -21"><span class='ocrx_word' id='word_1_550' title='bbox 85 4646 184 4716; x_wconf 88' lang='grc' dir='ltr'>θεῖσιν,</span> <span class='ocrx_word' id='word_1_551' title='bbox 209 4642 386 4722; x_wconf 67' lang='grc' dir='ltr'>προσήνεγκεν</span> <span class='ocrx_word' id='word_1_552' title='bbox 410 4637 561 4720; x_wconf 80' lang='grc' dir='ltr'>προσφορὰς</span> <span class='ocrx_word' id='word_1_553' title='bbox 585 4635 736 4716; x_wconf 83' lang='grc' dir='ltr'>σωτηρίων,</span> <span class='ocrx_word' id='word_1_554' title='bbox 763 4635 809 4693; x_wconf 84' lang='grc' dir='ltr'><strong>καί</strong></span> <span class='ocrx_word' id='word_1_555' title='bbox 835 4634 865 4694; x_wconf 82' lang='grc' dir='ltr'><strong>τό</strong></span> 
     </span>
     <span class='ocr_line' id='line_1_71' title="bbox 86 4719 864 4808; baseline -0.012 -18"><span class='ocrx_word' id='word_1_556' title='bbox 86 4731 214 4799; x_wconf 84' lang='grc' dir='ltr'>ζωοποιδν</span> <span class='ocrx_word' id='word_1_557' title='bbox 226 4733 304 4808; x_wconf 84' lang='grc' dir='ltr'>σῶμα</span> <span class='ocrx_word' id='word_1_558' title='bbox 317 4729 363 4789; x_wconf 90' lang='grc' dir='ltr'><strong>καί</strong></span> <span class='ocrx_word' id='word_1_559' title='bbox 377 4719 446 4807; x_wconf 79' lang='grc' dir='ltr'>αἷμα</span> <span class='ocrx_word' id='word_1_560' title='bbox 455 4733 500 4786; x_wconf 90' lang='grc' dir='ltr'><strong>τοῦ</strong></span> <span class='ocrx_word' id='word_1_561' title='bbox 514 4730 634 4805; x_wconf 78' lang='grc' dir='ltr'>Χριστοῦ</span> <span class='ocrx_word' id='word_1_562' title='bbox 647 4724 778 4802; x_wconf 82' lang='grc' dir='ltr'>μετέδωκε</span> <span class='ocrx_word' id='word_1_563' title='bbox 790 4731 864 4782; x_wconf 83' lang='grc' dir='ltr'>πᾶσι·</span> 
     </span>
     <span class='ocr_line' id='line_1_72' title="bbox 77 4811 866 4900; baseline -0.014 -22"><span class='ocrx_word' id='word_1_564' title='bbox 77 4820 133 4900; x_wconf 80' lang='grc' dir='ltr'><strong>Ικαὶ</strong></span> <span class='ocrx_word' id='word_1_565' title='bbox 140 4818 300 4900; x_wconf 80' lang='grc' dir='ltr'>προσέταξεν</span> <span class='ocrx_word' id='word_1_566' title='bbox 311 4817 460 4878; x_wconf 82' lang='grc' dir='ltr'>ἐπιτελέσαι</span> <span class='ocrx_word' id='word_1_567' title='bbox 471 4819 530 4875; x_wconf 87' lang='grc' dir='ltr'>κατ’</span> <span class='ocrx_word' id='word_1_568' title='bbox 538 4815 594 4882; x_wconf 81' lang='grc' dir='ltr'>ἔτος</span> <span class='ocrx_word' id='word_1_569' title='bbox 607 4817 634 4872; x_wconf 83' lang='grc' dir='ltr'><strong>ἐν</strong></span> <span class='ocrx_word' id='word_1_570' title='bbox 643 4817 682 4894; x_wconf 80' lang='grc' dir='ltr'><strong>τῷ</strong></span> <span class='ocrx_word' id='word_1_571' title='bbox 693 4813 766 4892; x_wconf 84' lang='grc' dir='ltr'>τόπῳ</span> <span class='ocrx_word' id='word_1_572' title='bbox 777 4811 866 4890; x_wconf 84' lang='grc' dir='ltr'>ἐκείνῳ</span> 
     </span>
     <span class='ocr_line' id='line_1_73' title="bbox 86 4897 865 4987; baseline -0.014 -21"><span class='ocrx_word' id='word_1_573' title='bbox 86 4907 136 4980; x_wconf 68' lang='grc' dir='ltr'><strong>τὴν</strong></span> <span class='ocrx_word' id='word_1_574' title='bbox 149 4911 203 4967; x_wconf 78' lang='grc' dir='ltr'><strong>τῶν</strong></span> <span class='ocrx_word' id='word_1_575' title='bbox 216 4906 356 4987; x_wconf 84' lang='grc' dir='ltr'>μαρτύρων</span> <span class='ocrx_word' id='word_1_576' title='bbox 372 4905 479 4984; x_wconf 81' lang='grc' dir='ltr'>μνήμην</span> <span class='ocrx_word' id='word_1_577' title='bbox 496 4903 596 4982; x_wconf 79' lang='grc' dir='ltr'>ἑὸδιίμῃ</span> <span class='ocrx_word' id='word_1_578' title='bbox 610 4907 657 4960; x_wconf 82' lang='grc' dir='ltr'><strong>τοῦ</strong></span> <span class='ocrx_word' id='word_1_579' title='bbox 673 4899 753 4977; x_wconf 78' lang='grc' dir='ltr'>μηνὸς</span> <span class='ocrx_word' id='word_1_580' title='bbox 769 4897 865 4976; x_wconf 79' lang='grc' dir='ltr'>Σαομὴ</span> 
     </span>
     <span class='ocr_line' id='line_1_74' title="bbox 85 4977 866 5068; baseline -0.017 -22"><span class='ocrx_word' id='word_1_581' title='bbox 85 4987 157 5046; x_wconf 73' lang='grc' dir='ltr'>κατὰ</span> <span class='ocrx_word' id='word_1_582' title='bbox 167 4988 260 5068; x_wconf 82' lang='grc' dir='ltr'>χώραν</span> <span class='ocrx_word' id='word_1_583' title='bbox 270 4986 427 5065; x_wconf 84' lang='grc' dir='ltr'>λεγομένου,</span> <span class='ocrx_word' id='word_1_584' title='bbox 437 4982 506 5043; x_wconf 88' lang='grc' dir='ltr'>κατδι</span> <span class='ocrx_word' id='word_1_585' title='bbox 518 4983 546 5042; x_wconf 77' lang='grc' dir='ltr'>δέ</span> <span class='ocrx_word' id='word_1_586' title='bbox 556 4981 707 5056; x_wconf 82' lang='grc' dir='ltr'>Ῥωμαίους</span> <span class='ocrx_word' id='word_1_587' title='bbox 720 4977 866 5058; x_wconf 79' lang='grc' dir='ltr'>θκτωῦρίιρ,</span> 
     </span>
     <span class='ocr_line' id='line_1_75' title="bbox 86 5063 865 5154; baseline -0.018 -20"><span class='ocrx_word' id='word_1_588' title='bbox 86 5074 158 5144; x_wconf 77' lang='grc' dir='ltr'>ὅπως</span> <span class='ocrx_word' id='word_1_589' title='bbox 174 5073 243 5154; x_wconf 78' lang='grc' dir='ltr'>μετλι</span> <span class='ocrx_word' id='word_1_590' title='bbox 253 5076 378 5148; x_wconf 88' lang='grc' dir='ltr'>πλείστης</span> <span class='ocrx_word' id='word_1_591' title='bbox 390 5081 472 5154; x_wconf 71' lang='grc' dir='ltr'>χαρᾶς</span> <span class='ocrx_word' id='word_1_592' title='bbox 484 5068 653 5149; x_wconf 78' lang='grc' dir='ltr'>συναχθέντας</span> <span class='ocrx_word' id='word_1_593' title='bbox 663 5067 711 5138; x_wconf 84' lang='grc' dir='ltr'><strong>τὴν</strong></span> <span class='ocrx_word' id='word_1_594' title='bbox 720 5063 865 5142; x_wconf 79' lang='grc' dir='ltr'>πανήγυριν</span> 
     </span>
     <span class='ocr_line' id='line_1_76' title="bbox 88 5153 869 5244; baseline -0.02 -20"><span class='ocrx_word' id='word_1_595' title='bbox 88 5164 190 5239; x_wconf 85' lang='grc' dir='ltr'>ἐκείνης</span> <span class='ocrx_word' id='word_1_596' title='bbox 209 5167 257 5235; x_wconf 76' lang='grc' dir='ltr'><strong>τῆς</strong></span> <span class='ocrx_word' id='word_1_597' title='bbox 282 5161 382 5244; x_wconf 78' lang='grc' dir='ltr'>ἡμέρας</span> <span class='ocrx_word' id='word_1_598' title='bbox 398 5159 575 5239; x_wconf 85' lang='grc' dir='ltr'>ἑορτάσωσιν,</span> <span class='ocrx_word' id='word_1_599' title='bbox 590 5153 684 5224; x_wconf 75' lang='grc' dir='ltr'>ἐπειδὴ</span> <span class='ocrx_word' id='word_1_600' title='bbox 699 5155 810 5212; x_wconf 84' lang='grc' dir='ltr'>ἐνταῦθα</span> <span class='ocrx_word' id='word_1_601' title='bbox 825 5155 869 5210; x_wconf 89' lang='grc' dir='ltr'>ἐκ-</span> 
     </span>
    </p>
   </div>
   <div class='ocr_carea' id='block_1_9' title="bbox 923 2364 1701 2549">
    <p class='ocr_par' dir='ltr' id='par_1_12' title="bbox 923 2364 1701 2549">
     <span class='ocr_line' id='line_1_77' title="bbox 923 2364 1701 2435; baseline 0.018 -23"><span class='ocrx_word' id='word_1_602' title='bbox 923 2364 988 2412; x_wconf 86' lang='lat' dir='ltr'><strong>enirn</strong></span> <span class='ocrx_word' id='word_1_603' title='bbox 1008 2365 1076 2416; x_wconf 84' lang='lat' dir='ltr'><strong>bitus</strong></span> <span class='ocrx_word' id='word_1_604' title='bbox 1092 2371 1176 2430; x_wconf 87' lang='lat' dir='ltr'><strong>erant,</strong></span> <span class='ocrx_word' id='word_1_605' title='bbox 1197 2374 1294 2433; x_wconf 86' lang='lat' dir='ltr'><strong>spectra</strong></span> <span class='ocrx_word' id='word_1_606' title='bbox 1309 2371 1447 2435; x_wconf 83' lang='lat' dir='ltr'><strong>objiciendo</strong></span> <span class='ocrx_word' id='word_1_607' title='bbox 1465 2374 1519 2423; x_wconf 86' lang='lat' dir='ltr'><strong>illas</strong></span> <span class='ocrx_word' id='word_1_608' title='bbox 1536 2376 1701 2426; x_wconf 78' lang='lat' dir='ltr'><strong>occultabant.</strong></span> 
     </span>
     <span class='ocr_line' id='line_1_78' title="bbox 923 2479 1700 2549; baseline 0.015 -25"><span class='ocrx_word' id='word_1_609' title='bbox 923 2479 955 2524; x_wconf 80' lang='lat' dir='ltr'><strong>at</strong></span> <span class='ocrx_word' id='word_1_610' title='bbox 968 2488 1048 2538; x_wconf 92' lang='lat' dir='ltr'><strong>neque</strong></span> <span class='ocrx_word' id='word_1_611' title='bbox 1060 2479 1213 2530; x_wconf 85' lang='lat' dir='ltr'><strong>extrinsecus</strong></span> <span class='ocrx_word' id='word_1_612' title='bbox 1224 2481 1316 2530; x_wconf 85' lang='lat' dir='ltr'><strong>terrum</strong></span> <span class='ocrx_word' id='word_1_613' title='bbox 1328 2483 1444 2544; x_wconf 73' lang='lat' dir='ltr'><strong>tangebat</strong></span> <span class='ocrx_word' id='word_1_614' title='bbox 1456 2483 1599 2534; x_wconf 71' lang='lat' dir='ltr'><strong>editicium.</strong></span> <span class='ocrx_word' id='word_1_615' title='bbox 1613 2488 1700 2549; x_wconf 84' lang='lat' dir='ltr'><strong>ltaque</strong></span> 
     </span>
    </p>
   </div>
   <div class='ocr_carea' id='block_1_10' title="bbox 922 2586 1699 2658">
    <p class='ocr_par' dir='ltr' id='par_1_13' title="bbox 922 2586 1699 2658">
     <span class='ocr_line' id='line_1_79' title="bbox 922 2586 1699 2658; baseline 0.017 -24"><span class='ocrx_word' id='word_1_616' title='bbox 922 2586 1044 2650; x_wconf 84' lang='lat' dir='ltr'><strong>principes</strong></span> <span class='ocrx_word' id='word_1_617' title='bbox 1059 2589 1201 2641; x_wconf 74' lang='lat' dir='ltr'><strong>festinanter</strong></span> <span class='ocrx_word' id='word_1_618' title='bbox 1211 2591 1324 2654; x_wconf 83' lang='lat' dir='ltr'><strong>iverunt,</strong></span> <span class='ocrx_word' id='word_1_619' title='bbox 1336 2593 1481 2657; x_wconf 78' lang='lat' dir='ltr'><strong>patriarcba</strong></span> <span class='ocrx_word' id='word_1_620' title='bbox 1495 2595 1541 2645; x_wconf 85' lang='lat' dir='ltr'><strong>ista</strong></span> <span class='ocrx_word' id='word_1_621' title='bbox 1555 2596 1699 2658; x_wconf 74' lang='lat' dir='ltr'><strong>nuntiaturi.</strong></span> 
     </span>
    </p>
   </div>
   <div class='ocr_carea' id='block_1_11' title="bbox 921 2709 1700 3182">
    <p class='ocr_par' dir='ltr' id='par_1_14' title="bbox 921 2709 1700 3182">
     <span class='ocr_line' id='line_1_80' title="bbox 954 2709 1696 2778; baseline 0.009 -19"><span class='ocrx_word' id='word_1_622' title='bbox 954 2709 969 2772; x_wconf 86' lang='lat'>§</span> <span class='ocrx_word' id='word_1_623' title='bbox 984 2714 1098 2760; x_wconf 78' lang='lat'>143.......</span> <span class='ocrx_word' id='word_1_624' title='bbox 1109 2714 1206 2762; x_wconf 76' lang='lat' dir='ltr'><strong>Ventus</strong></span> <span class='ocrx_word' id='word_1_625' title='bbox 1214 2712 1470 2766; x_wconf 83' lang='lat' dir='ltr'><strong>vehementissimusa</strong></span> <span class='ocrx_word' id='word_1_626' title='bbox 1481 2715 1550 2778; x_wconf 79' lang='lat' dir='ltr'><strong>signo</strong></span> <span class='ocrx_word' id='word_1_627' title='bbox 1560 2716 1696 2775; x_wconf 73' lang='lat' dir='ltr'><strong>Dominae,</strong></span> 
     </span>
     <span class='ocr_line' id='line_1_81' title="bbox 922 2809 1699 2877; baseline 0.008 -19"><span class='ocrx_word' id='word_1_628' title='bbox 922 2809 989 2870; x_wconf 84' lang='lat' dir='ltr'><strong>quod</strong></span> <span class='ocrx_word' id='word_1_629' title='bbox 998 2810 1023 2859; x_wconf 92' lang='lat' dir='ltr'><strong>in</strong></span> <span class='ocrx_word' id='word_1_630' title='bbox 1036 2823 1112 2860; x_wconf 86' lang='lat' dir='ltr'><strong>manu</strong></span> <span class='ocrx_word' id='word_1_631' title='bbox 1126 2812 1253 2876; x_wconf 84' lang='lat' dir='ltr'><strong>gestabat,</strong></span> <span class='ocrx_word' id='word_1_632' title='bbox 1265 2813 1377 2877; x_wconf 84' lang='lat' dir='ltr'><strong>spirans,</strong></span> <span class='ocrx_word' id='word_1_633' title='bbox 1388 2813 1570 2877; x_wconf 74' lang='lat' dir='ltr'><strong>altinumque</strong></span> <span class='ocrx_word' id='word_1_634' title='bbox 1584 2815 1699 2864; x_wconf 85' lang='lat' dir='ltr'><strong>altarium</strong></span> 
     </span>
     <span class='ocr_line' id='line_1_82' title="bbox 922 2911 1696 2978; baseline 0.003 -18"><span class='ocrx_word' id='word_1_635' title='bbox 922 2911 1078 2974; x_wconf 84' lang='lat' dir='ltr'><strong>percutiens,</strong></span> <span class='ocrx_word' id='word_1_636' title='bbox 1092 2926 1108 2962; x_wconf 89' lang='lat' dir='ltr'><strong>a</strong></span> <span class='ocrx_word' id='word_1_637' title='bbox 1120 2912 1285 2964; x_wconf 82' lang='lat' dir='ltr'><strong>laudamentis</strong></span> <span class='ocrx_word' id='word_1_638' title='bbox 1297 2913 1400 2978; x_wconf 85' lang='lat' dir='ltr'><strong>dejecit,</strong></span> <span class='ocrx_word' id='word_1_639' title='bbox 1410 2915 1498 2978; x_wconf 89' lang='lat' dir='ltr'><strong>plenus</strong></span> <span class='ocrx_word' id='word_1_640' title='bbox 1509 2928 1540 2964; x_wconf 80' lang='lat' dir='ltr'><strong>ex</strong></span> <span class='ocrx_word' id='word_1_641' title='bbox 1553 2914 1617 2963; x_wconf 79' lang='lat' dir='ltr'><strong>valle</strong></span> <span class='ocrx_word' id='word_1_642' title='bbox 1630 2913 1696 2975; x_wconf 89' lang='lat' dir='ltr'><strong>aspi-</strong></span> 
     </span>
     <span class='ocr_line' id='line_1_83' title="bbox 922 3017 1700 3080; baseline 0 -15"><span class='ocrx_word' id='word_1_643' title='bbox 922 3030 994 3076; x_wconf 87' lang='lat' dir='ltr'><strong>rans,</strong></span> <span class='ocrx_word' id='word_1_644' title='bbox 1008 3019 1033 3067; x_wconf 88' lang='lat' dir='ltr'><strong>et</strong></span> <span class='ocrx_word' id='word_1_645' title='bbox 1050 3017 1133 3067; x_wconf 89' lang='lat' dir='ltr'><strong>locam</strong></span> <span class='ocrx_word' id='word_1_646' title='bbox 1146 3017 1246 3068; x_wconf 87' lang='lat' dir='ltr'><strong>omnino</strong></span> <span class='ocrx_word' id='word_1_647' title='bbox 1269 3018 1322 3067; x_wconf 86' lang='lat' dir='ltr'><strong>solo</strong></span> <span class='ocrx_word' id='word_1_648' title='bbox 1341 3030 1458 3080; x_wconf 81' lang='lat' dir='ltr'><strong>aequans,</strong></span> <span class='ocrx_word' id='word_1_649' title='bbox 1478 3020 1507 3067; x_wconf 88' lang='lat' dir='ltr'><strong>ut</strong></span> <span class='ocrx_word' id='word_1_650' title='bbox 1522 3031 1568 3067; x_wconf 92' lang='lat' dir='ltr'><strong>ncc</strong></span> <span class='ocrx_word' id='word_1_651' title='bbox 1585 3017 1700 3066; x_wconf 66' lang='lat' dir='ltr'><strong>durium</strong></span> 
     </span>
     <span class='ocr_line' id='line_1_84' title="bbox 921 3117 1699 3182; baseline 0.003 -18"><span class='ocrx_word' id='word_1_652' title='bbox 921 3117 1025 3182; x_wconf 78' lang='lat' dir='ltr'><strong>vestigia</strong></span> <span class='ocrx_word' id='word_1_653' title='bbox 1035 3118 1067 3168; x_wconf 88' lang='lat' dir='ltr'><strong>ab</strong></span> <span class='ocrx_word' id='word_1_654' title='bbox 1081 3119 1123 3168; x_wconf 91' lang='lat' dir='ltr'><strong>illo</strong></span> <span class='ocrx_word' id='word_1_655' title='bbox 1136 3122 1246 3182; x_wconf 87' lang='lat' dir='ltr'><strong>tempore</strong></span> <span class='ocrx_word' id='word_1_656' title='bbox 1259 3121 1427 3179; x_wconf 82' lang='lat' dir='ltr'><strong>cernerentur,</strong></span> <span class='ocrx_word' id='word_1_657' title='bbox 1443 3119 1492 3168; x_wconf 91' lang='lat' dir='ltr'><strong>imo</strong></span> <span class='ocrx_word' id='word_1_658' title='bbox 1501 3120 1527 3168; x_wconf 89' lang='lat' dir='ltr'><strong>et</strong></span> <span class='ocrx_word' id='word_1_659' title='bbox 1539 3117 1633 3181; x_wconf 88' lang='lat' dir='ltr'><strong>lapides</strong></span> <span class='ocrx_word' id='word_1_660' title='bbox 1646 3118 1699 3167; x_wconf 94' lang='lat' dir='ltr'><strong>lon·</strong></span> 
     </span>
    </p>
   </div>
   <div class='ocr_carea' id='block_1_12' title="bbox 919 3219 1699 5215">
    <p class='ocr_par' dir='ltr' id='par_1_15' title="bbox 922 3219 1699 3582">
     <span class='ocr_line' id='line_1_85' title="bbox 922 3219 1699 3285; baseline 0.001 -16"><span class='ocrx_word' id='word_1_661' title='bbox 922 3219 1021 3283; x_wconf 84' lang='lat' dir='ltr'><strong>gissime</strong></span> <span class='ocrx_word' id='word_1_662' title='bbox 1029 3223 1189 3285; x_wconf 83' lang='lat' dir='ltr'><strong>jactarentur.</strong></span> <span class='ocrx_word' id='word_1_663' title='bbox 1223 3226 1345 3285; x_wconf 72' lang='lat' dir='ltr'><strong>ltneque</strong></span> <span class='ocrx_word' id='word_1_664' title='bbox 1356 3220 1699 3284; x_wconf 80' lang='lat' dir='ltr'><strong>aurumetargentum,qooil</strong></span> 
     </span>
     <span class='ocr_line' id='line_1_86' title="bbox 922 3319 1699 3385; baseline -0.001 -17"><span class='ocrx_word' id='word_1_665' title='bbox 922 3319 948 3370; x_wconf 95' lang='lat' dir='ltr'><strong>in</strong></span> <span class='ocrx_word' id='word_1_666' title='bbox 959 3323 1051 3384; x_wconf 89' lang='lat' dir='ltr'><strong>templo</strong></span> <span class='ocrx_word' id='word_1_667' title='bbox 1060 3322 1193 3385; x_wconf 80' lang='lat' dir='ltr'><strong>plotinum</strong></span> <span class='ocrx_word' id='word_1_668' title='bbox 1204 3322 1317 3385; x_wconf 85' lang='lat' dir='ltr'><strong>jacebat,</strong></span> <span class='ocrx_word' id='word_1_669' title='bbox 1329 3321 1456 3370; x_wconf 83' lang='lat' dir='ltr'><strong>inventum</strong></span> <span class='ocrx_word' id='word_1_670' title='bbox 1469 3323 1519 3380; x_wconf 87' lang='lat' dir='ltr'><strong>est,</strong></span> <span class='ocrx_word' id='word_1_671' title='bbox 1530 3322 1556 3369; x_wconf 89' lang='lat' dir='ltr'><strong>et</strong></span> <span class='ocrx_word' id='word_1_672' title='bbox 1564 3319 1699 3369; x_wconf 90' lang='lat' dir='ltr'><strong>multitudo</strong></span> 
     </span>
     <span class='ocr_line' id='line_1_87' title="bbox 922 3415 1699 3481; baseline -0.005 -13"><span class='ocrx_word' id='word_1_673' title='bbox 922 3420 1050 3468; x_wconf 87' lang='lat' dir='ltr'><strong>bominum</strong></span> <span class='ocrx_word' id='word_1_674' title='bbox 1066 3433 1098 3468; x_wconf 79' lang='lat' dir='ltr'><strong>ex</strong></span> <span class='ocrx_word' id='word_1_675' title='bbox 1117 3419 1287 3468; x_wconf 87' lang='lat' dir='ltr'><strong>sacerdotibus</strong></span> <span class='ocrx_word' id='word_1_676' title='bbox 1305 3421 1332 3468; x_wconf 87' lang='lat' dir='ltr'><strong>et</strong></span> <span class='ocrx_word' id='word_1_677' title='bbox 1355 3417 1532 3481; x_wconf 83' lang='lat' dir='ltr'><strong>superstitiosis</strong></span> <span class='ocrx_word' id='word_1_678' title='bbox 1551 3417 1577 3465; x_wconf 93' lang='lat' dir='ltr'><strong>in</strong></span> <span class='ocrx_word' id='word_1_679' title='bbox 1589 3416 1644 3466; x_wconf 92' lang='lat' dir='ltr'><strong>loco</strong></span> <span class='ocrx_word' id='word_1_680' title='bbox 1657 3415 1699 3465; x_wconf 90' lang='lat' dir='ltr'><strong>illo</strong></span> 
     </span>
     <span class='ocr_line' id='line_1_88' title="bbox 922 3517 1681 3582; baseline -0.007 -12"><span class='ocrx_word' id='word_1_681' title='bbox 922 3521 1013 3571; x_wconf 87' lang='lat' dir='ltr'><strong>mortui</strong></span> <span class='ocrx_word' id='word_1_682' title='bbox 1025 3523 1097 3582; x_wconf 84' lang='lat' dir='ltr'><strong>strat,</strong></span> <span class='ocrx_word' id='word_1_683' title='bbox 1111 3534 1143 3570; x_wconf 91' lang='lat' dir='ltr'><strong>ne</strong></span> <span class='ocrx_word' id='word_1_684' title='bbox 1156 3521 1255 3570; x_wconf 89' lang='lat' dir='ltr'><strong>ossibus</strong></span> <span class='ocrx_word' id='word_1_685' title='bbox 1268 3519 1368 3582; x_wconf 85' lang='lat' dir='ltr'><strong>quidem</strong></span> <span class='ocrx_word' id='word_1_686' title='bbox 1388 3531 1473 3567; x_wconf 89' lang='lat' dir='ltr'><strong>eorum</strong></span> <span class='ocrx_word' id='word_1_687' title='bbox 1493 3517 1600 3566; x_wconf 80' lang='lat' dir='ltr'><strong>inventis</strong></span> <span class='ocrx_word' id='word_1_688' title='bbox 1603 3553 1681 3566; x_wconf 84' lang='grc'>........</span> 
     </span>
    </p>

    <p class='ocr_par' dir='ltr' id='par_1_16' title="bbox 919 3616 1698 5215">
     <span class='ocr_line' id='line_1_89' title="bbox 953 3616 1698 3683; baseline -0.008 -12"><span class='ocrx_word' id='word_1_689' title='bbox 953 3621 1079 3671; x_wconf 79' lang='lat' dir='ltr'><strong>Posthac</strong></span> <span class='ocrx_word' id='word_1_690' title='bbox 1098 3618 1234 3683; x_wconf 82' lang='lat' dir='ltr'><strong>procedens</strong></span> <span class='ocrx_word' id='word_1_691' title='bbox 1253 3619 1283 3668; x_wconf 89' lang='lat' dir='ltr'><strong>ad</strong></span> <span class='ocrx_word' id='word_1_692' title='bbox 1296 3619 1377 3669; x_wconf 90' lang='lat' dir='ltr'><strong>locum</strong></span> <span class='ocrx_word' id='word_1_693' title='bbox 1400 3616 1486 3680; x_wconf 89' lang='lat' dir='ltr'><strong>templi</strong></span> <span class='ocrx_word' id='word_1_694' title='bbox 1505 3619 1531 3666; x_wconf 89' lang='lat' dir='ltr'><strong>et</strong></span> <span class='ocrx_word' id='word_1_695' title='bbox 1551 3630 1698 3680; x_wconf 76' lang='lat' dir='ltr'><strong>congregans</strong></span> 
     </span>
     <span class='ocr_line' id='line_1_90' title="bbox 921 3715 1696 3782; baseline -0.004 -13"><span class='ocrx_word' id='word_1_696' title='bbox 921 3721 1045 3782; x_wconf 87' lang='lat' dir='ltr'><strong>hominos,</strong></span> <span class='ocrx_word' id='word_1_697' title='bbox 1056 3721 1159 3771; x_wconf 89' lang='lat' dir='ltr'><strong>docebat</strong></span> <span class='ocrx_word' id='word_1_698' title='bbox 1171 3720 1217 3770; x_wconf 88' lang='lat' dir='ltr'><strong>Dei</strong></span> <span class='ocrx_word' id='word_1_699' title='bbox 1226 3719 1387 3782; x_wconf 83' lang='lat' dir='ltr'><strong>cognitionem</strong></span> <span class='ocrx_word' id='word_1_700' title='bbox 1399 3740 1406 3767; x_wconf 70' lang='grc' dir='ltr'>ι</span> <span class='ocrx_word' id='word_1_701' title='bbox 1416 3720 1441 3766; x_wconf 91' lang='lat' dir='ltr'><strong>et</strong></span> <span class='ocrx_word' id='word_1_702' title='bbox 1450 3715 1530 3780; x_wconf 85' lang='lat' dir='ltr'><strong>posita</strong></span> <span class='ocrx_word' id='word_1_703' title='bbox 1543 3718 1599 3765; x_wconf 88' lang='lat' dir='ltr'><strong>sunt</strong></span> <span class='ocrx_word' id='word_1_704' title='bbox 1607 3716 1696 3766; x_wconf 83' lang='lat' dir='ltr'><strong>funda·</strong></span> 
     </span>
     <span class='ocr_line' id='line_1_91' title="bbox 922 3792 1695 3879; baseline -0.01 -8"><span class='ocrx_word' id='word_1_705' title='bbox 922 3792 1129 3871; x_wconf 32' lang='lat' dir='ltr'><strong>menta&#39;ecclesiae</strong></span> <span class='ocrx_word' id='word_1_706' title='bbox 1142 3821 1166 3869; x_wconf 94' lang='lat' dir='ltr'><strong>in</strong></span> <span class='ocrx_word' id='word_1_707' title='bbox 1179 3818 1268 3868; x_wconf 85' lang='lat' dir='ltr'><strong>iisdem</strong></span> <span class='ocrx_word' id='word_1_708' title='bbox 1281 3819 1354 3878; x_wconf 90' lang='lat' dir='ltr'><strong>locis,</strong></span> <span class='ocrx_word' id='word_1_709' title='bbox 1365 3819 1391 3868; x_wconf 87' lang='lat' dir='ltr'><strong>et</strong></span> <span class='ocrx_word' id='word_1_710' title='bbox 1408 3816 1485 3867; x_wconf 73' lang='lat' dir='ltr'><strong>erexit</strong></span> <span class='ocrx_word' id='word_1_711' title='bbox 1502 3817 1577 3866; x_wconf 85' lang='lat' dir='ltr'><strong>altare</strong></span> <span class='ocrx_word' id='word_1_712' title='bbox 1592 3813 1624 3865; x_wconf 89' lang='lat' dir='ltr'><strong>ad</strong></span> <span class='ocrx_word' id='word_1_713' title='bbox 1642 3816 1695 3879; x_wconf 78' lang='lat' dir='ltr'><strong>glo-</strong></span> 
     </span>
     <span class='ocr_line' id='line_1_92' title="bbox 922 3911 1698 3982; baseline -0.012 -14"><span class='ocrx_word' id='word_1_714' title='bbox 922 3920 985 3968; x_wconf 86' lang='lat' dir='ltr'><strong>riam</strong></span> <span class='ocrx_word' id='word_1_715' title='bbox 995 3919 1054 3978; x_wconf 89' lang='lat' dir='ltr'><strong>Dei,</strong></span> <span class='ocrx_word' id='word_1_716' title='bbox 1064 3918 1099 3967; x_wconf 93' lang='lat' dir='ltr'><strong>ibi</strong></span> <span class='ocrx_word' id='word_1_717' title='bbox 1108 3918 1216 3982; x_wconf 88' lang='lat' dir='ltr'><strong>primum</strong></span> <span class='ocrx_word' id='word_1_718' title='bbox 1229 3914 1346 3979; x_wconf 89' lang='lat' dir='ltr'><strong>incipiens</strong></span> <span class='ocrx_word' id='word_1_719' title='bbox 1362 3914 1485 3964; x_wconf 75' lang='lat' dir='ltr'><strong>edificare</strong></span> <span class='ocrx_word' id='word_1_720' title='bbox 1496 3912 1613 3963; x_wconf 90' lang='lat' dir='ltr'><strong>ecclesias</strong></span> <span class='ocrx_word' id='word_1_721' title='bbox 1627 3913 1652 3962; x_wconf 92' lang='lat' dir='ltr'><strong>et</strong></span> <span class='ocrx_word' id='word_1_722' title='bbox 1664 3911 1698 3960; x_wconf 90' lang='lat' dir='ltr'><strong>al·</strong></span> 
     </span>
     <span class='ocr_line' id='line_1_93' title="bbox 920 4003 1697 4073; baseline -0.01 -13"><span class='ocrx_word' id='word_1_723' title='bbox 920 4011 982 4060; x_wconf 86' lang='lat' dir='ltr'><strong>tario</strong></span> <span class='ocrx_word' id='word_1_724' title='bbox 996 4009 1090 4073; x_wconf 80' lang='lat' dir='ltr'><strong>erigere</strong></span> <span class='ocrx_word' id='word_1_725' title='bbox 1101 4009 1200 4058; x_wconf 89' lang='lat' dir='ltr'><strong>nornine</strong></span> <span class='ocrx_word' id='word_1_726' title='bbox 1216 4007 1326 4058; x_wconf 82' lang='lat' dir='ltr'><strong>Christi:</strong></span> <span class='ocrx_word' id='word_1_727' title='bbox 1342 4007 1533 4072; x_wconf 74' lang='lat' dir='ltr'><strong>preparatisque</strong></span> <span class='ocrx_word' id='word_1_728' title='bbox 1547 4005 1651 4055; x_wconf 80' lang='lat' dir='ltr'><strong>lavacris</strong></span> <span class='ocrx_word' id='word_1_729' title='bbox 1665 4003 1697 4052; x_wconf 88' lang='lat' dir='ltr'><strong>ad</strong></span> 
     </span>
     <span class='ocr_line' id='line_1_94' title="bbox 920 4099 1698 4170; baseline -0.01 -14"><span class='ocrx_word' id='word_1_730' title='bbox 920 4106 1108 4170; x_wconf 84' lang='lat' dir='ltr'><strong>baptizandum,</strong></span> <span class='ocrx_word' id='word_1_731' title='bbox 1130 4105 1238 4168; x_wconf 88' lang='lat' dir='ltr'><strong>primum</strong></span> <span class='ocrx_word' id='word_1_732' title='bbox 1265 4103 1366 4167; x_wconf 83' lang='lat' dir='ltr'><strong>quidem</strong></span> <span class='ocrx_word' id='word_1_733' title='bbox 1388 4115 1489 4166; x_wconf 83' lang='lat' dir='ltr'><strong>magnos</strong></span> <span class='ocrx_word' id='word_1_734' title='bbox 1509 4103 1635 4164; x_wconf 84' lang='lat' dir='ltr'><strong>satrapas,</strong></span> <span class='ocrx_word' id='word_1_735' title='bbox 1654 4099 1698 4162; x_wconf 90' lang='lat' dir='ltr'><strong>qui</strong></span> 
     </span>
     <span class='ocr_line' id='line_1_95' title="bbox 919 4191 1697 4258; baseline -0.01 -8"><span class='ocrx_word' id='word_1_736' title='bbox 919 4199 1015 4252; x_wconf 87' lang='lat' dir='ltr'><strong>itineris</strong></span> <span class='ocrx_word' id='word_1_737' title='bbox 1034 4199 1138 4249; x_wconf 83' lang='lat' dir='ltr'><strong>comites</strong></span> <span class='ocrx_word' id='word_1_738' title='bbox 1161 4199 1272 4258; x_wconf 85' lang='lat' dir='ltr'><strong>inerant,</strong></span> <span class='ocrx_word' id='word_1_739' title='bbox 1286 4195 1431 4248; x_wconf 88' lang='lat' dir='ltr'><strong>accedentes</strong></span> <span class='ocrx_word' id='word_1_740' title='bbox 1449 4193 1595 4258; x_wconf 81' lang='lat' dir='ltr'><strong>baptizarit,</strong></span> <span class='ocrx_word' id='word_1_741' title='bbox 1609 4191 1697 4242; x_wconf 88' lang='lat' dir='ltr'><strong>deinde</strong></span> 
     </span>
     <span class='ocr_line' id='line_1_96' title="bbox 919 4290 1698 4362; baseline -0.013 -14"><span class='ocrx_word' id='word_1_742' title='bbox 919 4313 979 4349; x_wconf 74' lang='lat' dir='ltr'><strong>vero</strong></span> <span class='ocrx_word' id='word_1_743' title='bbox 989 4298 1073 4362; x_wconf 79' lang='lat' dir='ltr'><strong>viginti</strong></span> <span class='ocrx_word' id='word_1_744' title='bbox 1082 4297 1171 4346; x_wconf 90' lang='lat' dir='ltr'><strong>diebus</strong></span> <span class='ocrx_word' id='word_1_745' title='bbox 1181 4295 1207 4344; x_wconf 92' lang='lat' dir='ltr'><strong>in</strong></span> <span class='ocrx_word' id='word_1_746' title='bbox 1218 4293 1305 4344; x_wconf 87' lang='lat' dir='ltr'><strong>eadem</strong></span> <span class='ocrx_word' id='word_1_747' title='bbox 1313 4306 1457 4358; x_wconf 87' lang='lat' dir='ltr'><strong>permanens</strong></span> <span class='ocrx_word' id='word_1_748' title='bbox 1468 4291 1605 4354; x_wconf 81' lang='lat' dir='ltr'><strong>provincia,</strong></span> <span class='ocrx_word' id='word_1_749' title='bbox 1614 4290 1698 4352; x_wconf 88' lang='lat' dir='ltr'><strong>plures</strong></span> 
     </span>
     <span class='ocr_line' id='line_1_97' title="bbox 919 4382 1696 4456; baseline -0.013 -13"><span class='ocrx_word' id='word_1_750' title='bbox 919 4407 997 4456; x_wconf 82' lang='lat' dir='ltr'><strong>quarn</strong></span> <span class='ocrx_word' id='word_1_751' title='bbox 1016 4405 1105 4442; x_wconf 83' lang='lat' dir='ltr'><strong>norem</strong></span> <span class='ocrx_word' id='word_1_752' title='bbox 1127 4392 1153 4440; x_wconf 91' lang='lat' dir='ltr'><strong>et</strong></span> <span class='ocrx_word' id='word_1_753' title='bbox 1173 4389 1259 4439; x_wconf 89' lang='lat' dir='ltr'><strong>decem</strong></span> <span class='ocrx_word' id='word_1_754' title='bbox 1280 4388 1407 4438; x_wconf 89' lang='lat' dir='ltr'><strong>bominum</strong></span> <span class='ocrx_word' id='word_1_755' title='bbox 1426 4385 1560 4449; x_wconf 77' lang='lat' dir='ltr'><strong>myriadas.</strong></span> <span class='ocrx_word' id='word_1_756' title='bbox 1602 4382 1696 4433; x_wconf 86' lang='lat' dir='ltr'><strong>Erectis</strong></span> 
     </span>
     <span class='ocr_line' id='line_1_98' title="bbox 920 4479 1694 4553; baseline -0.016 -13"><span class='ocrx_word' id='word_1_757' title='bbox 920 4501 1021 4553; x_wconf 90' lang='lat' dir='ltr'><strong>quoqne</strong></span> <span class='ocrx_word' id='word_1_758' title='bbox 1035 4487 1153 4537; x_wconf 87' lang='lat' dir='ltr'><strong>altaribus</strong></span> <span class='ocrx_word' id='word_1_759' title='bbox 1165 4486 1191 4534; x_wconf 93' lang='lat' dir='ltr'><strong>in</strong></span> <span class='ocrx_word' id='word_1_760' title='bbox 1202 4484 1280 4535; x_wconf 87' lang='lat' dir='ltr'><strong>sacris</strong></span> <span class='ocrx_word' id='word_1_761' title='bbox 1293 4486 1432 4538; x_wconf 87' lang='lat' dir='ltr'><strong>sanctorum</strong></span> <span class='ocrx_word' id='word_1_762' title='bbox 1445 4484 1582 4544; x_wconf 66' lang='lat' dir='ltr'><strong>martyrum</strong></span> <span class='ocrx_word' id='word_1_763' title='bbox 1590 4479 1694 4537; x_wconf 77' lang='lat' dir='ltr'><strong>edibus,</strong></span> 
     </span>
     <span class='ocr_line' id='line_1_99' title="bbox 921 4575 1696 4649; baseline -0.017 -14"><span class='ocrx_word' id='word_1_764' title='bbox 921 4599 984 4649; x_wconf 67' lang='lat' dir='ltr'><strong>(luas</strong></span> <span class='ocrx_word' id='word_1_765' title='bbox 1007 4585 1059 4648; x_wconf 90' lang='lat' dir='ltr'><strong>ipse</strong></span> <span class='ocrx_word' id='word_1_766' title='bbox 1074 4583 1256 4642; x_wconf 77' lang='lat' dir='ltr'><strong>aedificaverat,</strong></span> <span class='ocrx_word' id='word_1_767' title='bbox 1270 4578 1362 4629; x_wconf 90' lang='lat' dir='ltr'><strong>obtulit</strong></span> <span class='ocrx_word' id='word_1_768' title='bbox 1382 4576 1502 4628; x_wconf 86' lang='lat' dir='ltr'><strong>sacrificia</strong></span> <span class='ocrx_word' id='word_1_769' title='bbox 1525 4575 1655 4635; x_wconf 86' lang='lat' dir='ltr'><strong>salutaria,</strong></span> <span class='ocrx_word' id='word_1_770' title='bbox 1671 4575 1696 4623; x_wconf 90' lang='lat' dir='ltr'><strong>et</strong></span> 
     </span>
     <span class='ocr_line' id='line_1_100' title="bbox 920 4666 1696 4738; baseline -0.021 -8"><span class='ocrx_word' id='word_1_771' title='bbox 920 4679 1075 4730; x_wconf 80' lang='lat' dir='ltr'><strong>salutiferum</strong></span> <span class='ocrx_word' id='word_1_772' title='bbox 1089 4676 1182 4730; x_wconf 84' lang='lat' dir='ltr'><strong>christi</strong></span> <span class='ocrx_word' id='word_1_773' title='bbox 1194 4687 1284 4738; x_wconf 86' lang='lat' dir='ltr'><strong>eorpus</strong></span> <span class='ocrx_word' id='word_1_774' title='bbox 1295 4675 1321 4722; x_wconf 92' lang='lat' dir='ltr'><strong>et</strong></span> <span class='ocrx_word' id='word_1_775' title='bbox 1334 4672 1476 4734; x_wconf 85' lang='lat' dir='ltr'><strong>sanguinem</strong></span> <span class='ocrx_word' id='word_1_776' title='bbox 1486 4669 1612 4720; x_wconf 87' lang='lat' dir='ltr'><strong>distribuit</strong></span> <span class='ocrx_word' id='word_1_777' title='bbox 1620 4666 1696 4717; x_wconf 90' lang='lat' dir='ltr'><strong>omni-</strong></span> 
     </span>
     <span class='ocr_line' id='line_1_101' title="bbox 920 4763 1693 4837; baseline -0.022 -14"><span class='ocrx_word' id='word_1_778' title='bbox 920 4773 969 4823; x_wconf 89' lang='lat' dir='ltr'><strong>bus</strong></span> <span class='ocrx_word' id='word_1_779' title='bbox 980 4791 986 4822; x_wconf 86' lang='lat'>:</span> <span class='ocrx_word' id='word_1_780' title='bbox 998 4775 1117 4837; x_wconf 83' lang='lat' dir='ltr'><strong>praterea</strong></span> <span class='ocrx_word' id='word_1_781' title='bbox 1127 4767 1264 4827; x_wconf 83' lang='lat' dir='ltr'><strong>mandavit,</strong></span> <span class='ocrx_word' id='word_1_782' title='bbox 1278 4769 1308 4816; x_wconf 90' lang='lat' dir='ltr'><strong>nt</strong></span> <span class='ocrx_word' id='word_1_783' title='bbox 1319 4765 1450 4828; x_wconf 88' lang='lat' dir='ltr'><strong>quotannis</strong></span> <span class='ocrx_word' id='word_1_784' title='bbox 1466 4765 1492 4813; x_wconf 92' lang='lat' dir='ltr'><strong>in</strong></span> <span class='ocrx_word' id='word_1_785' title='bbox 1503 4764 1557 4813; x_wconf 93' lang='lat' dir='ltr'><strong>loco</strong></span> <span class='ocrx_word' id='word_1_786' title='bbox 1572 4763 1615 4811; x_wconf 90' lang='lat' dir='ltr'><strong>illo</strong></span> <span class='ocrx_word' id='word_1_787' title='bbox 1628 4772 1693 4808; x_wconf 83' lang='lat' dir='ltr'><strong>mar·</strong></span> 
     </span>
     <span class='ocr_line' id='line_1_102' title="bbox 919 4854 1694 4930; baseline -0.022 -12"><span class='ocrx_word' id='word_1_788' title='bbox 919 4869 1004 4930; x_wconf 78' lang='lat' dir='ltr'><strong>tynam</strong></span> <span class='ocrx_word' id='word_1_789' title='bbox 1017 4865 1135 4916; x_wconf 89' lang='lat' dir='ltr'><strong>memoria</strong></span> <span class='ocrx_word' id='word_1_790' title='bbox 1150 4863 1315 4913; x_wconf 88' lang='lat' dir='ltr'><strong>celebraretur</strong></span> <span class='ocrx_word' id='word_1_791' title='bbox 1327 4860 1430 4921; x_wconf 88' lang='lat' dir='ltr'><strong>septima</strong></span> <span class='ocrx_word' id='word_1_792' title='bbox 1442 4857 1482 4907; x_wconf 91' lang='lat' dir='ltr'><strong>die</strong></span> <span class='ocrx_word' id='word_1_793' title='bbox 1501 4854 1593 4905; x_wconf 69' lang='lat' dir='ltr'><strong>menas</strong></span> <span class='ocrx_word' id='word_1_794' title='bbox 1608 4857 1694 4902; x_wconf 77' lang='lat' dir='ltr'><strong>saonae</strong></span> 
     </span>
     <span class='ocr_line' id='line_1_103' title="bbox 921 4945 1695 5021; baseline -0.028 -6"><span class='ocrx_word' id='word_1_795' title='bbox 921 4965 946 5014; x_wconf 91' lang='lat' dir='ltr'><strong>in</strong></span> <span class='ocrx_word' id='word_1_796' title='bbox 960 4966 1015 5015; x_wconf 93' lang='lat' dir='ltr'><strong>loeo</strong></span> <span class='ocrx_word' id='word_1_797' title='bbox 1025 4963 1068 5013; x_wconf 92' lang='lat' dir='ltr'><strong>illo</strong></span> <span class='ocrx_word' id='word_1_798' title='bbox 1081 4961 1157 5021; x_wconf 87' lang='lat' dir='ltr'><strong>dicti,</strong></span> <span class='ocrx_word' id='word_1_799' title='bbox 1168 4957 1303 5009; x_wconf 89' lang='lat' dir='ltr'><strong>secundum</strong></span> <span class='ocrx_word' id='word_1_800' title='bbox 1317 4960 1437 5006; x_wconf 78' lang='lat' dir='ltr'><strong>Romanos</strong></span> <span class='ocrx_word' id='word_1_801' title='bbox 1446 4963 1530 5001; x_wconf 86' lang='lat' dir='ltr'><strong>mense</strong></span> <span class='ocrx_word' id='word_1_802' title='bbox 1540 4945 1655 5006; x_wconf 87' lang='lat' dir='ltr'><strong>Octobri,</strong></span> <span class='ocrx_word' id='word_1_803' title='bbox 1665 4948 1695 4995; x_wconf 90' lang='lat' dir='ltr'><strong>ot</strong></span> 
     </span>
     <span class='ocr_line' id='line_1_104' title="bbox 919 5038 1692 5120; baseline -0.032 -8"><span class='ocrx_word' id='word_1_804' title='bbox 919 5061 1025 5112; x_wconf 75' lang='lat' dir='ltr'><strong>marimo</strong></span> <span class='ocrx_word' id='word_1_805' title='bbox 1045 5072 1104 5109; x_wconf 88' lang='lat' dir='ltr'><strong>cum</strong></span> <span class='ocrx_word' id='word_1_806' title='bbox 1122 5055 1212 5120; x_wconf 78' lang='lat' dir='ltr'><strong>gaudio</strong></span> <span class='ocrx_word' id='word_1_807' title='bbox 1234 5051 1371 5117; x_wconf 82' lang='lat' dir='ltr'><strong>congregati</strong></span> <span class='ocrx_word' id='word_1_808' title='bbox 1391 5045 1548 5099; x_wconf 84' lang='lat' dir='ltr'><strong>testivitatem</strong></span> <span class='ocrx_word' id='word_1_809' title='bbox 1564 5041 1630 5091; x_wconf 77' lang='lat' dir='ltr'><strong>ilius</strong></span> <span class='ocrx_word' id='word_1_810' title='bbox 1643 5038 1692 5090; x_wconf 88' lang='lat' dir='ltr'><strong>diei</strong></span> 
     </span>
     <span class='ocr_line' id='line_1_105' title="bbox 921 5130 1692 5215; baseline -0.035 -8"><span class='ocrx_word' id='word_1_811' title='bbox 921 5154 1057 5215; x_wconf 83' lang='lat' dir='ltr'><strong>celebrent,</strong></span> <span class='ocrx_word' id='word_1_812' title='bbox 1070 5147 1267 5214; x_wconf 85' lang='lat' dir='ltr'><strong>quandoquidem</strong></span> <span class='ocrx_word' id='word_1_813' title='bbox 1285 5142 1412 5195; x_wconf 87' lang='lat' dir='ltr'><strong>ecclesiam</strong></span> <span class='ocrx_word' id='word_1_814' title='bbox 1428 5140 1454 5189; x_wconf 90' lang='lat' dir='ltr'><strong>in</strong></span> <span class='ocrx_word' id='word_1_815' title='bbox 1467 5132 1583 5200; x_wconf 86' lang='lat' dir='ltr'><strong>principio</strong></span> <span class='ocrx_word' id='word_1_816' title='bbox 1600 5130 1692 5183; x_wconf 87' lang='lat' dir='ltr'><strong>ibidem</strong></span> 
     </span>
    </p>
   </div>
   <div class='ocr_carea' id='block_1_13' title="bbox 0 0 1910 5859">
    <p class='ocr_par' dir='ltr' id='par_1_17' title="bbox 0 0 1910 5859">
     <span class='ocr_line' id='line_1_106' title="bbox 0 0 1910 5859; baseline 0 2"><span class='ocrx_word' id='word_1_817' title='bbox 0 0 1910 5859; x_wconf 95' lang='lat' dir='ltr'><strong> </strong></span> 
     </span>
    </p>
   </div>
  </div>
 </body>
</html>
