<?xml version="1.0" encoding="UTF-8"?>
<!DOCTYPE html PUBLIC "-//W3C//DTD XHTML 1.0 Transitional//EN"
    "http://www.w3.org/TR/xhtml1/DTD/xhtml1-transitional.dtd">
<html xmlns="http://www.w3.org/1999/xhtml" xml:lang="en" lang="en">
 <head>
  <title>
</title>
<meta http-equiv="Content-Type" content="text/html;charset=utf-8" />
  <meta name='ocr-system' content='tesseract 3.04.00' />
  <meta name='ocr-capabilities' content='ocr_page ocr_carea ocr_par ocr_line ocrx_word'/>
</head>
<body>
  <div class='ocr_page' id='page_1' title='image "./fragmentahistor01langgoog/fragmentahistor01langgoog_0101.png"; bbox 0 0 3809 5859; ppageno 0'>
   <div class='ocr_carea' id='block_1_1' title="bbox 749 337 1038 400">
    <p class='ocr_par' dir='ltr' id='par_1_1' title="bbox 749 337 1038 400">
     <span class='ocr_line' id='line_1_1' title="bbox 749 337 1038 400; baseline -0.007 0"><span class='ocrx_word' id='word_1_1' title='bbox 749 337 1038 400; x_wconf 83' lang='lat' dir='ltr'>INTRODUCTION.</span> 
     </span>
    </p>
   </div>
   <div class='ocr_carea' id='block_1_2' title="bbox 88 473 872 1981">
    <p class='ocr_par' dir='ltr' id='par_1_2' title="bbox 88 473 871 649">
     <span class='ocr_line' id='line_1_2' title="bbox 91 473 871 557; baseline -0.015 -19"><span class='ocrx_word' id='word_1_2' title='bbox 91 483 175 557; x_wconf 87' lang='lat' dir='ltr'><strong>ciple</strong></span> <span class='ocrx_word' id='word_1_3' title='bbox 185 501 194 551; x_wconf 83' lang='lat'>3</span> <span class='ocrx_word' id='word_1_4' title='bbox 204 477 367 555; x_wconf 87' lang='lat' dir='ltr'>cependant</span> <span class='ocrx_word' id='word_1_5' title='bbox 376 474 485 532; x_wconf 75' lang='lat' dir='ltr'>Eusibe</span> <span class='ocrx_word' id='word_1_6' title='bbox 498 475 603 531; x_wconf 84' lang='lat' dir='ltr'>semble</span> <span class='ocrx_word' id='word_1_7' title='bbox 617 475 710 532; x_wconf 89' lang='lat' dir='ltr'>croire</span> <span class='ocrx_word' id='word_1_8' title='bbox 717 493 773 549; x_wconf 85' lang='lat' dir='ltr'>que</span> <span class='ocrx_word' id='word_1_9' title='bbox 785 492 817 530; x_wconf 89' lang='lat' dir='ltr'>ce</span> <span class='ocrx_word' id='word_1_10' title='bbox 829 473 871 528; x_wconf 85' lang='lat' dir='ltr'>sut</span> 
     </span>
     <span class='ocr_line' id='line_1_3' title="bbox 88 569 453 649; baseline -0.014 -15"><span class='ocrx_word' id='word_1_11' title='bbox 88 579 249 648; x_wconf 78' lang='lat' dir='ltr'><strong>beaucoup</strong></span> <span class='ocrx_word' id='word_1_12' title='bbox 262 575 327 649; x_wconf 88' lang='lat' dir='ltr'>plus</span> <span class='ocrx_word' id='word_1_13' title='bbox 341 571 384 628; x_wconf 77' lang='lat' dir='ltr'>tot</span> <span class='ocrx_word' id='word_1_14' title='bbox 401 569 411 648; x_wconf 85' lang='lat'>(</span> <span class='ocrx_word' id='word_1_15' title='bbox 432 569 453 647; x_wconf 92' lang='grc'>).</span> 
     </span>
    </p>

    <p class='ocr_par' dir='ltr' id='par_1_3' title="bbox 92 663 872 1410">
     <span class='ocr_line' id='line_1_4' title="bbox 137 663 870 742; baseline -0.016 -13"><span class='ocrx_word' id='word_1_16' title='bbox 137 674 218 730; x_wconf 86' lang='lat' dir='ltr'>Saint</span> <span class='ocrx_word' id='word_1_17' title='bbox 227 669 342 732; x_wconf 70' lang='lat' dir='ltr'>Jerdme</span> <span class='ocrx_word' id='word_1_18' title='bbox 354 685 426 722; x_wconf 91' lang='lat' dir='ltr'>nous</span> <span class='ocrx_word' id='word_1_19' title='bbox 439 665 567 742; x_wconf 79' lang='lat' dir='ltr'>apprend</span> <span class='ocrx_word' id='word_1_20' title='bbox 580 685 635 740; x_wconf 80' lang='lat' dir='ltr'>que</span> <span class='ocrx_word' id='word_1_21' title='bbox 646 663 805 721; x_wconf 86' lang='lat' dir='ltr'>Bardesane</span> <span class='ocrx_word' id='word_1_22' title='bbox 814 683 870 738; x_wconf 94' lang='lat' dir='ltr'>pu-</span> 
     </span>
     <span class='ocr_line' id='line_1_5' title="bbox 92 761 871 836; baseline -0.015 -11"><span class='ocrx_word' id='word_1_23' title='bbox 92 770 155 825; x_wconf 86' lang='lat' dir='ltr'>blia</span> <span class='ocrx_word' id='word_1_24' title='bbox 166 769 202 824; x_wconf 86' lang='lat' dir='ltr'>de</span> <span class='ocrx_word' id='word_1_25' title='bbox 212 775 322 822; x_wconf 75' lang='lat' dir='ltr'><strong>savants</strong></span> <span class='ocrx_word' id='word_1_26' title='bbox 336 765 432 819; x_wconf 72' lang='lat' dir='ltr'>traites</span> <span class='ocrx_word' id='word_1_27' title='bbox 446 773 545 818; x_wconf 83' lang='lat' dir='ltr'>contre</span> <span class='ocrx_word' id='word_1_28' title='bbox 554 763 594 818; x_wconf 89' lang='lat' dir='ltr'>les</span> <span class='ocrx_word' id='word_1_29' title='bbox 608 763 729 817; x_wconf 74' lang='lat' dir='ltr'>heresies</span> <span class='ocrx_word' id='word_1_30' title='bbox 746 761 795 836; x_wconf 91' lang='lat' dir='ltr'>qui</span> <span class='ocrx_word' id='word_1_31' title='bbox 807 761 871 834; x_wconf 90' lang='lat' dir='ltr'>pul·</span> 
     </span>
     <span class='ocr_line' id='line_1_6' title="bbox 93 856 871 934; baseline -0.013 -16"><span class='ocrx_word' id='word_1_32' title='bbox 93 865 216 920; x_wconf 89' lang='lat' dir='ltr'>lulaient</span> <span class='ocrx_word' id='word_1_33' title='bbox 232 880 269 917; x_wconf 90' lang='lat' dir='ltr'>en</span> <span class='ocrx_word' id='word_1_34' title='bbox 289 861 387 934; x_wconf 77' lang='lat' dir='ltr'>Syrie,</span> <span class='ocrx_word' id='word_1_35' title='bbox 407 859 520 913; x_wconf 83' lang='lat' dir='ltr'><strong>suivant</strong></span> <span class='ocrx_word' id='word_1_36' title='bbox 536 876 589 912; x_wconf 91' lang='lat' dir='ltr'>son</span> <span class='ocrx_word' id='word_1_37' title='bbox 613 856 751 930; x_wconf 78' lang='lat' dir='ltr'>expressis</span> <span class='ocrx_word' id='word_1_38' title='bbox 769 856 871 909; x_wconf 74' lang='lat' dir='ltr'>trimol-</span> 
     </span>
     <span class='ocr_line' id='line_1_7' title="bbox 95 952 872 1036; baseline -0.015 -21"><span class='ocrx_word' id='word_1_39' title='bbox 95 977 188 1036; x_wconf 77' lang='lat' dir='ltr'>gnage</span> <span class='ocrx_word' id='word_1_40' title='bbox 201 955 254 1036; x_wconf 82' lang='lat' dir='ltr'>(n).</span> <span class='ocrx_word' id='word_1_41' title='bbox 265 955 430 1029; x_wconf 73' lang='lat' dir='ltr'>Nicephore</span> <span class='ocrx_word' id='word_1_42' title='bbox 438 955 492 1008; x_wconf 88' lang='lat' dir='ltr'>cite</span> <span class='ocrx_word' id='word_1_43' title='bbox 501 972 540 1006; x_wconf 91' lang='lat' dir='ltr'>un</span> <span class='ocrx_word' id='word_1_44' title='bbox 552 954 622 1008; x_wconf 85' lang='lat' dir='ltr'>livre</span> <span class='ocrx_word' id='word_1_45' title='bbox 634 962 733 1008; x_wconf 80' lang='lat' dir='ltr'>contre</span> <span class='ocrx_word' id='word_1_46' title='bbox 743 952 872 1005; x_wconf 85' lang='lat' dir='ltr'>Marcion</span> 
     </span>
     <span class='ocr_line' id='line_1_8' title="bbox 98 1047 871 1128; baseline -0.014 -17"><span class='ocrx_word' id='word_1_47' title='bbox 98 1068 126 1112; x_wconf 85' lang='lat' dir='ltr'>et</span> <span class='ocrx_word' id='word_1_48' title='bbox 139 1057 206 1128; x_wconf 86' lang='lat' dir='ltr'>cinq</span> <span class='ocrx_word' id='word_1_49' title='bbox 219 1064 315 1109; x_wconf 88' lang='lat' dir='ltr'>autres</span> <span class='ocrx_word' id='word_1_50' title='bbox 329 1069 467 1126; x_wconf 83' lang='lat' dir='ltr'>ouvrages</span> <span class='ocrx_word' id='word_1_51' title='bbox 480 1060 579 1106; x_wconf 83' lang='lat' dir='ltr'><strong>contre</strong></span> <span class='ocrx_word' id='word_1_52' title='bbox 593 1059 689 1103; x_wconf 89' lang='lat' dir='ltr'>autant</span> <span class='ocrx_word' id='word_1_53' title='bbox 703 1047 871 1102; x_wconf 75' lang='lat' dir='ltr'>d&#39;htresiar-</span> 
     </span>
     <span class='ocr_line' id='line_1_9' title="bbox 99 1141 872 1244; baseline -0.014 -36"><span class='ocrx_word' id='word_1_54' title='bbox 99 1171 172 1228; x_wconf 84' lang='lat' dir='ltr'>ques</span> <span class='ocrx_word' id='word_1_55' title='bbox 185 1151 257 1206; x_wconf 88' lang='lat' dir='ltr'>dont</span> <span class='ocrx_word' id='word_1_56' title='bbox 268 1151 308 1206; x_wconf 88' lang='lat' dir='ltr'>les</span> <span class='ocrx_word' id='word_1_57' title='bbox 322 1166 492 1204; x_wconf 83' lang='lat' dir='ltr'>nonrsnous</span> <span class='ocrx_word' id='word_1_58' title='bbox 505 1157 569 1202; x_wconf 89' lang='lat' dir='ltr'>sont</span> <span class='ocrx_word' id='word_1_59' title='bbox 582 1147 721 1244; x_wconf 57' lang='lat' dir='ltr'>imponnus</span> <span class='ocrx_word' id='word_1_60' title='bbox 735 1141 872 1220; x_wconf 79' lang='grc' dir='ltr'>(3).)11ιι1-</span> 
     </span>
     <span class='ocr_line' id='line_1_10' title="bbox 96 1237 871 1318; baseline -0.015 -15"><span class='ocrx_word' id='word_1_61' title='bbox 96 1247 315 1302; x_wconf 87' lang='lat' dir='ltr'>heureusement</span> <span class='ocrx_word' id='word_1_62' title='bbox 327 1244 355 1298; x_wconf 87' lang='lat' dir='ltr'>la</span> <span class='ocrx_word' id='word_1_63' title='bbox 368 1244 433 1318; x_wconf 91' lang='lat' dir='ltr'>plus</span> <span class='ocrx_word' id='word_1_64' title='bbox 445 1241 552 1316; x_wconf 83' lang='lat' dir='ltr'>grande</span> <span class='ocrx_word' id='word_1_65' title='bbox 563 1240 654 1313; x_wconf 88' lang='lat' dir='ltr'>partie</span> <span class='ocrx_word' id='word_1_66' title='bbox 673 1237 723 1296; x_wconf 89' lang='lat' dir='ltr'>des</span> <span class='ocrx_word' id='word_1_67' title='bbox 739 1239 821 1294; x_wconf 88' lang='lat' dir='ltr'>e&#39;crits</span> <span class='ocrx_word' id='word_1_68' title='bbox 835 1237 871 1292; x_wconf 91' lang='lat' dir='ltr'>de</span> 
     </span>
     <span class='ocr_line' id='line_1_11' title="bbox 95 1333 870 1410; baseline -0.008 -14"><span class='ocrx_word' id='word_1_69' title='bbox 95 1341 257 1396; x_wconf 77' lang='lat' dir='ltr'>Bardesane</span> <span class='ocrx_word' id='word_1_70' title='bbox 271 1357 307 1394; x_wconf 90' lang='lat' dir='ltr'>ne</span> <span class='ocrx_word' id='word_1_71' title='bbox 323 1349 388 1393; x_wconf 89' lang='lat' dir='ltr'>sont</span> <span class='ocrx_word' id='word_1_72' title='bbox 406 1338 489 1410; x_wconf 90' lang='lat' dir='ltr'>point</span> <span class='ocrx_word' id='word_1_73' title='bbox 510 1353 648 1410; x_wconf 85' lang='lat' dir='ltr'>parrenus</span> <span class='ocrx_word' id='word_1_74' title='bbox 660 1333 772 1407; x_wconf 79' lang='lat' dir='ltr'>jusqu’a</span> <span class='ocrx_word' id='word_1_75' title='bbox 787 1351 870 1390; x_wconf 86' lang='lat' dir='ltr'>nous.</span> 
     </span>
    </p>

    <p class='ocr_par' dir='ltr' id='par_1_4' title="bbox 91 1427 872 1981">
     <span class='ocr_line' id='line_1_12' title="bbox 140 1427 872 1508; baseline -0.011 -18"><span class='ocrx_word' id='word_1_76' title='bbox 140 1427 187 1492; x_wconf 86' lang='lat' dir='ltr'>O&#39;n</span> <span class='ocrx_word' id='word_1_77' title='bbox 200 1434 243 1489; x_wconf 91' lang='lat' dir='ltr'>dit</span> <span class='ocrx_word' id='word_1_78' title='bbox 252 1452 317 1508; x_wconf 88' lang='lat' dir='ltr'>que,</span> <span class='ocrx_word' id='word_1_79' title='bbox 333 1451 382 1488; x_wconf 90' lang='lat' dir='ltr'>sur</span> <span class='ocrx_word' id='word_1_80' title='bbox 395 1432 422 1487; x_wconf 92' lang='lat' dir='ltr'>la</span> <span class='ocrx_word' id='word_1_81' title='bbox 432 1430 473 1486; x_wconf 90' lang='lat' dir='ltr'>fin</span> <span class='ocrx_word' id='word_1_82' title='bbox 485 1430 521 1486; x_wconf 90' lang='lat' dir='ltr'>de</span> <span class='ocrx_word' id='word_1_83' title='bbox 530 1449 558 1486; x_wconf 93' lang='lat' dir='ltr'>sa</span> <span class='ocrx_word' id='word_1_84' title='bbox 572 1429 703 1499; x_wconf 75' lang='lat' dir='ltr'>carriire,</span> <span class='ocrx_word' id='word_1_85' title='bbox 714 1429 872 1484; x_wconf 84' lang='lat' dir='ltr'>Bardesane</span> 
     </span>
     <span class='ocr_line' id='line_1_13' title="bbox 96 1522 872 1598; baseline -0.009 -13"><span class='ocrx_word' id='word_1_86' title='bbox 96 1531 208 1586; x_wconf 88' lang='lat' dir='ltr'>sembla</span> <span class='ocrx_word' id='word_1_87' title='bbox 223 1531 402 1584; x_wconf 87' lang='lat' dir='ltr'>reconnaltre</span> <span class='ocrx_word' id='word_1_88' title='bbox 416 1545 458 1582; x_wconf 89' lang='lat' dir='ltr'>ses</span> <span class='ocrx_word' id='word_1_89' title='bbox 477 1544 595 1589; x_wconf 75' lang='lat' dir='ltr'>emeurs.</span> <span class='ocrx_word' id='word_1_90' title='bbox 611 1525 681 1580; x_wconf 83' lang='lat' dir='ltr'>Mais</span> <span class='ocrx_word' id='word_1_91' title='bbox 696 1523 820 1598; x_wconf 76' lang='lat' dir='ltr'>l&#39;ereque</span> <span class='ocrx_word' id='word_1_92' title='bbox 836 1522 872 1578; x_wconf 89' lang='lat' dir='ltr'>de</span> 
     </span>
     <span class='ocr_line' id='line_1_14' title="bbox 96 1617 872 1699; baseline -0.01 -17"><span class='ocrx_word' id='word_1_93' title='bbox 96 1628 227 1696; x_wconf 67' lang='lat' dir='ltr'>cesaree,</span> <span class='ocrx_word' id='word_1_94' title='bbox 239 1627 287 1699; x_wconf 87' lang='lat' dir='ltr'>qui</span> <span class='ocrx_word' id='word_1_95' title='bbox 305 1643 378 1680; x_wconf 85' lang='lat' dir='ltr'>nous</span> <span class='ocrx_word' id='word_1_96' title='bbox 389 1643 406 1680; x_wconf 86' lang='lat' dir='ltr'><strong>a</strong></span> <span class='ocrx_word' id='word_1_97' title='bbox 417 1624 553 1680; x_wconf 73' lang='lat' dir='ltr'>conserve</span> <span class='ocrx_word' id='word_1_98' title='bbox 573 1641 605 1678; x_wconf 89' lang='lat' dir='ltr'>ce</span> <span class='ocrx_word' id='word_1_99' title='bbox 618 1621 751 1678; x_wconf 87' lang='lat' dir='ltr'>souvenir</span> <span class='ocrx_word' id='word_1_100' title='bbox 768 1617 818 1696; x_wconf 76' lang='grc'>(1,),</span> <span class='ocrx_word' id='word_1_101' title='bbox 829 1638 872 1674; x_wconf 89' lang='lat' dir='ltr'>as-</span> 
     </span>
     <span class='ocr_line' id='line_1_15' title="bbox 95 1703 871 1795; baseline -0.009 -19"><span class='ocrx_word' id='word_1_102' title='bbox 95 1739 166 1776; x_wconf 87' lang='lat' dir='ltr'>sure</span> <span class='ocrx_word' id='word_1_103' title='bbox 179 1740 234 1795; x_wconf 90' lang='lat' dir='ltr'>que</span> <span class='ocrx_word' id='word_1_104' title='bbox 249 1721 276 1776; x_wconf 90' lang='lat' dir='ltr'>le</span> <span class='ocrx_word' id='word_1_105' title='bbox 290 1720 402 1777; x_wconf 73' lang='lat' dir='ltr'>celebre</span> <span class='ocrx_word' id='word_1_106' title='bbox 419 1718 571 1792; x_wconf 83' lang='lat' dir='ltr'>gnostique</span> <span class='ocrx_word' id='word_1_107' title='bbox 585 1703 716 1771; x_wconf 70' lang='lat' dir='ltr'>d&#39;lidesse</span> <span class='ocrx_word' id='word_1_108' title='bbox 731 1732 767 1770; x_wconf 88' lang='lat' dir='ltr'>ne</span> <span class='ocrx_word' id='word_1_109' title='bbox 781 1713 871 1785; x_wconf 85' lang='lat' dir='ltr'>rejeta</span> 
     </span>
     <span class='ocr_line' id='line_1_16' title="bbox 91 1807 870 1887; baseline -0.009 -17"><span class='ocrx_word' id='word_1_110' title='bbox 91 1814 196 1887; x_wconf 85' lang='lat' dir='ltr'>jamais</span> <span class='ocrx_word' id='word_1_111' title='bbox 207 1816 392 1870; x_wconf 80' lang='lat' dir='ltr'>entierement</span> <span class='ocrx_word' id='word_1_112' title='bbox 405 1813 532 1868; x_wconf 71' lang='lat' dir='ltr'>l&#39;herdsio</span> <span class='ocrx_word' id='word_1_113' title='bbox 544 1822 572 1867; x_wconf 86' lang='lat' dir='ltr'>et</span> <span class='ocrx_word' id='word_1_114' title='bbox 593 1807 661 1884; x_wconf 88' lang='lat' dir='ltr'><strong>qu&#39;il</strong></span> <span class='ocrx_word' id='word_1_115' title='bbox 679 1808 741 1865; x_wconf 88' lang='lat' dir='ltr'>finit</span> <span class='ocrx_word' id='word_1_116' title='bbox 757 1827 811 1884; x_wconf 89' lang='lat' dir='ltr'>par</span> <span class='ocrx_word' id='word_1_117' title='bbox 824 1827 870 1864; x_wconf 91' lang='lat' dir='ltr'>re·</span> 
     </span>
     <span class='ocr_line' id='line_1_17' title="bbox 97 1883 660 1981; baseline -0.009 -16"><span class='ocrx_word' id='word_1_118' title='bbox 97 1911 215 1965; x_wconf 88' lang='lat' dir='ltr'>tomber</span> <span class='ocrx_word' id='word_1_119' title='bbox 233 1910 304 1964; x_wconf 87' lang='lat' dir='ltr'>dans</span> <span class='ocrx_word' id='word_1_120' title='bbox 317 1920 381 1964; x_wconf 87' lang='lat' dir='ltr'>tous</span> <span class='ocrx_word' id='word_1_121' title='bbox 394 1926 436 1963; x_wconf 86' lang='lat' dir='ltr'>ses</span> <span class='ocrx_word' id='word_1_122' title='bbox 452 1908 634 1981; x_wconf 65' lang='lat' dir='ltr'>rigarements.</span> <span class='ocrx_word' id='word_1_123' title='bbox 654 1883 660 1904; x_wconf 62' lang='lat'><em>&#39;</em></span> 
     </span>
    </p>
   </div>
   <div class='ocr_carea' id='block_1_3' title="bbox 96 2199 872 2419">
    <p class='ocr_par' dir='ltr' id='par_1_5' title="bbox 96 2199 872 2419">
     <span class='ocr_line' id='line_1_18' title="bbox 96 2199 868 2266; baseline -0.008 -8"><span class='ocrx_word' id='word_1_124' title='bbox 96 2212 221 2258; x_wconf 79' lang='grc' dir='ltr'>Ειπιειτο</span> <span class='ocrx_word' id='word_1_125' title='bbox 235 2207 367 2266; x_wconf 75' lang='grc' dir='ltr'>ιιἘτεὲοε,</span> <span class='ocrx_word' id='word_1_126' title='bbox 388 2221 419 2256; x_wconf 79' lang='grc' dir='ltr'>οε</span> <span class='ocrx_word' id='word_1_127' title='bbox 434 2219 502 2256; x_wconf 70' lang='lat' dir='ltr'>sunt-r</span> <span class='ocrx_word' id='word_1_128' title='bbox 517 2199 656 2262; x_wconf 72' lang='grc' dir='ltr'>Ενινιιινε,</span> <span class='ocrx_word' id='word_1_129' title='bbox 681 2217 712 2252; x_wconf 83' lang='lat' dir='ltr'>or</span> <span class='ocrx_word' id='word_1_130' title='bbox 733 2217 802 2254; x_wconf 78' lang='grc' dir='ltr'>ενιιιτ</span> <span class='ocrx_word' id='word_1_131' title='bbox 825 2203 868 2254; x_wconf 72' lang='lat' dir='ltr'>Ji·</span> 
     </span>
     <span class='ocr_line' id='line_1_19' title="bbox 131 2277 872 2348; baseline -0.007 -13"><span class='ocrx_word' id='word_1_132' title='bbox 131 2300 211 2348; x_wconf 83' lang='grc' dir='ltr'>εοιε,</span> <span class='ocrx_word' id='word_1_133' title='bbox 228 2277 473 2344; x_wconf 60' lang='lat' dir='ltr'>resitutionem,</span> <span class='ocrx_word' id='word_1_134' title='bbox 490 2297 521 2332; x_wconf 85' lang='lat' dir='ltr'>ne</span> <span class='ocrx_word' id='word_1_135' title='bbox 541 2284 615 2332; x_wconf 81' lang='lat' dir='ltr'>Jotes</span> <span class='ocrx_word' id='word_1_136' title='bbox 627 2281 767 2330; x_wconf 78' lang='lat' dir='ltr'>t&#39;Arnrcrnt</span> <span class='ocrx_word' id='word_1_137' title='bbox 789 2295 818 2331; x_wconf 83' lang='grc' dir='ltr'>ετ</span> <span class='ocrx_word' id='word_1_138' title='bbox 839 2295 872 2330; x_wconf 83' lang='grc' dir='ltr'>οε</span> 
     </span>
     <span class='ocr_line' id='line_1_20' title="bbox 131 2359 779 2419; baseline -0.002 -7"><span class='ocrx_word' id='word_1_139' title='bbox 131 2363 247 2412; x_wconf 80' lang='grc' dir='ltr'>ιἰυτευιι</span> <span class='ocrx_word' id='word_1_140' title='bbox 263 2375 308 2412; x_wconf 84' lang='lat' dir='ltr'>ors</span> <span class='ocrx_word' id='word_1_141' title='bbox 319 2365 554 2419; x_wconf 73' lang='lat' dir='ltr'>Pnuosornorrsi‚</span> <span class='ocrx_word' id='word_1_142' title='bbox 569 2372 612 2408; x_wconf 81' lang='lat' dir='ltr'>srn</span> <span class='ocrx_word' id='word_1_143' title='bbox 624 2359 779 2411; x_wconf 74' lang='grc' dir='ltr'>Βιιιυεειιιιει</span> 
     </span>
    </p>
   </div>
   <div class='ocr_carea' id='block_1_4' title="bbox 128 2654 731 2722">
    <p class='ocr_par' dir='ltr' id='par_1_6' title="bbox 128 2654 731 2722">
     <span class='ocr_line' id='line_1_21' title="bbox 128 2654 731 2722; baseline -0.008 -13"><span class='ocrx_word' id='word_1_144' title='bbox 128 2657 139 2722; x_wconf 87' lang='lat'>[</span> <span class='ocrx_word' id='word_1_145' title='bbox 145 2655 253 2718; x_wconf 71' lang='lat' dir='ltr'>Eristhe,</span> <span class='ocrx_word' id='word_1_146' title='bbox 270 2658 370 2709; x_wconf 76' lang='grc' dir='ltr'>Πίσων.</span> <span class='ocrx_word' id='word_1_147' title='bbox 386 2655 496 2716; x_wconf 77' lang='lat' dir='ltr'>Eccles,</span> <span class='ocrx_word' id='word_1_148' title='bbox 508 2654 552 2704; x_wconf 81' lang='lat' dir='ltr'>liv.</span> <span class='ocrx_word' id='word_1_149' title='bbox 567 2657 610 2716; x_wconf 82' lang='lat' dir='ltr'>tv,</span> <span class='ocrx_word' id='word_1_150' title='bbox 624 2655 663 2706; x_wconf 87' lang='lat' dir='ltr'>oh.</span> <span class='ocrx_word' id='word_1_151' title='bbox 675 2655 731 2720; x_wconf 79' lang='grc'>111]</span> 
     </span>
    </p>
   </div>
   <div class='ocr_carea' id='block_1_5' title="bbox 96 2799 875 4610">
    <p class='ocr_par' dir='ltr' id='par_1_7' title="bbox 96 2799 875 4610">
     <span class='ocr_line' id='line_1_22' title="bbox 156 2799 872 2882; baseline 0.003 -19.857"><span class='ocrx_word' id='word_1_152' title='bbox 156 2800 200 2858; x_wconf 74' lang='grc' dir='ltr'>ἐπὶ</span> <span class='ocrx_word' id='word_1_153' title='bbox 214 2799 241 2859; x_wconf 78' lang='grc' dir='ltr'>δέ</span> <span class='ocrx_word' id='word_1_154' title='bbox 254 2804 300 2870; x_wconf 83' lang='grc' dir='ltr'>τῆς</span> <span class='ocrx_word' id='word_1_155' title='bbox 315 2802 396 2872; x_wconf 79' lang='grc' dir='ltr'>αὐτῆς</span> <span class='ocrx_word' id='word_1_156' title='bbox 412 2800 547 2879; x_wconf 82' lang='grc' dir='ltr'>βασιλείας</span> <span class='ocrx_word' id='word_1_157' title='bbox 561 2803 715 2872; x_wconf 87' lang='grc' dir='ltr'>πληθουσῶν</span> <span class='ocrx_word' id='word_1_158' title='bbox 731 2804 783 2860; x_wconf 93' lang='grc' dir='ltr'>τῶν</span> <span class='ocrx_word' id='word_1_159' title='bbox 798 2803 872 2882; x_wconf 81' lang='grc' dir='ltr'>αἱρέ-</span> 
     </span>
     <span class='ocr_line' id='line_1_23' title="bbox 98 2897 872 2980; baseline -0.001 -22"><span class='ocrx_word' id='word_1_160' title='bbox 98 2922 168 2958; x_wconf 84' lang='grc' dir='ltr'>σεων</span> <span class='ocrx_word' id='word_1_161' title='bbox 194 2897 238 2956; x_wconf 78' lang='grc' dir='ltr'>ἐπὶ</span> <span class='ocrx_word' id='word_1_162' title='bbox 261 2902 308 2968; x_wconf 70' lang='grc' dir='ltr'>τῆς</span> <span class='ocrx_word' id='word_1_163' title='bbox 328 2897 409 2974; x_wconf 83' lang='grc' dir='ltr'>μέσης</span> <span class='ocrx_word' id='word_1_164' title='bbox 439 2900 490 2956; x_wconf 93' lang='grc' dir='ltr'>τῶν</span> <span class='ocrx_word' id='word_1_165' title='bbox 514 2901 656 2974; x_wconf 81' lang='grc' dir='ltr'>ποταμῶν,</span> <span class='ocrx_word' id='word_1_166' title='bbox 682 2901 872 2980; x_wconf 87' lang='grc' dir='ltr'>Βαρδησάνης,</span> 
     </span>
     <span class='ocr_line' id='line_1_24' title="bbox 98 2993 871 3077; baseline 0.005 -25"><span class='ocrx_word' id='word_1_167' title='bbox 98 2993 263 3061; x_wconf 86' lang='grc' dir='ltr'>ίκανώτατός</span> <span class='ocrx_word' id='word_1_168' title='bbox 276 3019 314 3062; x_wconf 88' lang='grc' dir='ltr'>τις</span> <span class='ocrx_word' id='word_1_169' title='bbox 329 2994 394 3070; x_wconf 78' lang='grc' dir='ltr'>ἀνὴρ</span> <span class='ocrx_word' id='word_1_170' title='bbox 410 2995 437 3052; x_wconf 87' lang='grc' dir='ltr'>ἔν</span> <span class='ocrx_word' id='word_1_171' title='bbox 449 3019 478 3053; x_wconf 86' lang='grc' dir='ltr'>τε</span> <span class='ocrx_word' id='word_1_172' title='bbox 493 2999 526 3075; x_wconf 88' lang='grc' dir='ltr'>τῇ</span> <span class='ocrx_word' id='word_1_173' title='bbox 542 2995 636 3074; x_wconf 80' lang='grc' dir='ltr'>Σύρων</span> <span class='ocrx_word' id='word_1_174' title='bbox 650 3002 724 3077; x_wconf 85' lang='grc' dir='ltr'>φωνῇ</span> <span class='ocrx_word' id='word_1_175' title='bbox 740 2999 871 3058; x_wconf 85' lang='grc' dir='ltr'>διαλεκτι-</span> 
     </span>
     <span class='ocr_line' id='line_1_25' title="bbox 99 3088 872 3173; baseline 0.001 -24"><span class='ocrx_word' id='word_1_176' title='bbox 99 3089 230 3167; x_wconf 83' lang='grc' dir='ltr'>κώτατος,</span> <span class='ocrx_word' id='word_1_177' title='bbox 239 3089 305 3170; x_wconf 86' lang='grc' dir='ltr'>πρδς</span> <span class='ocrx_word' id='word_1_178' title='bbox 317 3089 375 3155; x_wconf 84' lang='grc' dir='ltr'>τοθς</span> <span class='ocrx_word' id='word_1_179' title='bbox 386 3088 456 3149; x_wconf 86' lang='grc' dir='ltr'>κατά</span> <span class='ocrx_word' id='word_1_180' title='bbox 467 3089 615 3169; x_wconf 87' lang='grc' dir='ltr'>Μαρκίωνα</span> <span class='ocrx_word' id='word_1_181' title='bbox 629 3091 676 3150; x_wconf 91' lang='grc' dir='ltr'>καί</span> <span class='ocrx_word' id='word_1_182' title='bbox 687 3115 759 3160; x_wconf 90' lang='grc' dir='ltr'>τινας</span> <span class='ocrx_word' id='word_1_183' title='bbox 771 3095 872 3173; x_wconf 82' lang='grc' dir='ltr'>έτέρους</span> 
     </span>
     <span class='ocr_line' id='line_1_26' title="bbox 100 3183 872 3265; baseline 0.001 -20"><span class='ocrx_word' id='word_1_184' title='bbox 100 3183 236 3265; x_wconf 79' lang='grc' dir='ltr'>διαφόρων</span> <span class='ocrx_word' id='word_1_185' title='bbox 255 3185 459 3264; x_wconf 78' lang='grc' dir='ltr'>προϊσταμένους</span> <span class='ocrx_word' id='word_1_186' title='bbox 472 3184 610 3263; x_wconf 77' lang='grc' dir='ltr'>δογμάτων</span> <span class='ocrx_word' id='word_1_187' title='bbox 625 3187 761 3265; x_wconf 79' lang='grc' dir='ltr'>διαλόγους</span> <span class='ocrx_word' id='word_1_188' title='bbox 774 3211 872 3260; x_wconf 85' lang='grc' dir='ltr'>συστη-</span> 
     </span>
     <span class='ocr_line' id='line_1_27' title="bbox 98 3277 871 3364; baseline 0.004 -24"><span class='ocrx_word' id='word_1_189' title='bbox 98 3281 233 3358; x_wconf 87' lang='grc' dir='ltr'>σάμενος,</span> <span class='ocrx_word' id='word_1_190' title='bbox 250 3284 284 3360; x_wconf 79' lang='grc' dir='ltr'>τῇ</span> <span class='ocrx_word' id='word_1_191' title='bbox 298 3277 383 3360; x_wconf 79' lang='grc' dir='ltr'>οίκείρ</span> <span class='ocrx_word' id='word_1_192' title='bbox 398 3277 531 3359; x_wconf 85' lang='grc' dir='ltr'>παρέδωκε</span> <span class='ocrx_word' id='word_1_193' title='bbox 544 3280 650 3360; x_wconf 83' lang='grc' dir='ltr'>γλώττῃ</span> <span class='ocrx_word' id='word_1_194' title='bbox 668 3304 696 3340; x_wconf 91' lang='grc' dir='ltr'>τε</span> <span class='ocrx_word' id='word_1_195' title='bbox 712 3282 756 3342; x_wconf 82' lang='grc' dir='ltr'>καλ</span> <span class='ocrx_word' id='word_1_196' title='bbox 770 3287 871 3364; x_wconf 81' lang='grc' dir='ltr'>γραφῇ,</span> 
     </span>
     <span class='ocr_line' id='line_1_28' title="bbox 98 3375 872 3457; baseline 0.004 -22"><span class='ocrx_word' id='word_1_197' title='bbox 98 3376 167 3454; x_wconf 84' lang='grc' dir='ltr'>μετδι</span> <span class='ocrx_word' id='word_1_198' title='bbox 182 3375 228 3436; x_wconf 83' lang='grc' dir='ltr'>καί</span> <span class='ocrx_word' id='word_1_199' title='bbox 242 3375 376 3436; x_wconf 79' lang='grc' dir='ltr'>πλείστων</span> <span class='ocrx_word' id='word_1_200' title='bbox 390 3375 483 3456; x_wconf 73' lang='grc' dir='ltr'>ἑτέρων</span> <span class='ocrx_word' id='word_1_201' title='bbox 498 3379 577 3438; x_wconf 77' lang='grc' dir='ltr'>αὐτοῦ</span> <span class='ocrx_word' id='word_1_202' title='bbox 587 3380 816 3457; x_wconf 88' lang='grc' dir='ltr'>συγγραμμάτων·</span> <span class='ocrx_word' id='word_1_203' title='bbox 829 3380 872 3449; x_wconf 87' lang='grc' dir='ltr'>οθς</span> 
     </span>
     <span class='ocr_line' id='line_1_29' title="bbox 97 3465 872 3557; baseline 0.005 -26"><span class='ocrx_word' id='word_1_204' title='bbox 97 3476 121 3532; x_wconf 82' lang='grc' dir='ltr'>οἱ</span> <span class='ocrx_word' id='word_1_205' title='bbox 136 3473 263 3552; x_wconf 88' lang='grc' dir='ltr'>γνώριμοι</span> <span class='ocrx_word' id='word_1_206' title='bbox 273 3473 409 3553; x_wconf 85' lang='grc' dir='ltr'>(πλεῖστοι</span> <span class='ocrx_word' id='word_1_207' title='bbox 421 3473 449 3532; x_wconf 80' lang='grc' dir='ltr'>δέ</span> <span class='ocrx_word' id='word_1_208' title='bbox 463 3465 531 3546; x_wconf 75' lang='grc' dir='ltr'>ήσαν</span> <span class='ocrx_word' id='word_1_209' title='bbox 542 3475 612 3550; x_wconf 80' lang='grc' dir='ltr'>αὐτῷ</span> <span class='ocrx_word' id='word_1_210' title='bbox 624 3475 738 3542; x_wconf 82' lang='grc' dir='ltr'>δυνατῶς</span> <span class='ocrx_word' id='word_1_211' title='bbox 753 3479 790 3556; x_wconf 81' lang='grc' dir='ltr'>τῷ</span> <span class='ocrx_word' id='word_1_212' title='bbox 802 3475 872 3557; x_wconf 87' lang='grc' dir='ltr'>λόγῳ</span> 
     </span>
     <span class='ocr_line' id='line_1_30' title="bbox 97 3568 870 3652; baseline 0.005 -24"><span class='ocrx_word' id='word_1_213' title='bbox 97 3569 301 3650; x_wconf 88' lang='grc' dir='ltr'>παρισταμίνῳ)</span> <span class='ocrx_word' id='word_1_214' title='bbox 317 3571 362 3629; x_wconf 77' lang='lat' dir='ltr'>inl</span> <span class='ocrx_word' id='word_1_215' title='bbox 375 3569 424 3641; x_wconf 73' lang='grc' dir='ltr'>τήν</span> <span class='ocrx_word' id='word_1_216' title='bbox 436 3568 574 3643; x_wconf 87' lang='grc' dir='ltr'>Ἑλλήνων</span> <span class='ocrx_word' id='word_1_217' title='bbox 587 3571 640 3630; x_wconf 86' lang='grc' dir='ltr'>ἀπὸ</span> <span class='ocrx_word' id='word_1_218' title='bbox 651 3576 698 3643; x_wconf 77' lang='grc' dir='ltr'>τῆς</span> <span class='ocrx_word' id='word_1_219' title='bbox 712 3571 806 3652; x_wconf 86' lang='grc' dir='ltr'>Σύρων</span> <span class='ocrx_word' id='word_1_220' title='bbox 820 3597 870 3649; x_wconf 87' lang='grc' dir='ltr'>με·</span> 
     </span>
     <span class='ocr_line' id='line_1_31' title="bbox 96 3656 871 3747; baseline 0.004 -24"><span class='ocrx_word' id='word_1_221' title='bbox 96 3663 279 3736; x_wconf 76' lang='grc' dir='ltr'>ταθεδλήκασι</span> <span class='ocrx_word' id='word_1_222' title='bbox 293 3670 397 3746; x_wconf 76' lang='grc' dir='ltr'>φωνῆς·</span> <span class='ocrx_word' id='word_1_223' title='bbox 415 3667 442 3724; x_wconf 79' lang='grc' dir='ltr'>ἐν</span> <span class='ocrx_word' id='word_1_224' title='bbox 458 3656 496 3733; x_wconf 81' lang='grc' dir='ltr'>οἷς</span> <span class='ocrx_word' id='word_1_225' title='bbox 512 3665 568 3724; x_wconf 74' lang='lat' dir='ltr'>loti</span> <span class='ocrx_word' id='word_1_226' title='bbox 580 3667 625 3725; x_wconf 81' lang='grc' dir='ltr'>καὶ</span> <span class='ocrx_word' id='word_1_227' title='bbox 640 3669 654 3724; x_wconf 87' lang='grc' dir='ltr'>δ</span> <span class='ocrx_word' id='word_1_228' title='bbox 670 3667 735 3747; x_wconf 89' lang='grc' dir='ltr'>πρδς</span> <span class='ocrx_word' id='word_1_229' title='bbox 749 3667 871 3728; x_wconf 81' lang='grc' dir='ltr'>Ἀντωνῖ-</span> 
     </span>
     <span class='ocr_line' id='line_1_32' title="bbox 97 3759 871 3843; baseline 0.005 -23"><span class='ocrx_word' id='word_1_230' title='bbox 97 3783 143 3820; x_wconf 87' lang='grc' dir='ltr'>νον</span> <span class='ocrx_word' id='word_1_231' title='bbox 155 3759 315 3828; x_wconf 70' lang='grc' dir='ltr'>ἱκανώτατος</span> <span class='ocrx_word' id='word_1_232' title='bbox 327 3762 407 3820; x_wconf 81' lang='grc' dir='ltr'>αὐτοῦ</span> <span class='ocrx_word' id='word_1_233' title='bbox 422 3761 482 3840; x_wconf 79' lang='grc' dir='ltr'>περὶ</span> <span class='ocrx_word' id='word_1_234' title='bbox 497 3761 659 3840; x_wconf 80' lang='grc' dir='ltr'>εἱμαρμένης</span> <span class='ocrx_word' id='word_1_235' title='bbox 672 3763 809 3843; x_wconf 89' lang='grc' dir='ltr'>διάλογος,</span> <span class='ocrx_word' id='word_1_236' title='bbox 822 3764 871 3824; x_wconf 82' lang='grc' dir='ltr'>ὅσα</span> 
     </span>
     <span class='ocr_line' id='line_1_33' title="bbox 97 3855 873 3940; baseline 0.009 -26"><span class='ocrx_word' id='word_1_237' title='bbox 97 3878 129 3914; x_wconf 88' lang='grc' dir='ltr'>τε</span> <span class='ocrx_word' id='word_1_238' title='bbox 145 3855 212 3915; x_wconf 82' lang='grc' dir='ltr'>ἀλλα</span> <span class='ocrx_word' id='word_1_239' title='bbox 226 3855 304 3932; x_wconf 82' lang='grc' dir='ltr'>φασὶν</span> <span class='ocrx_word' id='word_1_240' title='bbox 320 3856 398 3915; x_wconf 71' lang='lat' dir='ltr'>ciris</span> <span class='ocrx_word' id='word_1_241' title='bbox 415 3856 546 3937; x_wconf 82' lang='grc' dir='ltr'>προφάσει</span> <span class='ocrx_word' id='word_1_242' title='bbox 560 3862 605 3916; x_wconf 82' lang='grc' dir='ltr'>τοῦ</span> <span class='ocrx_word' id='word_1_243' title='bbox 624 3859 740 3938; x_wconf 81' lang='grc' dir='ltr'>διωγμοῦ</span> <span class='ocrx_word' id='word_1_244' title='bbox 756 3861 873 3940; x_wconf 88' lang='grc' dir='ltr'>συγγρά·</span> 
     </span>
     <span class='ocr_line' id='line_1_34' title="bbox 96 3940 870 4032; baseline 0.013 -26"><span class='ocrx_word' id='word_1_245' title='bbox 96 3953 161 4030; x_wconf 87' lang='grc' dir='ltr'>ψαι.</span> <span class='ocrx_word' id='word_1_246' title='bbox 202 3940 258 4011; x_wconf 78' lang='grc' dir='ltr'>Ἦν</span> <span class='ocrx_word' id='word_1_247' title='bbox 271 3953 293 4010; x_wconf 85' lang='grc' dir='ltr'>δ’</span> <span class='ocrx_word' id='word_1_248' title='bbox 302 3949 353 4028; x_wconf 80' lang='grc' dir='ltr'>ἀρα</span> <span class='ocrx_word' id='word_1_249' title='bbox 364 3941 437 4018; x_wconf 68' lang='grc' dir='ltr'>οὗτος</span> <span class='ocrx_word' id='word_1_250' title='bbox 449 3951 573 4032; x_wconf 83' lang='grc' dir='ltr'>πρότερον</span> <span class='ocrx_word' id='word_1_251' title='bbox 584 3957 630 4024; x_wconf 78' lang='grc' dir='ltr'>τῆς</span> <span class='ocrx_word' id='word_1_252' title='bbox 646 3951 715 4012; x_wconf 83' lang='grc' dir='ltr'>κατά</span> <span class='ocrx_word' id='word_1_253' title='bbox 727 3958 870 4016; x_wconf 72' lang='grc' dir='ltr'>Οὐαλεντί-</span> 
     </span>
     <span class='ocr_line' id='line_1_35' title="bbox 96 4046 873 4126; baseline 0.006 -21"><span class='ocrx_word' id='word_1_254' title='bbox 96 4070 147 4106; x_wconf 85' lang='grc' dir='ltr'>νον</span> <span class='ocrx_word' id='word_1_255' title='bbox 165 4049 278 4126; x_wconf 69' lang='grc' dir='ltr'>σχολῆς,</span> <span class='ocrx_word' id='word_1_256' title='bbox 302 4046 448 4124; x_wconf 78' lang='grc' dir='ltr'>καταγνοὺς</span> <span class='ocrx_word' id='word_1_257' title='bbox 466 4047 494 4107; x_wconf 84' lang='grc' dir='ltr'>δέ</span> <span class='ocrx_word' id='word_1_258' title='bbox 516 4047 629 4122; x_wconf 83' lang='grc' dir='ltr'>ταύτης,</span> <span class='ocrx_word' id='word_1_259' title='bbox 642 4050 755 4110; x_wconf 83' lang='grc' dir='ltr'>πλεῖστά</span> <span class='ocrx_word' id='word_1_260' title='bbox 776 4074 805 4110; x_wconf 91' lang='grc' dir='ltr'>τε</span> <span class='ocrx_word' id='word_1_261' title='bbox 826 4055 873 4124; x_wconf 79' lang='grc' dir='ltr'>τῆς</span> 
     </span>
     <span class='ocr_line' id='line_1_36' title="bbox 97 4140 874 4224; baseline 0.003 -20"><span class='ocrx_word' id='word_1_262' title='bbox 97 4143 173 4204; x_wconf 85' lang='grc' dir='ltr'>κατά</span> <span class='ocrx_word' id='word_1_263' title='bbox 193 4149 283 4218; x_wconf 64' lang='grc' dir='ltr'>τοῦτον</span> <span class='ocrx_word' id='word_1_264' title='bbox 307 4140 460 4221; x_wconf 82' lang='grc' dir='ltr'>μυθοποιίας</span> <span class='ocrx_word' id='word_1_265' title='bbox 482 4144 642 4223; x_wconf 79' lang='grc' dir='ltr'>ἀπελίγξας,</span> <span class='ocrx_word' id='word_1_266' title='bbox 657 4145 740 4205; x_wconf 75' lang='grc' dir='ltr'>ἰδόκει</span> <span class='ocrx_word' id='word_1_267' title='bbox 756 4147 874 4224; x_wconf 77' lang='grc' dir='ltr'>μάντεις</span> 
     </span>
     <span class='ocr_line' id='line_1_37' title="bbox 99 4237 872 4322; baseline 0.004 -22"><span class='ocrx_word' id='word_1_268' title='bbox 99 4241 181 4309; x_wconf 83' lang='grc' dir='ltr'>αὗτδς</span> <span class='ocrx_word' id='word_1_269' title='bbox 201 4244 285 4322; x_wconf 69' lang='grc' dir='ltr'>ἑαυτῷ</span> <span class='ocrx_word' id='word_1_270' title='bbox 300 4242 343 4302; x_wconf 75' lang='lat' dir='ltr'>inl</span> <span class='ocrx_word' id='word_1_271' title='bbox 365 4242 412 4313; x_wconf 81' lang='grc' dir='ltr'>τὴν</span> <span class='ocrx_word' id='word_1_272' title='bbox 435 4243 575 4322; x_wconf 81' lang='grc' dir='ltr'>ὀρθοτέραν</span> <span class='ocrx_word' id='word_1_273' title='bbox 594 4237 709 4320; x_wconf 80' lang='grc' dir='ltr'>γνώμην</span> <span class='ocrx_word' id='word_1_274' title='bbox 722 4249 872 4321; x_wconf 76' lang='grc' dir='ltr'>μετατεθεῖ-</span> 
     </span>
     <span class='ocr_line' id='line_1_38' title="bbox 98 4327 874 4418; baseline 0.004 -23"><span class='ocrx_word' id='word_1_275' title='bbox 98 4342 180 4395; x_wconf 87' lang='grc' dir='ltr'>σθαι·</span> <span class='ocrx_word' id='word_1_276' title='bbox 194 4338 223 4395; x_wconf 90' lang='grc' dir='ltr'>οθ</span> <span class='ocrx_word' id='word_1_277' title='bbox 238 4337 290 4413; x_wconf 83' lang='grc' dir='ltr'>μήν</span> <span class='ocrx_word' id='word_1_278' title='bbox 305 4360 336 4414; x_wconf 89' lang='grc' dir='ltr'>γε</span> <span class='ocrx_word' id='word_1_279' title='bbox 349 4338 484 4405; x_wconf 78' lang='grc' dir='ltr'>παντελῶς</span> <span class='ocrx_word' id='word_1_280' title='bbox 503 4327 673 4418; x_wconf 75' lang='grc' dir='ltr'>άπερρόψατο</span> <span class='ocrx_word' id='word_1_281' title='bbox 689 4338 733 4397; x_wconf 88' lang='grc' dir='ltr'>τδν</span> <span class='ocrx_word' id='word_1_282' title='bbox 754 4344 801 4410; x_wconf 80' lang='grc' dir='ltr'>τῆς</span> <span class='ocrx_word' id='word_1_283' title='bbox 821 4363 874 4398; x_wconf 89' lang='grc' dir='ltr'>πα-</span> 
     </span>
     <span class='ocr_line' id='line_1_39' title="bbox 97 4429 875 4514; baseline 0.005 -24"><span class='ocrx_word' id='word_1_284' title='bbox 97 4434 182 4498; x_wconf 71' lang='grc' dir='ltr'>λαιᾶς</span> <span class='ocrx_word' id='word_1_285' title='bbox 195 4432 316 4511; x_wconf 79' lang='grc' dir='ltr'>αἱρέσεως</span> <span class='ocrx_word' id='word_1_286' title='bbox 331 4429 422 4509; x_wconf 77' lang='grc' dir='ltr'>ῥύπον.</span> <span class='ocrx_word' id='word_1_287' title='bbox 466 4432 515 4493; x_wconf 80' lang='grc' dir='ltr'>Ἐν</span> <span class='ocrx_word' id='word_1_288' title='bbox 529 4433 614 4514; x_wconf 84' lang='grc' dir='ltr'>τούτῳ</span> <span class='ocrx_word' id='word_1_289' title='bbox 625 4457 655 4512; x_wconf 94' lang='grc' dir='ltr'>γε</span> <span class='ocrx_word' id='word_1_290' title='bbox 671 4435 724 4512; x_wconf 77' lang='grc' dir='ltr'>μὴν</span> <span class='ocrx_word' id='word_1_291' title='bbox 738 4435 784 4494; x_wconf 83' lang='grc' dir='ltr'>καί</span> <span class='ocrx_word' id='word_1_292' title='bbox 798 4439 813 4494; x_wconf 87' lang='grc' dir='ltr'>δ</span> <span class='ocrx_word' id='word_1_293' title='bbox 828 4439 875 4507; x_wconf 80' lang='grc' dir='ltr'>τῆς</span> 
     </span>
     <span class='ocr_line' id='line_1_40' title="bbox 98 4525 831 4610; baseline 0.004 -24"><span class='ocrx_word' id='word_1_294' title='bbox 98 4525 247 4604; x_wconf 83' lang='grc' dir='ltr'>Ῥωμαίων</span> <span class='ocrx_word' id='word_1_295' title='bbox 263 4527 405 4598; x_wconf 77' lang='grc' dir='ltr'>ἐκκλησίας</span> <span class='ocrx_word' id='word_1_296' title='bbox 422 4526 564 4596; x_wconf 76' lang='grc' dir='ltr'>ἐπίσκοπος</span> <span class='ocrx_word' id='word_1_297' title='bbox 580 4529 676 4608; x_wconf 73' lang='grc' dir='ltr'>Σωτήρ</span> <span class='ocrx_word' id='word_1_298' title='bbox 690 4532 831 4610; x_wconf 73' lang='grc' dir='ltr'>τελευτᾷ...</span> 
     </span>
    </p>
   </div>
   <div class='ocr_carea' id='block_1_6' title="bbox 97 4727 876 5188">
    <p class='ocr_par' dir='ltr' id='par_1_8' title="bbox 98 4727 876 4872">
     <span class='ocr_line' id='line_1_41' title="bbox 135 4727 876 4793; baseline 0.009 -14"><span class='ocrx_word' id='word_1_299' title='bbox 135 4727 171 4792; x_wconf 90' lang='grc'>(1)</span> <span class='ocrx_word' id='word_1_300' title='bbox 188 4729 296 4790; x_wconf 63' lang='lat' dir='ltr'>timebo,</span> <span class='ocrx_word' id='word_1_301' title='bbox 319 4731 388 4781; x_wconf 75' lang='lat' dir='ltr'>Hm.</span> <span class='ocrx_word' id='word_1_302' title='bbox 405 4731 539 4792; x_wconf 80' lang='grc' dir='ltr'>Εοτ1.,11τ.</span> <span class='ocrx_word' id='word_1_303' title='bbox 557 4733 633 4793; x_wconf 85' lang='grc' dir='ltr'>111,υ.</span> <span class='ocrx_word' id='word_1_304' title='bbox 646 4737 685 4784; x_wconf 79' lang='grc'>30.</span> <span class='ocrx_word' id='word_1_305' title='bbox 703 4759 734 4771; x_wconf 95' lang='grc'>-</span> <span class='ocrx_word' id='word_1_306' title='bbox 745 4733 783 4784; x_wconf 83' lang='lat' dir='ltr'>ci.</span> <span class='ocrx_word' id='word_1_307' title='bbox 808 4737 876 4786; x_wconf 85' lang='lat' dir='ltr'>aussi</span> 
     </span>
     <span class='ocr_line' id='line_1_42' title="bbox 98 4805 765 4872; baseline 0.007 -15"><span class='ocrx_word' id='word_1_308' title='bbox 98 4809 182 4857; x_wconf 73' lang='lat' dir='ltr'>Molee</span> <span class='ocrx_word' id='word_1_309' title='bbox 191 4805 221 4857; x_wconf 86' lang='lat' dir='ltr'>de</span> <span class='ocrx_word' id='word_1_310' title='bbox 231 4807 359 4866; x_wconf 79' lang='lat' dir='ltr'>Khortne.</span> <span class='ocrx_word' id='word_1_311' title='bbox 373 4811 440 4859; x_wconf 72' lang='lat' dir='ltr'>illst.</span> <span class='ocrx_word' id='word_1_312' title='bbox 453 4808 561 4870; x_wconf 80' lang='lat' dir='ltr'>d&#39;Arm.‚</span> <span class='ocrx_word' id='word_1_313' title='bbox 572 4809 614 4860; x_wconf 85' lang='lat' dir='ltr'>liv.</span> <span class='ocrx_word' id='word_1_314' title='bbox 631 4812 663 4872; x_wconf 90' lang='grc'>11,</span> <span class='ocrx_word' id='word_1_315' title='bbox 675 4811 715 4861; x_wconf 86' lang='lat' dir='ltr'>ch.</span> <span class='ocrx_word' id='word_1_316' title='bbox 726 4817 765 4863; x_wconf 82' lang='lat' dir='ltr'>tt.</span> 
     </span>
    </p>

    <p class='ocr_par' dir='ltr' id='par_1_9' title="bbox 134 4882 751 4952">
     <span class='ocr_line' id='line_1_43' title="bbox 134 4882 751 4952; baseline 0.006 -18"><span class='ocrx_word' id='word_1_317' title='bbox 134 4882 170 4948; x_wconf 80' lang='grc'>(1)</span> <span class='ocrx_word' id='word_1_318' title='bbox 179 4883 247 4934; x_wconf 86' lang='lat' dir='ltr'>Saint</span> <span class='ocrx_word' id='word_1_319' title='bbox 257 4885 371 4947; x_wconf 68' lang='lat' dir='ltr'>sirone,</span> <span class='ocrx_word' id='word_1_320' title='bbox 389 4889 486 4950; x_wconf 78' lang='lat' dir='ltr'>Opera,</span> <span class='ocrx_word' id='word_1_321' title='bbox 501 4889 520 4936; x_wconf 90' lang='grc'>1.</span> <span class='ocrx_word' id='word_1_322' title='bbox 533 4889 613 4952; x_wconf 86' lang='lat' dir='ltr'>1V‚p.</span> <span class='ocrx_word' id='word_1_323' title='bbox 630 4893 682 4950; x_wconf 90' lang='grc'>111,</span> <span class='ocrx_word' id='word_1_324' title='bbox 697 4893 751 4938; x_wconf 79' lang='grc'>111.</span> 
     </span>
    </p>

    <p class='ocr_par' dir='ltr' id='par_1_10' title="bbox 97 4961 874 5110">
     <span class='ocr_line' id='line_1_44' title="bbox 134 4961 874 5028; baseline 0.005 -14"><span class='ocrx_word' id='word_1_325' title='bbox 134 4961 170 5027; x_wconf 82' lang='grc'>(3)</span> <span class='ocrx_word' id='word_1_326' title='bbox 183 4963 336 5028; x_wconf 68' lang='grc' dir='ltr'>Νἰιάρθοτο,</span> <span class='ocrx_word' id='word_1_327' title='bbox 353 4967 423 5014; x_wconf 81' lang='grc' dir='ltr'>111σ1.</span> <span class='ocrx_word' id='word_1_328' title='bbox 443 4965 540 5026; x_wconf 65' lang='lat' dir='ltr'>eccles,</span> <span class='ocrx_word' id='word_1_329' title='bbox 559 4966 601 5014; x_wconf 83' lang='lat' dir='ltr'>liv.</span> <span class='ocrx_word' id='word_1_330' title='bbox 618 4968 662 5026; x_wconf 87' lang='lat' dir='ltr'>IV,</span> <span class='ocrx_word' id='word_1_331' title='bbox 679 4965 719 5015; x_wconf 86' lang='lat' dir='ltr'>eh.</span> <span class='ocrx_word' id='word_1_332' title='bbox 740 4967 874 5018; x_wconf 82' lang='grc'>11,-(11.</span> 
     </span>
     <span class='ocr_line' id='line_1_45' title="bbox 97 5041 854 5110; baseline 0.009 -16"><span class='ocrx_word' id='word_1_333' title='bbox 97 5041 169 5094; x_wconf 84' lang='lat' dir='ltr'>aussi</span> <span class='ocrx_word' id='word_1_334' title='bbox 183 5044 260 5094; x_wconf 84' lang='lat' dir='ltr'>Moise</span> <span class='ocrx_word' id='word_1_335' title='bbox 272 5043 304 5094; x_wconf 85' lang='lat' dir='ltr'>de</span> <span class='ocrx_word' id='word_1_336' title='bbox 317 5043 444 5104; x_wconf 74' lang='lat' dir='ltr'>Khorlne‚</span> <span class='ocrx_word' id='word_1_337' title='bbox 459 5047 529 5094; x_wconf 71' lang='lat' dir='ltr'>illst.</span> <span class='ocrx_word' id='word_1_338' title='bbox 540 5045 646 5106; x_wconf 59' lang='lat' dir='ltr'>darm„</span> <span class='ocrx_word' id='word_1_339' title='bbox 664 5047 750 5110; x_wconf 86' lang='grc' dir='ltr'>11ν.11,</span> <span class='ocrx_word' id='word_1_340' title='bbox 764 5050 803 5100; x_wconf 86' lang='lat' dir='ltr'>oh.</span> <span class='ocrx_word' id='word_1_341' title='bbox 813 5057 854 5101; x_wconf 81' lang='lat' dir='ltr'>ot.</span> 
     </span>
    </p>

    <p class='ocr_par' dir='ltr' id='par_1_11' title="bbox 131 5121 698 5188">
     <span class='ocr_line' id='line_1_46' title="bbox 131 5121 698 5188; baseline 0.009 -17"><span class='ocrx_word' id='word_1_342' title='bbox 131 5121 165 5186; x_wconf 79' lang='lat' dir='ltr'>(t)</span> <span class='ocrx_word' id='word_1_343' title='bbox 177 5122 292 5183; x_wconf 75' lang='lat' dir='ltr'>Eusebe,</span> <span class='ocrx_word' id='word_1_344' title='bbox 303 5125 371 5174; x_wconf 80' lang='lat' dir='ltr'>Hist.</span> <span class='ocrx_word' id='word_1_345' title='bbox 388 5124 487 5184; x_wconf 74' lang='lat' dir='ltr'>eccles,</span> <span class='ocrx_word' id='word_1_346' title='bbox 500 5124 651 5188; x_wconf 78' lang='lat' dir='ltr'>liv.1l&#39;‚eh.</span> <span class='ocrx_word' id='word_1_347' title='bbox 668 5131 698 5176; x_wconf 81' lang='lat'>28</span> 
     </span>
    </p>
   </div>
   <div class='ocr_carea' id='block_1_7' title="bbox 960 478 1435 669">
    <p class='ocr_par' dir='ltr' id='par_1_12' title="bbox 960 478 1435 669">
     <span class='ocr_line' id='line_1_47' title="bbox 1299 478 1322 522; baseline 0 0"><span class='ocrx_word' id='word_1_348' title='bbox 1299 478 1322 522; x_wconf 80' lang='lat'>2.</span> 
     </span>
     <span class='ocr_line' id='line_1_48' title="bbox 960 591 1435 669; baseline 0.011 -20"><span class='ocrx_word' id='word_1_349' title='bbox 960 591 1347 665; x_wconf 74' lang='lat' dir='ltr'>[S.Epipltane,}1aeres.,l.vl,</span> <span class='ocrx_word' id='word_1_350' title='bbox 1361 607 1389 653; x_wconf 84' lang='lat' dir='ltr'>C.</span> <span class='ocrx_word' id='word_1_351' title='bbox 1402 604 1435 669; x_wconf 89' lang='grc'>1.]</span> 
     </span>
    </p>
   </div>
   <div class='ocr_carea' id='block_1_8' title="bbox 924 724 1699 3213">
    <p class='ocr_par' dir='ltr' id='par_1_13' title="bbox 924 724 1699 3213">
     <span class='ocr_line' id='line_1_49' title="bbox 967 724 1696 815; baseline 0.001 -25"><span class='ocrx_word' id='word_1_352' title='bbox 967 729 1001 790; x_wconf 89' lang='grc' dir='ltr'><strong>Ὁ</strong></span> <span class='ocrx_word' id='word_1_353' title='bbox 1016 732 1043 790; x_wconf 81' lang='grc' dir='ltr'>δέ</span> <span class='ocrx_word' id='word_1_354' title='bbox 1059 732 1244 810; x_wconf 80' lang='grc' dir='ltr'>Βαρδησιάνης</span> <span class='ocrx_word' id='word_1_355' title='bbox 1256 724 1343 808; x_wconf 67' lang='grc' dir='ltr'>οὗτος,</span> <span class='ocrx_word' id='word_1_356' title='bbox 1360 732 1388 801; x_wconf 61' lang='lat' dir='ltr'>ii</span> <span class='ocrx_word' id='word_1_357' title='bbox 1402 724 1516 815; x_wconf 70' lang='grc' dir='ltr'>οὗπερή</span> <span class='ocrx_word' id='word_1_358' title='bbox 1533 735 1631 815; x_wconf 75' lang='grc' dir='ltr'>αἵρεσις</span> <span class='ocrx_word' id='word_1_359' title='bbox 1644 741 1696 795; x_wconf 88' lang='grc' dir='ltr'>τῶν</span> 
     </span>
     <span class='ocr_line' id='line_1_50' title="bbox 925 829 1697 910; baseline 0.004 -23"><span class='ocrx_word' id='word_1_360' title='bbox 925 829 1158 906; x_wconf 85' lang='grc' dir='ltr'>Βαρδησιανιστῶν</span> <span class='ocrx_word' id='word_1_361' title='bbox 1172 831 1331 909; x_wconf 82' lang='grc' dir='ltr'>γεγένηται,</span> <span class='ocrx_word' id='word_1_362' title='bbox 1345 833 1375 889; x_wconf 78' lang='grc' dir='ltr'>ἐκ</span> <span class='ocrx_word' id='word_1_363' title='bbox 1389 832 1596 910; x_wconf 84' lang='grc' dir='ltr'>Μεσοποταμίας</span> <span class='ocrx_word' id='word_1_364' title='bbox 1608 831 1655 910; x_wconf 80' lang='grc' dir='ltr'>μὲν</span> <span class='ocrx_word' id='word_1_365' title='bbox 1666 833 1697 890; x_wconf 80' lang='lat' dir='ltr'>ri</span> 
     </span>
     <span class='ocr_line' id='line_1_51' title="bbox 925 916 1696 1008; baseline 0.006 -27"><span class='ocrx_word' id='word_1_366' title='bbox 925 922 997 1002; x_wconf 88' lang='grc' dir='ltr'>γένος</span> <span class='ocrx_word' id='word_1_367' title='bbox 1012 916 1064 1008; x_wconf 58' lang='lat' dir='ltr'>iv,</span> <span class='ocrx_word' id='word_1_368' title='bbox 1086 929 1138 984; x_wconf 89' lang='grc' dir='ltr'>τῶν</span> <span class='ocrx_word' id='word_1_369' title='bbox 1164 927 1233 986; x_wconf 89' lang='grc' dir='ltr'>κατά</span> <span class='ocrx_word' id='word_1_370' title='bbox 1254 924 1302 998; x_wconf 74' lang='grc' dir='ltr'>τήν</span> <span class='ocrx_word' id='word_1_371' title='bbox 1316 925 1485 999; x_wconf 87' lang='grc' dir='ltr'>Ἐδεσσηνῶν</span> <span class='ocrx_word' id='word_1_372' title='bbox 1508 927 1586 987; x_wconf 89' lang='grc' dir='ltr'>πόλιν</span> <span class='ocrx_word' id='word_1_373' title='bbox 1607 951 1696 986; x_wconf 83' lang='grc' dir='ltr'>κατοι-</span> 
     </span>
     <span class='ocr_line' id='line_1_52' title="bbox 926 1018 1697 1102; baseline 0.006 -26"><span class='ocrx_word' id='word_1_374' title='bbox 926 1018 1051 1081; x_wconf 84' lang='grc' dir='ltr'>κούντων.</span> <span class='ocrx_word' id='word_1_375' title='bbox 1092 1019 1143 1088; x_wconf 87' lang='grc' dir='ltr'>Ὃς</span> <span class='ocrx_word' id='word_1_376' title='bbox 1156 1019 1189 1078; x_wconf 75' lang='grc' dir='ltr'>τά</span> <span class='ocrx_word' id='word_1_377' title='bbox 1206 1020 1252 1094; x_wconf 83' lang='grc' dir='ltr'>μέν</span> <span class='ocrx_word' id='word_1_378' title='bbox 1267 1025 1360 1102; x_wconf 90' lang='grc' dir='ltr'>πρῶτα</span> <span class='ocrx_word' id='word_1_379' title='bbox 1370 1022 1475 1100; x_wconf 79' lang='grc' dir='ltr'>ἄριστός</span> <span class='ocrx_word' id='word_1_380' title='bbox 1484 1047 1522 1090; x_wconf 85' lang='grc' dir='ltr'>τις</span> <span class='ocrx_word' id='word_1_381' title='bbox 1538 1021 1604 1101; x_wconf 80' lang='grc' dir='ltr'>ἀνὴρ</span> <span class='ocrx_word' id='word_1_382' title='bbox 1619 1022 1697 1100; x_wconf 72' lang='grc' dir='ltr'>ἐτύγ-</span> 
     </span>
     <span class='ocr_line' id='line_1_53' title="bbox 925 1116 1696 1200; baseline 0.008 -28"><span class='ocrx_word' id='word_1_383' title='bbox 925 1139 1008 1193; x_wconf 82' lang='grc' dir='ltr'>χανε,</span> <span class='ocrx_word' id='word_1_384' title='bbox 1022 1116 1113 1196; x_wconf 79' lang='grc' dir='ltr'>λόγους</span> <span class='ocrx_word' id='word_1_385' title='bbox 1134 1117 1162 1176; x_wconf 77' lang='grc' dir='ltr'>δέ</span> <span class='ocrx_word' id='word_1_386' title='bbox 1183 1119 1230 1176; x_wconf 81' lang='grc' dir='ltr'>οὐκ</span> <span class='ocrx_word' id='word_1_387' title='bbox 1250 1118 1352 1195; x_wconf 82' lang='grc' dir='ltr'>ὀλίγους</span> <span class='ocrx_word' id='word_1_388' title='bbox 1370 1118 1567 1200; x_wconf 79' lang='grc' dir='ltr'>ουνεγράψατο,</span> <span class='ocrx_word' id='word_1_389' title='bbox 1581 1121 1696 1192; x_wconf 76' lang='grc' dir='ltr'>ὁπηνίκα</span> 
     </span>
     <span class='ocr_line' id='line_1_54' title="bbox 925 1203 1696 1293; baseline 0.008 -24"><span class='ocrx_word' id='word_1_390' title='bbox 925 1213 1076 1292; x_wconf 72' lang='grc' dir='ltr'>ἐρρωμένην</span> <span class='ocrx_word' id='word_1_391' title='bbox 1089 1203 1144 1291; x_wconf 74' lang='grc' dir='ltr'>εἶχε</span> <span class='ocrx_word' id='word_1_392' title='bbox 1153 1211 1340 1278; x_wconf 74' lang='grc' dir='ltr'>τήνδιάνοιαν.</span> <span class='ocrx_word' id='word_1_393' title='bbox 1383 1213 1434 1274; x_wconf 84' lang='grc' dir='ltr'>Ἐκ</span> <span class='ocrx_word' id='word_1_394' title='bbox 1444 1211 1496 1293; x_wconf 87' lang='grc' dir='ltr'>γάρ</span> <span class='ocrx_word' id='word_1_395' title='bbox 1506 1217 1553 1286; x_wconf 82' lang='grc' dir='ltr'>τῆς</span> <span class='ocrx_word' id='word_1_396' title='bbox 1562 1213 1638 1292; x_wconf 77' lang='grc' dir='ltr'>ἅγίας</span> <span class='ocrx_word' id='word_1_397' title='bbox 1650 1220 1696 1275; x_wconf 75' lang='grc' dir='ltr'>τοῦ</span> 
     </span>
     <span class='ocr_line' id='line_1_55' title="bbox 925 1309 1695 1387; baseline 0 -19"><span class='ocrx_word' id='word_1_398' title='bbox 925 1309 996 1368; x_wconf 80' lang='grc' dir='ltr'>Θεοῦ</span> <span class='ocrx_word' id='word_1_399' title='bbox 1011 1309 1152 1380; x_wconf 70' lang='grc' dir='ltr'>ἐκκλησίας</span> <span class='ocrx_word' id='word_1_400' title='bbox 1167 1313 1292 1387; x_wconf 82' lang='grc' dir='ltr'>ὡρμᾶτο,</span> <span class='ocrx_word' id='word_1_401' title='bbox 1307 1309 1394 1385; x_wconf 87' lang='grc' dir='ltr'>λόγιός</span> <span class='ocrx_word' id='word_1_402' title='bbox 1406 1333 1445 1376; x_wconf 89' lang='grc' dir='ltr'>τις</span> <span class='ocrx_word' id='word_1_403' title='bbox 1462 1309 1498 1369; x_wconf 82' lang='grc' dir='ltr'>ῶν</span> <span class='ocrx_word' id='word_1_404' title='bbox 1514 1312 1541 1369; x_wconf 75' lang='grc' dir='ltr'>ἐν</span> <span class='ocrx_word' id='word_1_405' title='bbox 1556 1319 1612 1377; x_wconf 89' lang='grc' dir='ltr'>ταῖς</span> <span class='ocrx_word' id='word_1_406' title='bbox 1635 1310 1695 1369; x_wconf 80' lang='grc' dir='ltr'>δυσί</span> 
     </span>
     <span class='ocr_line' id='line_1_56' title="bbox 925 1403 1696 1486; baseline 0.004 -26"><span class='ocrx_word' id='word_1_407' title='bbox 925 1403 1073 1481; x_wconf 84' lang='grc' dir='ltr'>γλώσσαις,</span> <span class='ocrx_word' id='word_1_408' title='bbox 1088 1405 1212 1484; x_wconf 76' lang='grc' dir='ltr'>ἑλληνικῇ</span> <span class='ocrx_word' id='word_1_409' title='bbox 1226 1428 1256 1462; x_wconf 93' lang='grc' dir='ltr'>τε</span> <span class='ocrx_word' id='word_1_410' title='bbox 1272 1404 1402 1485; x_wconf 83' lang='grc' dir='ltr'>διαλέκτῳ</span> <span class='ocrx_word' id='word_1_411' title='bbox 1415 1406 1462 1463; x_wconf 85' lang='grc' dir='ltr'>καὶ</span> <span class='ocrx_word' id='word_1_412' title='bbox 1480 1411 1513 1486; x_wconf 80' lang='grc' dir='ltr'>τῆ</span> <span class='ocrx_word' id='word_1_413' title='bbox 1527 1409 1579 1464; x_wconf 86' lang='grc' dir='ltr'>τῶν</span> <span class='ocrx_word' id='word_1_414' title='bbox 1601 1405 1696 1486; x_wconf 80' lang='grc' dir='ltr'>Σύρων</span> 
     </span>
     <span class='ocr_line' id='line_1_57' title="bbox 925 1499 1697 1581; baseline 0 -24"><span class='ocrx_word' id='word_1_415' title='bbox 925 1505 1010 1580; x_wconf 83' lang='grc' dir='ltr'>φωνῇ,</span> <span class='ocrx_word' id='word_1_416' title='bbox 1023 1500 1140 1580; x_wconf 78' lang='grc' dir='ltr'>Αὖγοίρῳ</span> <span class='ocrx_word' id='word_1_417' title='bbox 1150 1499 1177 1558; x_wconf 84' lang='grc' dir='ltr'>δὲ</span> <span class='ocrx_word' id='word_1_418' title='bbox 1192 1505 1229 1581; x_wconf 78' lang='grc' dir='ltr'>τῷ</span> <span class='ocrx_word' id='word_1_419' title='bbox 1238 1505 1291 1558; x_wconf 86' lang='grc' dir='ltr'>τῶν</span> <span class='ocrx_word' id='word_1_420' title='bbox 1303 1499 1470 1573; x_wconf 81' lang='grc' dir='ltr'>Ἐδεσσηνῶν</span> <span class='ocrx_word' id='word_1_421' title='bbox 1481 1503 1606 1581; x_wconf 72' lang='grc' dir='ltr'>δυνάστῃ,</span> <span class='ocrx_word' id='word_1_422' title='bbox 1623 1501 1697 1578; x_wconf 82' lang='grc' dir='ltr'>ἀνδρὶ</span> 
     </span>
     <span class='ocr_line' id='line_1_58' title="bbox 924 1595 1694 1676; baseline 0.001 -23"><span class='ocrx_word' id='word_1_423' title='bbox 924 1595 1061 1675; x_wconf 82' lang='grc' dir='ltr'>δσιωτάτῳ</span> <span class='ocrx_word' id='word_1_424' title='bbox 1078 1596 1123 1654; x_wconf 81' lang='grc' dir='ltr'>καί</span> <span class='ocrx_word' id='word_1_425' title='bbox 1138 1595 1310 1674; x_wconf 85' lang='grc' dir='ltr'>λογιωτάτῳ,</span> <span class='ocrx_word' id='word_1_426' title='bbox 1328 1596 1529 1673; x_wconf 78' lang='grc' dir='ltr'>ἐξοικειούμενος</span> <span class='ocrx_word' id='word_1_427' title='bbox 1547 1595 1582 1654; x_wconf 79' lang='grc' dir='ltr'>τά</span> <span class='ocrx_word' id='word_1_428' title='bbox 1602 1599 1694 1676; x_wconf 86' lang='grc' dir='ltr'>πρῶτα</span> 
     </span>
     <span class='ocr_line' id='line_1_59' title="bbox 925 1692 1689 1772; baseline -0.003 -21"><span class='ocrx_word' id='word_1_429' title='bbox 925 1693 972 1752; x_wconf 81' lang='grc' dir='ltr'>καὶ</span> <span class='ocrx_word' id='word_1_430' title='bbox 988 1692 1165 1772; x_wconf 91' lang='grc' dir='ltr'>συμπράττων</span> <span class='ocrx_word' id='word_1_431' title='bbox 1183 1716 1212 1751; x_wconf 86' lang='grc' dir='ltr'>τε</span> <span class='ocrx_word' id='word_1_432' title='bbox 1233 1692 1291 1769; x_wconf 81' lang='grc' dir='ltr'>ἀμα</span> <span class='ocrx_word' id='word_1_433' title='bbox 1310 1693 1420 1766; x_wconf 78' lang='grc' dir='ltr'>καὶτῆς</span> <span class='ocrx_word' id='word_1_434' title='bbox 1444 1696 1524 1752; x_wconf 84' lang='grc' dir='ltr'>αθτοῦ</span> <span class='ocrx_word' id='word_1_435' title='bbox 1548 1693 1689 1772; x_wconf 74' lang='grc' dir='ltr'>μετασχὼν</span> 
     </span>
     <span class='ocr_line' id='line_1_60' title="bbox 924 1786 1697 1869; baseline -0.003 -23"><span class='ocrx_word' id='word_1_436' title='bbox 924 1789 1059 1861; x_wconf 87' lang='grc' dir='ltr'>παιδείας,</span> <span class='ocrx_word' id='word_1_437' title='bbox 1076 1788 1196 1869; x_wconf 76' lang='grc' dir='ltr'>διήρκεσε</span> <span class='ocrx_word' id='word_1_438' title='bbox 1216 1788 1265 1866; x_wconf 80' lang='grc' dir='ltr'>μὲν</span> <span class='ocrx_word' id='word_1_439' title='bbox 1296 1786 1365 1866; x_wconf 87' lang='grc' dir='ltr'>μετά</span> <span class='ocrx_word' id='word_1_440' title='bbox 1383 1788 1432 1858; x_wconf 71' lang='grc' dir='ltr'>τήν</span> <span class='ocrx_word' id='word_1_441' title='bbox 1455 1788 1554 1850; x_wconf 83' lang='grc' dir='ltr'>ίκτίνου</span> <span class='ocrx_word' id='word_1_442' title='bbox 1576 1787 1697 1857; x_wconf 84' lang='grc' dir='ltr'>τελευτὴν</span> 
     </span>
     <span class='ocr_line' id='line_1_61' title="bbox 924 1883 1697 1963; baseline 0.001 -22"><span class='ocrx_word' id='word_1_443' title='bbox 924 1883 988 1963; x_wconf 76' lang='grc' dir='ltr'>ἄχρι</span> <span class='ocrx_word' id='word_1_444' title='bbox 1004 1887 1055 1942; x_wconf 88' lang='grc' dir='ltr'>τῶν</span> <span class='ocrx_word' id='word_1_445' title='bbox 1067 1883 1170 1963; x_wconf 81' lang='grc' dir='ltr'>χρόνων</span> <span class='ocrx_word' id='word_1_446' title='bbox 1182 1883 1334 1943; x_wconf 77' lang='grc' dir='ltr'>Ἀντωνίνου</span> <span class='ocrx_word' id='word_1_447' title='bbox 1345 1884 1496 1962; x_wconf 83' lang='grc' dir='ltr'>Καίσαρος,</span> <span class='ocrx_word' id='word_1_448' title='bbox 1512 1885 1541 1944; x_wconf 83' lang='grc' dir='ltr'>οὐ</span> <span class='ocrx_word' id='word_1_449' title='bbox 1553 1889 1602 1943; x_wconf 76' lang='grc' dir='ltr'>τοῦ</span> <span class='ocrx_word' id='word_1_450' title='bbox 1615 1887 1697 1944; x_wconf 82' lang='grc' dir='ltr'>Εὐσε-</span> 
     </span>
     <span class='ocr_line' id='line_1_62' title="bbox 925 1968 1696 2060; baseline 0.003 -23"><span class='ocrx_word' id='word_1_451' title='bbox 925 1980 986 2048; x_wconf 64' lang='lat' dir='ltr'>dote</span> <span class='ocrx_word' id='word_1_452' title='bbox 999 1978 1178 2056; x_wconf 80' lang='grc' dir='ltr'>καλουμένου,</span> <span class='ocrx_word' id='word_1_453' title='bbox 1194 1980 1263 2039; x_wconf 86' lang='grc' dir='ltr'>ἀλλά</span> <span class='ocrx_word' id='word_1_454' title='bbox 1274 1988 1319 2040; x_wconf 83' lang='grc' dir='ltr'>τοῦ</span> <span class='ocrx_word' id='word_1_455' title='bbox 1331 1981 1450 2060; x_wconf 83' lang='grc' dir='ltr'>Οὖήρου·</span> <span class='ocrx_word' id='word_1_456' title='bbox 1466 1980 1494 2048; x_wconf 88' lang='grc' dir='ltr'>δς</span> <span class='ocrx_word' id='word_1_457' title='bbox 1507 1968 1595 2042; x_wconf 88' lang='grc' dir='ltr'>πολλά</span> <span class='ocrx_word' id='word_1_458' title='bbox 1608 1981 1696 2044; x_wconf 71' lang='grc' dir='ltr'>Ἀδει-</span> 
     </span>
     <span class='ocr_line' id='line_1_63' title="bbox 925 2073 1695 2156; baseline 0.005 -24"><span class='ocrx_word' id='word_1_459' title='bbox 925 2073 971 2132; x_wconf 89' lang='grc' dir='ltr'>δδιν</span> <span class='ocrx_word' id='word_1_460' title='bbox 983 2074 1028 2132; x_wconf 86' lang='grc' dir='ltr'>τδν</span> <span class='ocrx_word' id='word_1_461' title='bbox 1043 2075 1206 2154; x_wconf 77' lang='grc' dir='ltr'>ἀστρονόμον</span> <span class='ocrx_word' id='word_1_462' title='bbox 1223 2073 1293 2134; x_wconf 83' lang='grc' dir='ltr'>κατά</span> <span class='ocrx_word' id='word_1_463' title='bbox 1308 2077 1471 2154; x_wconf 77' lang='grc' dir='ltr'>εἱμαρμένης</span> <span class='ocrx_word' id='word_1_464' title='bbox 1483 2075 1568 2156; x_wconf 86' lang='grc' dir='ltr'>λέγων</span> <span class='ocrx_word' id='word_1_465' title='bbox 1582 2081 1695 2138; x_wconf 86' lang='grc' dir='ltr'>συνελο-</span> 
     </span>
     <span class='ocr_line' id='line_1_64' title="bbox 924 2171 1695 2256; baseline 0.008 -28"><span class='ocrx_word' id='word_1_466' title='bbox 924 2171 1028 2249; x_wconf 92' lang='grc' dir='ltr'>γίσατο.</span> <span class='ocrx_word' id='word_1_467' title='bbox 1072 2171 1128 2234; x_wconf 81' lang='grc' dir='ltr'>Καὶ</span> <span class='ocrx_word' id='word_1_468' title='bbox 1139 2173 1208 2231; x_wconf 73' lang='grc' dir='ltr'>ἄλλα</span> <span class='ocrx_word' id='word_1_469' title='bbox 1222 2171 1250 2230; x_wconf 82' lang='grc' dir='ltr'>δέ</span> <span class='ocrx_word' id='word_1_470' title='bbox 1262 2171 1332 2232; x_wconf 88' lang='grc' dir='ltr'>κατδι</span> <span class='ocrx_word' id='word_1_471' title='bbox 1341 2172 1389 2244; x_wconf 82' lang='grc' dir='ltr'>τήν</span> <span class='ocrx_word' id='word_1_472' title='bbox 1404 2174 1501 2246; x_wconf 82' lang='grc' dir='ltr'>εθσεόῆ</span> <span class='ocrx_word' id='word_1_473' title='bbox 1514 2173 1602 2234; x_wconf 87' lang='grc' dir='ltr'>πίστιν</span> <span class='ocrx_word' id='word_1_474' title='bbox 1614 2174 1695 2256; x_wconf 79' lang='grc' dir='ltr'>ἐμφέ-</span> 
     </span>
     <span class='ocr_line' id='line_1_65' title="bbox 926 2266 1694 2349; baseline 0.003 -23"><span class='ocrx_word' id='word_1_475' title='bbox 926 2290 998 2346; x_wconf 86' lang='grc' dir='ltr'>ρεται</span> <span class='ocrx_word' id='word_1_476' title='bbox 1018 2269 1097 2326; x_wconf 82' lang='grc' dir='ltr'>αὐτοῦ</span> <span class='ocrx_word' id='word_1_477' title='bbox 1118 2266 1303 2344; x_wconf 86' lang='grc' dir='ltr'>συντάγματα.</span> <span class='ocrx_word' id='word_1_478' title='bbox 1345 2268 1512 2349; x_wconf 84' lang='grc' dir='ltr'>Ἀπολλωνίῳ</span> <span class='ocrx_word' id='word_1_479' title='bbox 1532 2269 1560 2326; x_wconf 75' lang='grc' dir='ltr'>δέ</span> <span class='ocrx_word' id='word_1_480' title='bbox 1581 2271 1620 2349; x_wconf 79' lang='grc' dir='ltr'>τῷ</span> <span class='ocrx_word' id='word_1_481' title='bbox 1647 2274 1694 2328; x_wconf 81' lang='grc' dir='ltr'>τοῦ</span> 
     </span>
     <span class='ocr_line' id='line_1_66' title="bbox 925 2360 1696 2443; baseline 0.004 -22"><span class='ocrx_word' id='word_1_482' title='bbox 925 2360 1077 2421; x_wconf 81' lang='grc' dir='ltr'>Ἀντωνίνυυ</span> <span class='ocrx_word' id='word_1_483' title='bbox 1092 2360 1189 2442; x_wconf 82' lang='grc' dir='ltr'>ἑταίρῳ</span> <span class='ocrx_word' id='word_1_484' title='bbox 1204 2364 1301 2441; x_wconf 82' lang='grc' dir='ltr'>ἀντῆρε</span> <span class='ocrx_word' id='word_1_485' title='bbox 1315 2362 1521 2443; x_wconf 75' lang='grc' dir='ltr'>παραιτούμενος</span> <span class='ocrx_word' id='word_1_486' title='bbox 1531 2363 1696 2440; x_wconf 73' lang='grc' dir='ltr'>ἀρνήσασθαι</span> 
     </span>
     <span class='ocr_line' id='line_1_67' title="bbox 924 2457 1697 2540; baseline 0.005 -24"><span class='ocrx_word' id='word_1_487' title='bbox 924 2459 956 2518; x_wconf 87' lang='grc' dir='ltr'>τὸ</span> <span class='ocrx_word' id='word_1_488' title='bbox 968 2457 1120 2539; x_wconf 79' lang='grc' dir='ltr'>χριστιανδν</span> <span class='ocrx_word' id='word_1_489' title='bbox 1134 2457 1226 2517; x_wconf 82' lang='grc' dir='ltr'>ἑαυτδν</span> <span class='ocrx_word' id='word_1_490' title='bbox 1241 2458 1338 2538; x_wconf 86' lang='grc' dir='ltr'>λέγειν.</span> <span class='ocrx_word' id='word_1_491' title='bbox 1382 2458 1418 2520; x_wconf 87' lang='grc' dir='ltr'><strong>Ὁ</strong></span> <span class='ocrx_word' id='word_1_492' title='bbox 1432 2458 1460 2520; x_wconf 78' lang='grc' dir='ltr'>δέ</span> <span class='ocrx_word' id='word_1_493' title='bbox 1475 2461 1569 2540; x_wconf 81' lang='grc' dir='ltr'>σχεδὸν</span> <span class='ocrx_word' id='word_1_494' title='bbox 1584 2460 1697 2531; x_wconf 77' lang='grc' dir='ltr'>ἐντάξαι</span> 
     </span>
     <span class='ocr_line' id='line_1_68' title="bbox 924 2554 1692 2638; baseline 0.004 -24"><span class='ocrx_word' id='word_1_495' title='bbox 924 2555 1064 2633; x_wconf 79' lang='grc' dir='ltr'>ὁμολογίας</span> <span class='ocrx_word' id='word_1_496' title='bbox 1078 2554 1211 2630; x_wconf 89' lang='grc' dir='ltr'>κατέστη,</span> <span class='ocrx_word' id='word_1_497' title='bbox 1225 2555 1317 2635; x_wconf 91' lang='grc' dir='ltr'>λόγους</span> <span class='ocrx_word' id='word_1_498' title='bbox 1330 2580 1359 2616; x_wconf 84' lang='grc' dir='ltr'>τε</span> <span class='ocrx_word' id='word_1_499' title='bbox 1374 2556 1495 2624; x_wconf 85' lang='grc' dir='ltr'>συνετοθς</span> <span class='ocrx_word' id='word_1_500' title='bbox 1514 2557 1692 2638; x_wconf 84' lang='grc' dir='ltr'>ἀπεκρίνατο,</span> 
     </span>
     <span class='ocr_line' id='line_1_69' title="bbox 925 2649 1693 2730; baseline 0.004 -21"><span class='ocrx_word' id='word_1_501' title='bbox 925 2651 993 2730; x_wconf 79' lang='grc' dir='ltr'>ὑπὲρ</span> <span class='ocrx_word' id='word_1_502' title='bbox 1006 2650 1139 2717; x_wconf 78' lang='grc' dir='ltr'>εθσεδείας</span> <span class='ocrx_word' id='word_1_503' title='bbox 1153 2649 1275 2730; x_wconf 75' lang='grc' dir='ltr'>ἀνδρείως</span> <span class='ocrx_word' id='word_1_504' title='bbox 1289 2650 1514 2730; x_wconf 76' lang='grc' dir='ltr'>ἀπολογούμενος,</span> <span class='ocrx_word' id='word_1_505' title='bbox 1527 2654 1639 2712; x_wconf 86' lang='grc' dir='ltr'>θάνατον</span> <span class='ocrx_word' id='word_1_506' title='bbox 1655 2654 1693 2730; x_wconf 74' lang='grc' dir='ltr'>μὴ</span> 
     </span>
     <span class='ocr_line' id='line_1_70' title="bbox 925 2744 1696 2830; baseline 0.004 -25"><span class='ocrx_word' id='word_1_507' title='bbox 925 2744 1037 2805; x_wconf 87' lang='grc' dir='ltr'>δεδιέναι</span> <span class='ocrx_word' id='word_1_508' title='bbox 1051 2746 1153 2828; x_wconf 80' lang='grc' dir='ltr'>φήσας,</span> <span class='ocrx_word' id='word_1_509' title='bbox 1168 2746 1197 2806; x_wconf 89' lang='grc' dir='ltr'>δν</span> <span class='ocrx_word' id='word_1_510' title='bbox 1209 2745 1311 2828; x_wconf 77' lang='grc' dir='ltr'>ἀνάγκη</span> <span class='ocrx_word' id='word_1_511' title='bbox 1323 2747 1444 2823; x_wconf 76' lang='grc' dir='ltr'>ἔσεσθαι,</span> <span class='ocrx_word' id='word_1_512' title='bbox 1459 2747 1510 2808; x_wconf 88' lang='grc' dir='ltr'>κάν</span> <span class='ocrx_word' id='word_1_513' title='bbox 1525 2772 1553 2808; x_wconf 86' lang='grc' dir='ltr'>τε</span> <span class='ocrx_word' id='word_1_514' title='bbox 1564 2753 1603 2830; x_wconf 77' lang='grc' dir='ltr'>τῷ</span> <span class='ocrx_word' id='word_1_515' title='bbox 1619 2753 1696 2827; x_wconf 86' lang='grc' dir='ltr'>βασι-</span> 
     </span>
     <span class='ocr_line' id='line_1_71' title="bbox 924 2843 1699 2924; baseline 0.004 -23"><span class='ocrx_word' id='word_1_516' title='bbox 924 2843 981 2915; x_wconf 80' lang='grc' dir='ltr'>λεῖ,</span> <span class='ocrx_word' id='word_1_517' title='bbox 995 2843 1033 2920; x_wconf 78' lang='grc' dir='ltr'>μὴ</span> <span class='ocrx_word' id='word_1_518' title='bbox 1048 2844 1177 2902; x_wconf 86' lang='grc' dir='ltr'>ἀντείποι.</span> <span class='ocrx_word' id='word_1_519' title='bbox 1219 2843 1275 2904; x_wconf 84' lang='grc' dir='ltr'>Καὶ</span> <span class='ocrx_word' id='word_1_520' title='bbox 1291 2843 1373 2911; x_wconf 84' lang='grc' dir='ltr'>οθτως</span> <span class='ocrx_word' id='word_1_521' title='bbox 1387 2847 1401 2902; x_wconf 83' lang='grc' dir='ltr'>δ</span> <span class='ocrx_word' id='word_1_522' title='bbox 1414 2845 1481 2923; x_wconf 75' lang='grc' dir='ltr'>ἀνὴρ</span> <span class='ocrx_word' id='word_1_523' title='bbox 1495 2845 1529 2906; x_wconf 86' lang='grc' dir='ltr'>τά</span> <span class='ocrx_word' id='word_1_524' title='bbox 1544 2845 1632 2905; x_wconf 88' lang='grc' dir='ltr'>πάντα</span> <span class='ocrx_word' id='word_1_525' title='bbox 1647 2869 1699 2924; x_wconf 84' lang='grc' dir='ltr'>με·</span> 
     </span>
     <span class='ocr_line' id='line_1_72' title="bbox 924 2931 1699 3020; baseline 0.005 -25"><span class='ocrx_word' id='word_1_526' title='bbox 924 2939 1012 3018; x_wconf 86' lang='grc' dir='ltr'>γάλως</span> <span class='ocrx_word' id='word_1_527' title='bbox 1025 2931 1058 3011; x_wconf 67' lang='grc' dir='ltr'>ἦν</span> <span class='ocrx_word' id='word_1_528' title='bbox 1073 2938 1285 3017; x_wconf 83' lang='grc' dir='ltr'>κεκοσμημένος,</span> <span class='ocrx_word' id='word_1_529' title='bbox 1299 2938 1347 3006; x_wconf 84' lang='grc' dir='ltr'>έως</span> <span class='ocrx_word' id='word_1_530' title='bbox 1359 2940 1402 2998; x_wconf 78' lang='grc' dir='ltr'>ὅτε</span> <span class='ocrx_word' id='word_1_531' title='bbox 1416 2942 1454 3020; x_wconf 79' lang='grc' dir='ltr'>τῷ</span> <span class='ocrx_word' id='word_1_532' title='bbox 1472 2939 1639 3020; x_wconf 84' lang='grc' dir='ltr'>ἀστοχήματι</span> <span class='ocrx_word' id='word_1_533' title='bbox 1652 2945 1699 3012; x_wconf 74' lang='grc' dir='ltr'>τῆς</span> 
     </span>
     <span class='ocr_line' id='line_1_73' title="bbox 925 3033 1697 3117; baseline 0.003 -23"><span class='ocrx_word' id='word_1_534' title='bbox 925 3039 1019 3094; x_wconf 76' lang='grc' dir='ltr'>ἑαυτοῦ</span> <span class='ocrx_word' id='word_1_535' title='bbox 1034 3035 1159 3116; x_wconf 79' lang='grc' dir='ltr'>αἱρέσεως</span> <span class='ocrx_word' id='word_1_536' title='bbox 1169 3033 1310 3114; x_wconf 88' lang='grc' dir='ltr'>περιέπεσε</span> <span class='ocrx_word' id='word_1_537' title='bbox 1321 3038 1406 3096; x_wconf 89' lang='grc' dir='ltr'>κ.τ.λ.</span> <span class='ocrx_word' id='word_1_538' title='bbox 1418 3070 1459 3081; x_wconf 93' lang='grc'><strong>-</strong></span> <span class='ocrx_word' id='word_1_539' title='bbox 1467 3038 1500 3097; x_wconf 89' lang='lat' dir='ltr'>C.</span> <span class='ocrx_word' id='word_1_540' title='bbox 1514 3057 1542 3096; x_wconf 82' lang='lat' dir='ltr'>a.</span> <span class='ocrx_word' id='word_1_541' title='bbox 1554 3035 1697 3117; x_wconf 88' lang='grc' dir='ltr'>προσφθιί·</span> 
     </span>
     <span class='ocr_line' id='line_1_74' title="bbox 925 3122 1474 3213; baseline 0.005 -23"><span class='ocrx_word' id='word_1_542' title='bbox 925 3155 998 3213; x_wconf 91' lang='grc' dir='ltr'>ρεται</span> <span class='ocrx_word' id='word_1_543' title='bbox 1007 3130 1058 3211; x_wconf 82' lang='grc' dir='ltr'>γδρ</span> <span class='ocrx_word' id='word_1_544' title='bbox 1068 3122 1141 3198; x_wconf 73' lang='grc' dir='ltr'>οἶτος</span> <span class='ocrx_word' id='word_1_545' title='bbox 1151 3134 1377 3199; x_wconf 82' lang='grc' dir='ltr'>Οὐαλεντινιανοῐς</span> <span class='ocrx_word' id='word_1_546' title='bbox 1389 3134 1474 3194; x_wconf 85' lang='grc' dir='ltr'>κ.τ.λ.</span> 
     </span>
    </p>
   </div>
   <div class='ocr_carea' id='block_1_9' title="bbox 1301 3289 1324 3334">
    <p class='ocr_par' dir='ltr' id='par_1_14' title="bbox 1301 3289 1324 3334">
     <span class='ocr_line' id='line_1_75' title="bbox 1301 3289 1324 3334; baseline -0.043 0"><span class='ocrx_word' id='word_1_547' title='bbox 1301 3289 1324 3334; x_wconf 83' lang='grc'>3.</span> 
     </span>
    </p>
   </div>
   <div class='ocr_carea' id='block_1_10' title="bbox 923 3420 1695 3566">
    <p class='ocr_par' dir='ltr' id='par_1_15' title="bbox 923 3420 1695 3566">
     <span class='ocr_line' id='line_1_76' title="bbox 959 3420 1695 3486; baseline 0.005 -16"><span class='ocrx_word' id='word_1_548' title='bbox 959 3420 993 3485; x_wconf 83' lang='lat' dir='ltr'>[s.</span> <span class='ocrx_word' id='word_1_549' title='bbox 1006 3420 1113 3480; x_wconf 80' lang='lat' dir='ltr'>Jerome,</span> <span class='ocrx_word' id='word_1_550' title='bbox 1126 3422 1165 3470; x_wconf 81' lang='lat' dir='ltr'>De</span> <span class='ocrx_word' id='word_1_551' title='bbox 1174 3422 1240 3470; x_wconf 81' lang='lat' dir='ltr'>otrts</span> <span class='ocrx_word' id='word_1_552' title='bbox 1257 3421 1363 3481; x_wconf 63' lang='lat' dir='ltr'>illustr,</span> <span class='ocrx_word' id='word_1_553' title='bbox 1376 3434 1398 3470; x_wconf 89' lang='grc' dir='ltr'>ο.</span> <span class='ocrx_word' id='word_1_554' title='bbox 1418 3425 1457 3472; x_wconf 82' lang='lat' dir='ltr'>tt.</span> <span class='ocrx_word' id='word_1_555' title='bbox 1470 3449 1501 3459; x_wconf 90' lang='lat'><em>-</em></span> <span class='ocrx_word' id='word_1_556' title='bbox 1521 3427 1618 3486; x_wconf 78' lang='lat' dir='ltr'>opero,</span> <span class='ocrx_word' id='word_1_557' title='bbox 1630 3423 1649 3473; x_wconf 87' lang='grc'>1.</span> <span class='ocrx_word' id='word_1_558' title='bbox 1664 3425 1695 3480; x_wconf 85' lang='grc'>11,</span> 
     </span>
     <span class='ocr_line' id='line_1_77' title="bbox 923 3500 1170 3566; baseline -0.004 -16"><span class='ocrx_word' id='word_1_559' title='bbox 923 3513 986 3566; x_wconf 77' lang='lat' dir='ltr'>page</span> <span class='ocrx_word' id='word_1_560' title='bbox 999 3504 1042 3550; x_wconf 86' lang='lat'>871</span> <span class='ocrx_word' id='word_1_561' title='bbox 1054 3503 1080 3549; x_wconf 88' lang='lat' dir='ltr'>et</span> <span class='ocrx_word' id='word_1_562' title='bbox 1093 3500 1170 3564; x_wconf 66' lang='lat' dir='ltr'>suin]</span> 
     </span>
    </p>
   </div>
   <div class='ocr_carea' id='block_1_11' title="bbox 924 3643 1699 4788">
    <p class='ocr_par' dir='ltr' id='par_1_16' title="bbox 924 3643 1699 4788">
     <span class='ocr_line' id='line_1_78' title="bbox 965 3643 1695 3720; baseline 0.001 -21"><span class='ocrx_word' id='word_1_563' title='bbox 965 3644 1139 3700; x_wconf 86' lang='lat' dir='ltr'>Bardesanes</span> <span class='ocrx_word' id='word_1_564' title='bbox 1152 3644 1183 3699; x_wconf 91' lang='lat' dir='ltr'>in</span> <span class='ocrx_word' id='word_1_565' title='bbox 1194 3645 1399 3720; x_wconf 77' lang='lat' dir='ltr'>Mesopotamia</span> <span class='ocrx_word' id='word_1_566' title='bbox 1414 3645 1506 3700; x_wconf 87' lang='lat' dir='ltr'>clarus</span> <span class='ocrx_word' id='word_1_567' title='bbox 1518 3643 1632 3700; x_wconf 81' lang='lat' dir='ltr'>habitus</span> <span class='ocrx_word' id='word_1_568' title='bbox 1644 3656 1695 3715; x_wconf 87' lang='lat' dir='ltr'>est,</span> 
     </span>
     <span class='ocr_line' id='line_1_79' title="bbox 926 3740 1696 3817; baseline 0 -19"><span class='ocrx_word' id='word_1_569' title='bbox 926 3744 976 3816; x_wconf 88' lang='lat' dir='ltr'>qui</span> <span class='ocrx_word' id='word_1_570' title='bbox 986 3743 1109 3817; x_wconf 85' lang='lat' dir='ltr'>primum</span> <span class='ocrx_word' id='word_1_571' title='bbox 1117 3742 1256 3799; x_wconf 90' lang='lat' dir='ltr'>Valentini</span> <span class='ocrx_word' id='word_1_572' title='bbox 1267 3740 1397 3812; x_wconf 76' lang='lat' dir='ltr'>sectator,</span> <span class='ocrx_word' id='word_1_573' title='bbox 1407 3741 1511 3797; x_wconf 89' lang='lat' dir='ltr'>deinde</span> <span class='ocrx_word' id='word_1_574' title='bbox 1522 3741 1696 3812; x_wconf 81' lang='lat' dir='ltr'>confutator,</span> 
     </span>
     <span class='ocr_line' id='line_1_80' title="bbox 924 3837 1698 3912; baseline -0.003 -18"><span class='ocrx_word' id='word_1_575' title='bbox 924 3858 1030 3895; x_wconf 81' lang='lat' dir='ltr'>novam</span> <span class='ocrx_word' id='word_1_576' title='bbox 1046 3839 1173 3894; x_wconf 76' lang='lat' dir='ltr'>haeresim</span> <span class='ocrx_word' id='word_1_577' title='bbox 1197 3837 1338 3893; x_wconf 83' lang='lat' dir='ltr'><strong>condidit.</strong></span> <span class='ocrx_word' id='word_1_578' title='bbox 1361 3837 1472 3893; x_wconf 82' lang='lat' dir='ltr'>Ardens</span> <span class='ocrx_word' id='word_1_579' title='bbox 1497 3837 1556 3910; x_wconf 85' lang='lat' dir='ltr'>ejus</span> <span class='ocrx_word' id='word_1_580' title='bbox 1584 3856 1602 3894; x_wconf 84' lang='lat' dir='ltr'><strong>a</strong></span> <span class='ocrx_word' id='word_1_581' title='bbox 1622 3839 1698 3912; x_wconf 77' lang='lat' dir='ltr'>Syris</span> 
     </span>
     <span class='ocr_line' id='line_1_81' title="bbox 925 3934 1696 4010; baseline -0.001 -18"><span class='ocrx_word' id='word_1_582' title='bbox 925 3936 1095 4010; x_wconf 74' lang='lat' dir='ltr'>praedicatur</span> <span class='ocrx_word' id='word_1_583' title='bbox 1104 3935 1250 4009; x_wconf 77' lang='lat' dir='ltr'>ingenium</span> <span class='ocrx_word' id='word_1_584' title='bbox 1260 3945 1289 3990; x_wconf 88' lang='lat' dir='ltr'>et</span> <span class='ocrx_word' id='word_1_585' title='bbox 1300 3935 1329 3988; x_wconf 89' lang='lat' dir='ltr'>in</span> <span class='ocrx_word' id='word_1_586' title='bbox 1341 3934 1530 4008; x_wconf 82' lang='lat' dir='ltr'>disputatione</span> <span class='ocrx_word' id='word_1_587' title='bbox 1539 3935 1696 3992; x_wconf 87' lang='lat' dir='ltr'>vehemens.</span> 
     </span>
     <span class='ocr_line' id='line_1_82' title="bbox 925 4030 1696 4108; baseline -0.004 -18"><span class='ocrx_word' id='word_1_588' title='bbox 925 4035 1043 4108; x_wconf 73' lang='lat' dir='ltr'>Scripsit</span> <span class='ocrx_word' id='word_1_589' title='bbox 1055 4031 1165 4088; x_wconf 85' lang='lat' dir='ltr'>infinita</span> <span class='ocrx_word' id='word_1_590' title='bbox 1177 4032 1323 4089; x_wconf 84' lang='lat' dir='ltr'>adversum</span> <span class='ocrx_word' id='word_1_591' title='bbox 1338 4049 1436 4087; x_wconf 83' lang='lat' dir='ltr'>ornnes</span> <span class='ocrx_word' id='word_1_592' title='bbox 1447 4050 1526 4105; x_wconf 73' lang='lat' dir='ltr'>pane</span> <span class='ocrx_word' id='word_1_593' title='bbox 1539 4030 1696 4103; x_wconf 85' lang='lat' dir='ltr'>haereticos,</span> 
     </span>
     <span class='ocr_line' id='line_1_83' title="bbox 925 4129 1699 4206; baseline -0.003 -20"><span class='ocrx_word' id='word_1_594' title='bbox 925 4131 977 4206; x_wconf 88' lang='lat' dir='ltr'>qui</span> <span class='ocrx_word' id='word_1_595' title='bbox 986 4140 1066 4186; x_wconf 75' lang='lat' dir='ltr'>atate</span> <span class='ocrx_word' id='word_1_596' title='bbox 1076 4129 1136 4202; x_wconf 87' lang='lat' dir='ltr'>ejus</span> <span class='ocrx_word' id='word_1_597' title='bbox 1147 4129 1366 4204; x_wconf 79' lang='lat' dir='ltr'><strong>pullulaverant,</strong></span> <span class='ocrx_word' id='word_1_598' title='bbox 1377 4129 1407 4183; x_wconf 90' lang='lat' dir='ltr'>in</span> <span class='ocrx_word' id='word_1_599' title='bbox 1416 4129 1519 4204; x_wconf 88' lang='lat' dir='ltr'>quibus</span> <span class='ocrx_word' id='word_1_600' title='bbox 1532 4129 1699 4185; x_wconf 84' lang='lat' dir='ltr'>clarissimus</span> 
     </span>
     <span class='ocr_line' id='line_1_84' title="bbox 926 4225 1697 4300; baseline -0.004 -17"><span class='ocrx_word' id='word_1_601' title='bbox 926 4238 968 4284; x_wconf 90' lang='lat' dir='ltr'>est</span> <span class='ocrx_word' id='word_1_602' title='bbox 978 4237 1006 4282; x_wconf 88' lang='lat' dir='ltr'>et</span> <span class='ocrx_word' id='word_1_603' title='bbox 1019 4226 1187 4282; x_wconf 78' lang='lat' dir='ltr'>fortissimus</span> <span class='ocrx_word' id='word_1_604' title='bbox 1199 4226 1281 4296; x_wconf 88' lang='lat' dir='ltr'>liber,</span> <span class='ocrx_word' id='word_1_605' title='bbox 1299 4244 1385 4300; x_wconf 87' lang='lat' dir='ltr'>quem</span> <span class='ocrx_word' id='word_1_606' title='bbox 1399 4226 1498 4281; x_wconf 83' lang='lat' dir='ltr'><strong>Marco</strong></span> <span class='ocrx_word' id='word_1_607' title='bbox 1516 4226 1639 4282; x_wconf 74' lang='lat' dir='ltr'>Antonio</span> <span class='ocrx_word' id='word_1_608' title='bbox 1662 4225 1697 4281; x_wconf 90' lang='lat' dir='ltr'>de</span> 
     </span>
     <span class='ocr_line' id='line_1_85' title="bbox 925 4323 1698 4398; baseline -0.003 -19"><span class='ocrx_word' id='word_1_609' title='bbox 925 4324 984 4380; x_wconf 84' lang='lat' dir='ltr'>sato</span> <span class='ocrx_word' id='word_1_610' title='bbox 999 4323 1124 4393; x_wconf 81' lang='lat' dir='ltr'>tradidit,</span> <span class='ocrx_word' id='word_1_611' title='bbox 1135 4334 1164 4379; x_wconf 93' lang='lat' dir='ltr'>et</span> <span class='ocrx_word' id='word_1_612' title='bbox 1177 4325 1264 4379; x_wconf 89' lang='lat' dir='ltr'>multa</span> <span class='ocrx_word' id='word_1_613' title='bbox 1276 4323 1331 4378; x_wconf 89' lang='lat' dir='ltr'>alia</span> <span class='ocrx_word' id='word_1_614' title='bbox 1342 4341 1428 4397; x_wconf 85' lang='lat' dir='ltr'>super</span> <span class='ocrx_word' id='word_1_615' title='bbox 1439 4324 1638 4398; x_wconf 88' lang='lat' dir='ltr'>perseeutione</span> <span class='ocrx_word' id='word_1_616' title='bbox 1649 4340 1698 4377; x_wconf 83' lang='lat' dir='ltr'>ro·</span> 
     </span>
     <span class='ocr_line' id='line_1_86' title="bbox 926 4421 1697 4497; baseline -0.001 -20"><span class='ocrx_word' id='word_1_617' title='bbox 926 4423 1052 4490; x_wconf 86' lang='lat' dir='ltr'>lumina,</span> <span class='ocrx_word' id='word_1_618' title='bbox 1068 4440 1131 4494; x_wconf 84' lang='lat' dir='ltr'>quae</span> <span class='ocrx_word' id='word_1_619' title='bbox 1146 4431 1297 4478; x_wconf 74' lang='lat' dir='ltr'>sectatores</span> <span class='ocrx_word' id='word_1_620' title='bbox 1318 4421 1378 4493; x_wconf 85' lang='lat' dir='ltr'>ejus</span> <span class='ocrx_word' id='word_1_621' title='bbox 1392 4421 1429 4477; x_wconf 88' lang='lat' dir='ltr'>de</span> <span class='ocrx_word' id='word_1_622' title='bbox 1444 4439 1507 4494; x_wconf 77' lang='lat' dir='ltr'>syra</span> <span class='ocrx_word' id='word_1_623' title='bbox 1524 4422 1620 4497; x_wconf 80' lang='lat' dir='ltr'>lingua</span> <span class='ocrx_word' id='word_1_624' title='bbox 1634 4440 1697 4477; x_wconf 83' lang='lat' dir='ltr'>rer·</span> 
     </span>
     <span class='ocr_line' id='line_1_87' title="bbox 928 4519 1698 4595; baseline -0.004 -19"><span class='ocrx_word' id='word_1_625' title='bbox 928 4532 1024 4576; x_wconf 89' lang='lat' dir='ltr'>terunt</span> <span class='ocrx_word' id='word_1_626' title='bbox 1034 4522 1200 4595; x_wconf 72' lang='lat' dir='ltr'>ingraecam.</span> <span class='ocrx_word' id='word_1_627' title='bbox 1216 4521 1245 4577; x_wconf 84' lang='lat' dir='ltr'>si</span> <span class='ocrx_word' id='word_1_628' title='bbox 1255 4530 1348 4576; x_wconf 89' lang='lat' dir='ltr'>autem</span> <span class='ocrx_word' id='word_1_629' title='bbox 1367 4529 1444 4575; x_wconf 84' lang='lat' dir='ltr'>tanta</span> <span class='ocrx_word' id='word_1_630' title='bbox 1453 4521 1496 4574; x_wconf 83' lang='lat' dir='ltr'>vis</span> <span class='ocrx_word' id='word_1_631' title='bbox 1510 4531 1591 4575; x_wconf 88' lang='lat' dir='ltr'>estet</span> <span class='ocrx_word' id='word_1_632' title='bbox 1604 4519 1698 4594; x_wconf 78' lang='lat' dir='ltr'>fulgor</span> 
     </span>
     <span class='ocr_line' id='line_1_88' title="bbox 927 4617 1697 4691; baseline -0.001 -19"><span class='ocrx_word' id='word_1_633' title='bbox 927 4618 958 4672; x_wconf 88' lang='lat' dir='ltr'>in</span> <span class='ocrx_word' id='word_1_634' title='bbox 968 4618 1211 4691; x_wconf 85' lang='lat' dir='ltr'>interpretatione,</span> <span class='ocrx_word' id='word_1_635' title='bbox 1226 4628 1364 4690; x_wconf 88' lang='lat' dir='ltr'>quantum</span> <span class='ocrx_word' id='word_1_636' title='bbox 1377 4626 1509 4690; x_wconf 88' lang='lat' dir='ltr'>putamus</span> <span class='ocrx_word' id='word_1_637' title='bbox 1521 4617 1551 4671; x_wconf 91' lang='lat' dir='ltr'>in</span> <span class='ocrx_word' id='word_1_638' title='bbox 1567 4633 1697 4672; x_wconf 87' lang='lat' dir='ltr'>sermone</span> 
     </span>
     <span class='ocr_line' id='line_1_89' title="bbox 927 4714 1062 4788; baseline -0.007 -19"><span class='ocrx_word' id='word_1_639' title='bbox 927 4714 1062 4788; x_wconf 77' lang='lat' dir='ltr'>proprio?</span> 
     </span>
    </p>
   </div>
   <div class='ocr_carea' id='block_1_12' title="bbox 958 4845 1695 5036">
    <p class='ocr_par' dir='ltr' id='par_1_17' title="bbox 958 4845 1695 5036">
     <span class='ocr_line' id='line_1_90' title="bbox 1307 4845 1330 4889; baseline -0.043 0"><span class='ocrx_word' id='word_1_640' title='bbox 1307 4845 1330 4889; x_wconf 79' lang='grc'>1.</span> 
     </span>
     <span class='ocr_line' id='line_1_91' title="bbox 958 4968 1695 5036; baseline -0.009 -14"><span class='ocrx_word' id='word_1_641' title='bbox 958 4970 1008 5036; x_wconf 85' lang='lat' dir='ltr'>[ld.</span> <span class='ocrx_word' id='word_1_642' title='bbox 1021 4969 1087 5020; x_wconf 77' lang='lat' dir='ltr'>Ado.</span> <span class='ocrx_word' id='word_1_643' title='bbox 1097 4971 1251 5031; x_wconf 70' lang='lat' dir='ltr'>Iovianum,</span> <span class='ocrx_word' id='word_1_644' title='bbox 1265 4969 1298 5028; x_wconf 91' lang='grc'>11,</span> <span class='ocrx_word' id='word_1_645' title='bbox 1316 4971 1354 5018; x_wconf 86' lang='grc'>11,</span> <span class='ocrx_word' id='word_1_646' title='bbox 1367 4969 1505 5032; x_wconf 82' lang='lat' dir='ltr'>-opero,</span> <span class='ocrx_word' id='word_1_647' title='bbox 1518 4968 1538 5017; x_wconf 92' lang='lat' dir='ltr'>t.</span> <span class='ocrx_word' id='word_1_648' title='bbox 1555 4969 1586 5026; x_wconf 90' lang='grc'>11,</span> <span class='ocrx_word' id='word_1_649' title='bbox 1604 4980 1629 5030; x_wconf 87' lang='lat' dir='ltr'>p.</span> <span class='ocrx_word' id='word_1_650' title='bbox 1641 4969 1695 5016; x_wconf 81' lang='lat' dir='ltr'>stt.</span> 
     </span>
    </p>
   </div>
   <div class='ocr_carea' id='block_1_13' title="bbox 967 5077 1698 5191">
    <p class='ocr_par' dir='ltr' id='par_1_18' title="bbox 967 5077 1698 5191">
     <span class='ocr_line' id='line_1_92' title="bbox 967 5077 1698 5191; baseline -0.012 -15"><span class='ocrx_word' id='word_1_651' title='bbox 967 5077 1140 5178; x_wconf 63' lang='lat' dir='ltr'>medones</span> <span class='ocrx_word' id='word_1_652' title='bbox 1148 5115 1368 5191; x_wconf 80' lang='lat' dir='ltr'>virllabylonius</span> <span class='ocrx_word' id='word_1_653' title='bbox 1375 5115 1403 5168; x_wconf 92' lang='lat' dir='ltr'>in</span> <span class='ocrx_word' id='word_1_654' title='bbox 1412 5113 1469 5169; x_wconf 94' lang='lat' dir='ltr'>duo</span> <span class='ocrx_word' id='word_1_655' title='bbox 1480 5113 1611 5188; x_wconf 78' lang='lat' dir='ltr'>dogmata</span> <span class='ocrx_word' id='word_1_656' title='bbox 1621 5112 1698 5188; x_wconf 88' lang='lat' dir='ltr'>apud</span> 
     </span>
    </p>
   </div>
   <div class='ocr_carea' id='block_1_14' title="bbox 0 0 1913 5859">
    <p class='ocr_par' dir='ltr' id='par_1_19' title="bbox 0 0 1913 5859">
     <span class='ocr_line' id='line_1_93' title="bbox 0 0 1913 5859; baseline 0 0"><span class='ocrx_word' id='word_1_657' title='bbox 0 0 1913 5859; x_wconf 95' lang='lat' dir='ltr'> </span> 
     </span>
    </p>
   </div>
  </div>
 </body>
</html>
