3809 5859
429 354 676 417 MECHEblETiS
690 353 827 433 ‚ANNUS
848 353 898 414 lll.
921 355 997 414 beel
1023 352 1206 428 (lest-lies
1229 355 1265 415 P.
1289 352 1344 432 G..)
1651 359 1691 419 97

84 493 222 570 λαμπρῶς
245 488 305 556 τούς
327 487 470 548 έπιόαίνειν
493 486 670 567 πειρωμένους
688 493 740 547 τοῦ·
751 483 863 565 τείχους.

84 583 126 657 (ε)
142 579 193 644 Ὦς
211 576 238 635 δὲ
257 576 327 636 κατύι
349 577 432 636 νώτου
452 598 482 635 τι
499 567 566 635 εἶδον
587 574 646 641 τούς
664 574 803 650 πολεμίους
820 572 866 632 καί

86 665 242 744 βάλλοντας
258 662 312 722 cini
323 666 376 722 τῶν
389 659 460 721 ἐνδον
472 662 518 722 καὶ
531 667 580 734 τῆς
590 661 689 727 πόλεως
702 660 808 735 αὐτούς,
820 659 866 720 καλ

82 754 188 820 παῖδας
209 750 256 809 καλ
277 754 402 830 γυναῖκας
428 749 682 830 ήνδραποδισμίνους
706 748 795 828 ἑώρων
818 748 865 807 καὶ

84 838 273 917 ἀπαγομένους
287 842 416 919 αἰσχρῶς,
426 841 450 898 οἱ
461 838 509 915 μέν
522 840 607 896 αὐτῶν
619 837 718 916 ἀθυμία
728 835 867 918 ληρθέντες

84 930 228 1007 ἐρρίπτουν
245 935 311 1007 σφᾶς
326 926 417 992 αὐτοὺς
430 923 498 999 μετὰ
511 929 564 983 τῶν
579 923 666 984 ὅπλων
682 924 734 982 ἀπὸ
751 928 796 982 τοῦ
810 923 866 981 τεί-

83 1040 156 1095 χους
171 1015 216 1073 καὶ
230 1014 415 1090 ἀπέθνησκον,
429 1018 454 1073 οἱ
469 1011 497 1073 δέ
511 1010 667 1092 ἀπογνόντες
678 1018 732 1077 τοῖς
741 1010 808 1077 όλοις
820 1012 865 1067 καὶ

84 1106 125 1165 τὰ
150 1104 220 1162 tnta
241 1106 293 1161 τῶν
317 1106 412 1183 χειρῶν
438 1098 600 1176 ἐκλυομένων
620 1098 673 1171 ήδη
697 1097 866 1169 δπολύοντες,

89 1190 250 1271 παρεδίδουν
266 1191 357 1257 αὐτοὺς
370 1197 423 1256 τοῖς
436 1190 536 1268 ἐχθροῖς
550 1187 637 1266 ἐμαχλ
649 1185 798 1266 χρήσεσθαι
812 1185 828 1242 θ
842 1208 866 1244 τι

85 1279 138 1338 καί
154 1277 298 1357 βούλοιντο.

135 1364 237 1426 LXIV.
253 1362 354 1443 Ἔτυχε
371 1364 394 1421 δ’
415 1364 499 1422 ίκείσε
517 1362 576 1420 τότε
593 1360 686 1443 παρών
708 1359 755 1418 καὶ
775 1358 867 1441 μαχό-

88 1477 170 1529 μενος
186 1451 229 1511 ini
242 1456 289 1510 τοῶ
300 1451 402 1530 τείχους
417 1448 461 1518 ξύν
477 1452 564 1516 αὐτοῖς
578 1450 625 1508 καί
639 1449 773 1528 Ὀρχόνης
790 1453 805 1507 θ
819 1453 865 1505 ταῶ

91 1540 319 1621 βασιλέως-θεῖος,
332 1542 378 1597 τού
392 1536 558 1612 ’λτουμείνων
572 1537 675 1614 γένους,
693 1534 721 1593 δν
736 1526 791 1614 εἶχε
813 1539 865 1613 βα-

89 1628 181 1695 σιλεύς
196 1626 392 1692 Κωνσταντῖνος
407 1627 433 1683 ἐν
445 1628 478 1703 τῇ
490 1624 575 1699 πόλει,
593 1626 620 1683 έν
635 1624 720 1703 πολλῇ
738 1622 809 1701 ἄγων
824 1628 866 1681 02.
907 1626 913 1635 “

89 1717 191 1797 ραπεία
205 1738 234 1774 τε
253 1715 299 1773 καί
312 1716 378 1793 τιμῇ
402 1712 434 1771 δι’
447 1714 564 1783 ἐλπίδας,
578 1711 683 1792 ρυγιίδα
703 1709 755 1791 πρὸ
768 1712 865 1771 πολλοῦ

89 1803 156 1864 όντα
176 1804 219 1863 διύ
232 1801 276 1862 τδν
290 1800 370 1882 ρόόον
393 1805 439 1859 τοῶ
460 1803 585 1882 sculpet·
613 1798 699 1871 ἐζήτει
715 1797 766 1877 γέιρ
786 1797 865 1857 αὐτόν

91 1892 209 1951 ἀνελεῖν·
231 1890 258 1956 δς
273 1888 334 1948 ἰδών
347 1887 396 1960 τήν
407 1892 455 1959 τῆς
473 1889 573 1954 πολέως
590 1888 687 1946 eloco
713 1887 761 1945 καὶ
782 1884 864 1945 θέλειν

891 510 895 554 ι
922 508 952 543 τε
971 485 1018 542 καί
1035 484 1192 562 διωκόμενος
1204 477 1281 565 (ήσαν
1301 484 1352 565 γδρ
1374 486 1398 547 οί
1415 485 1568 564 ἀναγνόντες
1588 485 1692 565 αὐτόν),

922 572 1007 652 ῥίπτει
1035 573 1125 631 ἑαυτὸν
1146 574 1218 657 εὐθὺς
1244 573 1312 633 κατὰ
1335 579 1380 633 τοῦ
1395 574 1497 654 τείχους
1513 574 1560 633 καλ
1578 576 1694 647 ἀποθνή-

922 684 990 721 σκει.
1013 661 1047 741 (ε)
1062 654 1098 721 Οἱ
1118 661 1146 721 δέ
1161 666 1319 743 στρατιῶται
1329 662 1469 743 δραμόντες
1483 662 1597 741 αἴρουσιν
1613 664 1693 722 αὐτοῦ

920 748 969 823 τήν
983 748 1100 829 κεραλήν
1114 751 1292 827 ἀποταμόντες
1306 748 1351 808 καί
1370 748 1506 828 ἀπήγαγον
1520 754 1558 832 τῷ
1576 754 1692 830 βασιλεῖ·

921 836 968 897 καί
978 836 1028 917 γδρ
1039 839 1123 911 ἐζήτει
1135 839 1212 898 αὐτὸν
1226 837 1270 898 διὰ
1284 837 1424 911 σπουδῆςή
1439 841 1523 907 ζῶντα
1535 838 1553 910 i,
1566 842 1693 899 τεθνεῶτα

922 929 997 987 ἰδεῖν.

928 1062 932 1068 .
959 1015 1044 1077 lxv.
1060 1014 1107 1075 Ἐν
1120 1015 1204 1095 τούτῳ
1216 1014 1243 1074 δέ
1252 1015 1297 1074 καί
1311 1018 1454 1092 Χαμουζδς
1464 1018 1480 1087 ὁΙ
1487 1019 1539 1074 τῶν
1554 1020 1619 1076 νεῶν
1632 1020 1693 1094 ήγε·

920 1102 994 1178 μῶν,
1006 1106 1040 1171 ῶς
1058 1096 1111 1163 εἶδε
1124 1102 1171 1173 τήν
1183 1103 1258 1162 πόλιν
1281 1102 1412 1183 έχομένην
1425 1103 1477 1175 ήδη
1486 1104 1532 1162 καί
1546 1102 1606 1171 τούς
1617 1104 1693 1163 όπλί·

920 1213 967 1257 τας
988 1192 1156 1268 ληιζομίνους
1172 1189 1270 1264 αὐτήν,
1285 1189 1359 1259 εὐθύς
1373 1192 1478 1249 ἐπιπλεῖ
1493 1196 1526 1270 τῇ
1544 1191 1634 1251 ἁλύσει
1647 1193 1693 1251 καὶ

921 1278 1060 1358 διαρρήξας
1075 1278 1157 1351 αὐτὴν
1174 1277 1236 1337 τίσω
1257 1276 1356 1356 γίνεται
1370 1282 1416 1337 τοῦ
1432 1279 1552 1355 λιμένος·
1566 1280 1611 1339 καὶ
1632 1279 1694 1347 όσας

921 1359 981 1445 εὗρε
998 1370 1051 1425 τῶν
1062 1365 1223 1443 Ῥωμαϊκῶν
1235 1370 1298 1425 νεῶν
1315 1368 1358 1444 (ati
1369 1365 1419 1447 γὰρ
1432 1371 1482 1425 τῶν
1494 1367 1605 1429 Ἰταλῶν
1619 1366 1693 1447 τριή·

922 1476 973 1534 ρεις
991 1477 1020 1513 τε
1040 1455 1086 1514 καί
1108 1454 1215 1521 ὁλκάδες
1235 1452 1308 1521 εὐθύς
1330 1454 1490 1533 βιασόμενοι
1513 1454 1609 1522 ταύτας
1628 1454 1695 1527 ἀνή-

918 1548 1021 1621 χθησαν
1034 1544 1059 1611 ἐς
1074 1541 1104 1601 εδ
1116 1544 1253 1619 πελαγος),
1266 1540 1312 1609 τύς
1326 1542 1372 1618 μέν
1386 1542 1526 1602 κατέδυσεν
1537 1545 1635 1615 αὐτοῦ,
1647 1540 1694 1609 τδς

920 1630 947 1689 δέ
967 1632 1124 1710 αὐτάνδρους
1144 1631 1237 1690 ἐλαόε·
1258 1630 1303 1690 καλ
1328 1629 1465 1698 έποκείλας
1486 1629 1534 1699 τδς
1552 1637 1614 1698 ναῶς
1635 1632 1693 1698 ταῖς

921 1720 1071 1796 βασιλικαῖς
1105 1718 1278 1797 καλουμέναις
1307 1718 1419 1790 πύλαις,
1442 1719 1481 1777 ἔτι
1510 1718 1695 1797 κεκλεισμένας

920 1804 1002 1885 εὑρὼν
1016 1807 1169 1888 διαρρήσσει
1183 1830 1211 1866 τε
1229 1805 1263 1865 et
1279 1806 1377 1867 τούτων
1390 1810 1496 1883 κλεῖθρα
1510 1807 1556 1867 καλ
1569 1805 1629 1874 τούς
1648 1831 1695 1881 μο·

918 1892 999 1974 χλούς
1012 1892 1058 1951 καί
1073 1892 1235 1953 καταόόλλει
1248 1892 1358 1966 ταύτας,
1371 1894 1417 1952 καί
1430 1892 1542 1953 ἐσελθὼν
1563 1892 1630 1969 μετύ
1648 1898 1695 1964 τῆς

93 1979 187 2038 ἑαυτὸν
202 1980 338 2050 ἐκσῶσαι,
361 1980 463 2057 πρῶτον
488 1977 536 2053 μέν
553 1974 682 2046 έόουλήθη
704 1972 789 2034 λαθών
808 1974 865 2031 δια·
922 1989 1046 2059 στρατιᾶς
1069 1981 1095 2038 έν
1111 2004 1144 2060 τη
1164 1980 1257 2058 πολει,
1277 1980 1389 2059 εθρίσκει
1410 1980 1523 2048 πολλοὺς
1543 1984 1626 2039 ἐκεῖσε
1643 1984 1695 2038 τῶν

94 2069 206 2146 δρᾶναι,
223 2070 258 2133 ῶς
280 2056 316 2130 εἷς
335 2067 387 2123 τῶν
404 2064 456 2123 eieci
477 2068 524 2135 τῆς
546 2072 670 2143 στρατιᾶς
692 2066 767 2141 τῇτε
781 2066 863 2142 σκευῇ
927 2064 1071 2143 Ῥωμαίων
1094 2065 1294 2144 ξυνεσταμένους
1313 2066 1358 2126 καί
1375 2069 1401 2135 ἐς
1414 2069 1497 2141 ὐλκήν
1522 2068 1697 2147 τραπομένους

13 2234 17 2240 ἱ
93 2157 184 2233 καίτῇ
199 2159 245 2227 τῆς
257 2158 343 2234 φωνῆς
353 2151 502 2231 ὁμοιότητι·
516 2156 550 2220 ῶς
565 2153 592 2211 δέ
603 2141 655 2210 εἶδε
666 2150 729 2233 [ότι]
744 2151 867 2227 γνωσθείς
925 2151 1017 2232 (ούπω
1033 2152 1084 2232 γδρ
1105 2156 1212 2235 έρθοίκει
1225 2156 1291 2235 πρὸς
1303 2161 1380 2216 τοῦτο
1390 2156 1421 2215 τθ
1433 2155 1540 2234 μέροςή
1558 2158 1627 2216 κατὰ
1647 2158 1695 2236 γῆν

125 2371 210 2418 lxlv.
225 2369 339 2433 ὀρχάνης
355 2370 369 2417 δ
382 2373 424 2417 τοῦ
440 2370 557 2430 βασιλέως
573 2364 648 2429 θεῖος]
660 2366 739 2429 Igitur
754 2366 879 2415 orobanes
889 2365 937 2415 luit
946 2366 1022 2417 irater
1034 2366 1138 2417 muratis
1151 2371 1183 2418 ll.
1194 2368 1262 2418 Idem
1275 2370 1373 2433 colligas
1384 2382 1398 2420 e
1411 2369 1521 2420 'turcicis
1537 2369 1697 2433 scriptoribus

93 2440 148 2491 dall
162 2442 188 2489 et
199 2438 358 2497 Scolallade,
380 2437 423 2500 qui
439 2438 529 2487 iratres
544 2436 650 2487 lloratis
669 2438 797 2486 recensent
810 2437 928 2497 quattuor
957 2454 963 2484 ε
980 2434 1155 2495 nlaeddlnum,
1172 2436 1330 2498 Achmelcm,
1347 2438 1502 2501 Orcbanem,
1514 2440 1650 2499 lipsanum,
1667 2443 1695 2489 ut

92 2520 126 2558 ex
142 2509 276 2557 llammero
296 2506 333 2555 l.l.
353 2512 374 2567 ε,
386 2521 411 2570 p.
427 2512 473 2557 oio
488 2507 566 2557 disco.
588 2506 730 2556 secuudum
749 2506 811 2554 alios
826 2509 951 2566 auctores,
965 2519 1028 2569 quos
1039 2508 1187 2555 llammems
1200 2504 1226 2555 iu
1238 2520 1283 2556 suo
1299 2506 1487 2557 osmanidanun
1505 2512 1636 2559 stemmate
1652 2522 1695 2559 εο·

90 2578 186 2640 quitur,
207 2576 295 2626 iratres
313 2577 418 2625 Muratis
432 2576 533 2626 fuerunt
545 2576 691 2635 Aobruetes,
704 2575 848 2638 blusteplra,
864 2576 935 2625 lusui
940 2613 947 2636 ,
961 2578 1132 2631 Mecbemctcs.
1152 2576 1229 2626 Alium
1241 2574 1273 2626 de
1287 2578 1399 2628 orobane
1412 2581 1497 2628 nostro
1514 2578 1606 2627 somam
1615 2576 1693 2629 habos

91 2647 160 2710 apud
166 2646 389 2708 Chalcocondylam
402 2660 426 2710 p.
440 2651 501 2704 39³,
510 2646 553 2709 qul
566 2646 703 2695 0rcbsnem
715 2644 845 2694 sobmouis
858 2658 872 2693 e
885 2644 934 2694 lilio
945 2648 1058 2709 nepotem
1074 2648 1128 2711 (εδν
1144 2648 1336 2712 Μιυσουλμάνεω
1347 2651 1426 2699 ὑιδοῦν
1437 2652 1445 2705 l
1462 2649 1537 2699 luisse
1547 2649 1620 2707 dicit.
1635 2650 1696 2699 odeo

92 2720 125 2767 ut
134 2716 254 2767 Orcbouis
265 2717 343 2767 nostri
354 2722 425 2781 pater
438 2717 526 2768 luisset
541 2716 667 2767 Orcbunes
677 2716 720 2766 ille
729 2715 858 2767 solimanis
876 2715 950 2778 iilius,
963 2716 1006 2778 qui
1018 2720 1075 2781 post
1085 2722 1190 2768 mortem
1202 2720 1278 2781 patris
1292 2720 1373 2783 (lito)
1389 2734 1420 2770 ex
1428 2720 1486 2771 asia
1497 2720 1528 2770 ab
1537 2720 1694 2771 Emmanuele

92 2788 242 2851 imperatore
262 2788 397 2837 advocatus
417 2790 443 2837 et
466 2786 664 2837 Thessalonicam
678 2786 785 2847 missus,
801 2785 889 2836 deinde
907 2799 968 2837 reru
981 2786 1118 2849 proditione
1130 2791 1216 2853 coptus
1233 2793 1259 2841 et
1276 2803 1291 2839 a
1307 2793 1378 2841 llusa
1394 2794 1483 2855 patruo
1501 2790 1641 2841 trucidatus
1658 2796 1696 2841 est

91 2859 140 2920 (v.
153 2856 280 2906 limeisen
292 2856 309 2905 l.
326 2856 343 2905 l.
362 2862 383 2915 t,
396 2869 421 2919 p.
433 2859 488 2905 425.
503 2857 542 2906 Gi.
553 2855 619 2905 idem
632 2868 658 2917 p.
679 2854 750 2917 tub).
768 2858 806 2905 De
820 2855 934 2905 orobane
946 2857 1157 2921 Constantinopoli
1171 2858 1275 2923 degente
1292 2874 1366 2925 supra
1382 2862 1448 2923 (not.
1468 2860 1502 2911 ad
1513 2875 1535 2910 o.
1550 2866 1573 2921 5,
1585 2860 1615 2923 3)
1633 2862 1694 2910 cita·

90 2926 176 2976 vimus
187 2928 282 2976 Ducam
294 2940 320 2990 p.
337 2929 391 2975 εει.
403 2924 521 2988 Ejusdem
539 2925 614 2975 etiam
626 2924 750 2974 Barbarus
764 2939 788 2988 p.
804 2930 833 2975 19
848 2925 961 2975 meminit
979 2923 1066 2977 bisce:
1084 2929 1118 2979 ne
1140 2930 1226 2979 Turco
1242 2933 1364 2993 Dorpouo
1383 2932 1445 2994 (sic),
1464 2930 1489 2980 cl
1511 2931 1574 2995 qual
1588 2933 1648 2982 tero
1665 2934 1693 2979 ἰει

90 2996 324 3057 σοπείαιείἰιιοροίἰ
336 2996 365 3045 ol
376 2994 512 3046 medooee
527 2993 692 3058 imperodor,
704 2998 727 3044 ει·
744 3008 813 3046 coeo
829 2998 858 3045 tn
868 2996 957 3046 oordo
969 3010 1023 3047 uno
1040 2995 1069 3046 di
1083 3000 1189 3049 cantoni
1208 2997 1244 3050 do
1258 2999 1286 3050 lo
1301 3003 1360 3050 tero
1381 3000 1414 3049 de
1431 3001 1460 3051 la
1477 3000 1567 3050 bondo
1584 3000 1619 3051 do
1632 3012 1694 3050 mor

89 3080 157 3117 αυιπ
170 3070 236 3116 isaeo
254 3064 351 3117 Porcii
362 3067 540 3129 spoateerao
552 3078 602 3115 ευο
614 3065 797 3130 soldo,iqoot
804 3080 858 3129 per
873 3069 968 3118 ooontt
983 3080 1053 3119 aveo
1065 3068 1189 3119 revelatio
1204 3069 1213 3125 ἰ
1220 3068 1236 3119 ἰ.
1247 3082 1269 3120 e.
1283 3070 1473 3134 rebellaverant)
1491 3071 1519 3123 at
1536 3085 1584 3122 ευο
1596 3074 1694 3135 stpoor.

90 3142 133 3187 Dc
145 3141 225 3188 morte
243 3146 298 3200 ejus
315 3138 351 3187 iia
364 3136 572 3198 Cheloocondylas
584 3151 610 3199 p.
626 3140 680 3194 898,
693 3140 708 3185 3
721 3155 728 3186 ε
744 3137 810 3201 lippi
825 3138 866 3187 τὸν
879 3140 988 3201 Ναταρᾰν
1006 3143 1049 3187 τοῦ
1070 3141 1185 3203 βασιλέως
1202 3142 1322 3203 ἁρμοστήν
1336 3144 1376 3191 καὶ
1397 3141 1499 3205 Ὀρχιίνη
1512 3144 1552 3192 τὸν
1569 3144 1695 3193 Μουσουλ·

91 3208 178 3270 μείνειε
197 3209 294 3268 ortem,
308 3211 341 3265 ὡς
363 3208 431 3257 αὐτοὶ
452 3209 529 3266 έλεγον
542 3208 666 3266 Ἓλληνες,
679 3208 768 3256 τοιόνδε
791 3208 895 3268 έγένετο·
915 3212 947 3263 da:
969 3209 1015 3271 γὰρ
1030 3209 1182 3260 ἐπυνθάνοντο
1200 3212 1328 3260 ἰαλωκέναι
1345 3214 1387 3270 τήν
1405 3211 1490 3273 πόλιν,
1509 3212 1644 3273 ἀπέδρασαν
1659 3212 1696 3261 ini

89 3280 183 3341 πύργον
200 3279 251 3326 τινα
265 3283 306 3337 τῆς
317 3277 423 3337 πόλεως,
437 3281 469 3334 ὡς
482 3278 580 3327 ἐνταῦθα
593 3276 773 3340 βουλευσόμενοι
790 3279 826 3326 ὅτι
844 3278 907 3326 ἅπαν
918 3282 978 3341 σφᾶς
989 3280 1037 3327 δέοι
1054 3281 1191 3343 τραπέσθαι.
1208 3282 1254 3330 Καὶ
1270 3282 1369 3331 ἐνταῦθα
1381 3282 1516 3345 γενόμενοι,
1528 3280 1644 3344 Ὀρχάνης
1655 3282 1696 3343 μέν

89 3350 165 3412 ῥάκια
176 3347 346 3411 δμριεσάμενρς
358 3349 491 3412 Ναζαραίου
507 3350 570 3403 τινὸς
590 3348 835 3398 novercaretur&
847 3353 889 3399 τοῦ
907 3349 997 3413 πύργου
1009 3350 1049 3397 καὶ
1059 3350 1181 3412 ἀπέθανεν,
1195 3354 1217 3401 οἰ
1229 3352 1253 3401 δέ
1264 3352 1322 3414 ἀμφὶ
1334 3354 1373 3401 τδν
1386 3355 1494 3417 Νοταρᾶν
1507 3353 1696 3414 πολιορκηθέντες

90 3419 202 3471 titum
213 3421 266 3480 περὶ
275 3420 409 3477 πλήθουσαν
423 3420 523 3484 ἀγορὰν,
533 3419 604 3474 αὐτὸς
614 3436 641 3467 τε
650 3419 700 3481 ἅμα
711 3421 751 3468 καὶ
763 3423 786 3469 ol
795 3422 875 3476 παῖδας
887 3422 969 3469 αὐτοῦ.
979 3419 1056 3470 Aliter
1070 3434 1122 3471 rem
1135 3425 1219 3472 narrat
1233 3426 1313 3473 Duces
1324 3437 1349 3486 p.
1359 3428 1414 3485 80⁰,
1432 3429 1442 3475 t
1462 3444 1469 3473 ι
1483 3426 1576 3486 ’Ἑτεροε
1587 3424 1613 3473 δέ
1626 3440 1696 3487 φασιν

91 3492 128 3546 ὡς
137 3491 151 3538 θ
160 3491 214 3546 boii
224 3491 355 3549 (Nesaeos)
369 3491 451 3552 εὐρέθη
465 3490 524 3549 μετὰ
532 3494 575 3539 τοῦ
590 3488 680 3552 'Oppius
696 3490 720 3539 ἐν
728 3494 763 3553 τῷ
770 3490 851 3553 πύργῳ
860 3496 895 3553 τῷ
905 3496 947 3540 πού
960 3491 1084 3541 καστελὶου
1095 3498 1137 3542 τοῦ
1149 3494 1409 3558 Φραντζεζίδων,ιιδιιεῖ
1419 3494 1589 3559 παρεδόθησαν,
1600 3496 1697 3559 δρῶντες

92 3563 128 3624 ὡς
138 3563 182 3611 οὐκ
190 3562 220 3622 ήν
231 3562 327 3610 δυνατὸν
338 3561 490 3610 ἀνθίστασθαι
501 3562 572 3614 πλέον
580 3566 628 3616 τοῖς
637 3560 757 3623 Τούρκοις.
767 3562 858 3611 Ὀντων
869 3563 894 3611 δί
903 3562 1021 3612 πλείστων
1035 3564 1083 3612 teet
1096 3565 1137 3612 καί
1149 3564 1248 3624 εὐγενῶν
1260 3564 1379 3627 ἀρχόντων
1392 3566 1436 3615 σύν
1449 3570 1485 3629 τῷ
1500 3567 1582 3626 δουκί,
1592 3565 1697 3627 ᾐτήσατο
1799 3566 1811 3582 “

93 3631 212 3693 θ’θρχοίν
224 3629 271 3679 ἀπό
283 3646 344 3686 τινος
361 3636 468 3694 μοναχαῦ
481 3630 512 3680 τὰ
523 3631 599 3694 cippos
612 3632 699 3690 αὐτοῦ,
719 3632 761 3679 καί
775 3630 878 3693 φορήσας
888 3630 948 3678 αὐτὰ
967 3630 1041 3680 έδωκε
1053 3636 1087 3693 τῷ
1101 3637 1199 3693 μοναχῷ
1213 3632 1243 3680 τὰ
1261 3634 1347 3693 αὐτοῦ,
1362 3633 1402 3681 καί
1424 3634 1463 3682 διὰ
1476 3639 1529 3695 μιᾶς
1550 3634 1697 3691 τοξοόολικῆς

95 3702 186 3763 θυρίδος
195 3701 276 3750 έδαλεν
285 3702 367 3750 ἐαυτὸν
376 3702 438 3750 κατὰ
450 3707 492 3763 γῆς
502 3702 546 3758 ἐξω
556 3707 597 3759 τῆς
608 3703 709 3751 πόλεως.
722 3702 770 3751 Καὶ
787 3700 897 3757 λαθόντες
911 3704 934 3751 οί
945 3706 993 3752 τών
1007 3702 1095 3751 πλοίων
1114 3706 1154 3751 καί
1166 3704 1330 3766 θεσμώσαντες
1345 3704 1428 3753 ἐθαλον
1443 3706 1507 3760 ἐντὸς
1520 3706 1562 3754 σύν
1583 3710 1633 3761 τοῖς
1651 3706 1698 3753 λοι·

96 3777 149 3827 ποῑς
160 3772 332 3834 αἰχμαλώτοις·
346 3773 369 3819 ot
378 3771 403 3820 δὲ
412 3776 455 3821 τοῦ
466 3771 555 3835 πίργου
566 3772 732 3835 παραδοθέντες
743 3772 784 3820 καὶ
798 3771 864 3820 αὐτοὶ
875 3772 940 3826 ἐντὸς
950 3777 993 3820 τοῦ
1006 3771 1088 3821 πλοίου
1104 3772 1195 3823 ἐκείνου
1204 3775 1357 3836 εἰσήχθησαν.
1371 3774 1431 3825 Τότε
1441 3776 1473 3830 εἰς
1484 3781 1530 3823 τῶν
1541 3776 1697 3837 αἰχμαλώτων

97 3839 144 3889 edei
159 3843 285 3903 Ῥωμαίων
302 3844 601 3905 ααταπραγμετευσάμενος
613 3844 655 3902 τήν
669 3846 742 3894 αὐτοῦ
758 3843 887 3906 ἐλευθερίαν
900 3843 979 3905 sienae
993 3848 1028 3907 τῷ
1043 3844 1154 3907 ναυάρχῳ
1176 3847 1220 3895 αεὶ
1233 3846 1396 3907 ἐλευθερώσεις
1414 3862 1442 3909 με
1460 3847 1575 3909 σήμερον,
1588 3846 1637 3907 ίχω
1657 3862 1697 3895 σοι

98 3911 178 3960 δοῦναι
190 3914 232 3962 τὸν
245 3912 337 3975 Ὀρχὰν
349 3914 389 3961 καί
404 3914 444 3962 τὸν
457 3913 591 3974 μεγαδούκα
604 3916 673 3974 θροῦ.
687 3934 700 3957 ν
710 3914 770 3964 Τόδε
782 3912 906 3969 ἀκούσαςθ
919 3915 1035 3977 ναύαρχος
1048 3914 1128 3975 opace
1137 3920 1180 3964 τοῦ
1195 3916 1346 3978 ἐλευθερῶσαι
1362 3916 1442 3965 αὐτόν.
1457 3918 1503 3965 Καὶ
1513 3916 1566 3966 τότε
1576 3917 1649 3971 δείξας
1657 3917 1697 3965 τὸν

99 3983 244 4047 μελαμρόρον
256 3983 360 4045 Ὀρχὰν,
371 3985 412 4032 καὶ
431 3984 512 4045 μαθών
525 3984 562 4033 δτι
573 3984 627 4033 κατ’
639 3984 747 4041 ἀλήθειαν
759 3983 847 4040 ἐκεῖνός
856 3984 935 4045 ἐστιν,
945 3984 1046 4046 ἀπέτεμε
1059 3985 1101 4042 τὴν
1119 3986 1220 4048 κεφαλήν
1238 3984 1325 4047 αὐτοῦ,
1336 3987 1376 4034 τὸν
1385 3986 1410 4034 et
1421 3988 1555 4048 μεγαλοῦκα
1568 3991 1645 4043 ζῶντα
1657 3988 1697 4035 καὶ

99 4054 140 4108 τήν
149 4054 251 4114 κεφαλήν
259 4057 302 4102 τοῦ
310 4052 400 4116 Ὀρχδιν
411 4054 490 4103 λαθὼν
505 4055 536 4110 είς
548 4056 590 4105 τὸν
601 4055 706 4117 ήγιρόνα
716 4055 836 4115 ἀπήγαγεν
848 4055 873 4103 ἐν
884 4058 919 4115 τῷ
930 4054 1068 4116 Κοσμηδίῳ’
1077 4054 1163 4110 ἐκεῖνος
1174 4056 1198 4105 δέ
1213 4059 1246 4117 τῷ
1255 4056 1367 4119 ναυάρχῳ
1379 4054 1532 4119 εὐεργετήσας
1542 4058 1583 4106 καὶ
1598 4059 1698 4109 πλεῖστα

101 4121 151 4179 δούς
167 4123 289 4173 eunom.
305 4122 316 4186 ΙΙ
329 4149 360 4159 -
380 4122 471 4187 θελων]
492 4124 528 4175 sie
539 4137 574 4174 m.
590 4132 613 4186 2,
629 4126 770 4188 pontepuro:
783 4137 818 4176 m.
837 4130 861 4174 l.
871 4123 966 4175 Deinde
975 4123 1067 4174 inserui
1083 4125 1128 4174 ὅτι.

130 4196 203 4244 Lllll.
221 4195 259 4243 De
271 4193 303 4243 iis
319 4206 375 4255 qum
388 4193 413 4242 in
436 4197 509 4257 portu
527 4194 681 4256 acciderunt,
699 4194 806 4259 amplam
817 4193 981 4243 narrationem
1001 4193 1077 4243 babes
1099 4193 1164 4257 apud
1178 4192 1314 4244 Barbanna
1332 4208 1362 4259 p.
1377 4201 1407 4245 56
1424 4208 1490 4258 sqq..
1510 4194 1581 4257 cuius
1599 4210 1697 4247 summa

102 4267 225 4315 momenta
237 4263 322 4326 paucis
337 4264 545 4327 comprehendere
561 4266 623 4316 satis
637 4266 678 4315 sit.
693 4264 785 4316 classis
796 4266 946 4326 Tarentum,
961 4276 1017 4327 pure
1030 4263 1063 4313 ad
1077 4264 1182 4313 colonos
1191 4263 1321 4314 stationem
1339 4264 1459 4325 babebat,
1474 4263 1557 4328 paullo
1571 4267 1627 4316 ante
1640 4266 1697 4316 solis

101 4339 183 4386 ortum
202 4346 278 4398 prope
295 4336 394 4397 portum
407 4336 533 4399 apparuit,
545 4333 572 4385 εἰ
586 4336 699 4399 proelium
713 4334 868 4385 committere
883 4337 909 4386 et
921 4339 995 4398 rupte
1014 4338 1101 4385 catena
1114 4333 1242 4385 introitum
1261 4334 1307 4383 sibi
1320 4335 1458 4397 patefecere
1478 4349 1527 4385 non
1550 4348 1624 4395 ausa,
1639 4349 1697 4386 mox

100 4405 156 4455 iude
168 4416 195 4453 se
209 4403 312 4452 contulit
322 4402 347 4452 iu
360 4403 431 4453 urbis
448 4405 514 4454 latus
536 4404 678 4468 Propontidi
697 4405 842 4463 obversum,
856 4403 900 4453 ubi
915 4406 998 4455 nautae
1019 4404 1151 4453 interram
1167 4405 1259 4467 egressi
1276 4406 1302 4453 et
1321 4403 1346 4453 in
1358 4403 1520 4469 direptionem
1529 4405 1599 4455 urbis
1612 4404 1698 4455 diffusi

100 4478 164 4525 sunt.
178 4474 273 4523 lnterea
286 4486 361 4523 nares
371 4476 507 4524 Turcorum
520 4475 687 4537 septuaginta,
701 4488 759 4537 quae
771 4486 816 4537 per
826 4473 914 4523 collem
926 4474 1082 4525 Galatensem
1094 4473 1121 4523 in
1139 4473 1221 4523 Cornu
1235 4473 1318 4524 sinum
1330 4474 1481 4525 transductus
1490 4478 1573 4531 eraut.
1588 4474 1621 4523 ad
1635 4475 1698 4523 Plra-

101 4560 156 4595 rum
172 4544 214 4604 (el
226 4544 341 4606 Fonuri)
357 4545 503 4607 appulerunt
516 4545 622 4607 indeque
632 4546 658 4595 in
671 4545 758 4595 urbem
781 4544 927 4606 irrumpunt.
942 4544 1008 4592 Dum
1026 4544 1062 4593 sio
1081 4540 1199 4591 classiarii
1217 4554 1261 4605 per
1274 4542 1361 4592 urbem
1373 4541 1545 4605 disperguntur
1563 4544 1588 4591 et
1607 4541 1698 4604 praedm

100 4613 255 4666 corradendae
265 4613 355 4663 intenti
368 4617 434 4671 sunt.
451 4614 529 4676 maior
540 4628 597 4679 pars
610 4616 710 4664 narium
721 4615 851 4675 ltolarum,
865 4628 928 4677 quas
944 4613 1085 4676 singulatim
1099 4611 1221 4662 Barbarus
1236 4616 1357 4674 recenset,
1371 4612 1446 4662 saluti
1465 4624 1516 4661 soce
1532 4609 1696 4669 consulentes,

101 4690 171 4749 rupte
184 4685 271 4735 σείσειε
285 4686 384 4747 portum
399 4684 549 4747 relinquunt.
565 4678 604 4733 ci.
621 4686 711 4743 Duces,
722 4697 747 4746 p.
762 4686 816 4742 nso,
834 4688 861 4731 ts
875 4701 881 4731 ι
894 4684 941 4733 Καὶ
954 4684 999 4746 γὰρ
1013 4684 1087 4732 εἶκαὶ
1105 4683 1138 4745 μὴ
1154 4683 1299 4745 ἠσχολοῦντο
1313 4684 1344 4731 τὰ
1359 4684 1433 4732 πλοῖα
1444 4687 1486 4731 τοῦ
1501 4680 1611 4742 τυράννου
1623 4678 1648 4729 έν
1668 4686 1697 4743 τῇ

100 4756 186 4819 πραίδα
199 4756 241 4803 καὶ
254 4758 289 4815 τῷ
303 4754 402 4813 coulpe
412 4760 454 4813 τῆς
465 4753 569 4816 πόλεως,
583 4754 625 4802 οὐκ
635 4755 665 4802 ἂν
675 4755 745 4814 ἐρέθη
757 4754 799 4813 μία
808 4753 848 4800 καὶ
861 4752 940 4815 μόνον.
961 4752 1021 4801 Ἀλλ’
1031 4754 1053 4801 oi
1066 4754 1166 4815 Τούρκοι
1179 4752 1271 4814 &pirric
1283 4753 1313 4801 τὰ
1326 4755 1399 4802 πλοῖα
1411 4750 1495 4805 πάντες
1503 4750 1566 4799 ίνδον
1574 4750 1645 4810 ἦσαν,
1655 4752 1697 4799 καὶ

100 4829 122 4875 οἰ
134 4830 231 4875 Λατῖνοι
244 4824 324 4872 ἄδειαν
340 4822 443 4885 εὑρόντες
454 4825 579 4887 ἐξήρχοντο
592 4828 635 4872 τοῦ
644 4824 743 4883 λιμένος.
758 4821 848 4872 Eadem
858 4822 909 4872 tere
921 4820 1129 4885 chaloooondylas
1142 4834 1167 4886 p.
1184 4823 1240 4876 iilo.
1260 4827 1281 4872 t.
1297 4822 1368 4872 llaud
1383 4824 1450 4870 recte
1463 4818 1539 4882 igitur
1555 4817 1697 4869 critobulus

102 4895 177 4945 llalos
193 4893 229 4943 ait
241 4892 370 4957 βιάσασθαι
380 4890 484 4943 classem
497 4894 648 4953 lurcorum,
660 4894 733 4955 rupte
741 4894 827 4942 catena
837 4892 862 4941 in
877 4895 977 4955 portum
986 4892 1129 4953 ingressam.
1146 4887 1254 4951 notique
1268 4887 1412 4939 narrationis
1429 4886 1490 4936 tides
1502 4888 1530 4935 ut
1543 4888 1694 4946 servaretur,

101 4962 259 5012 statuendum
277 4962 356 5023 loret,
376 4964 507 5025 postquam
525 4961 580 5012 ltali
598 4962 762 5011 discesserant
776 4966 802 5012 et
814 4962 916 5013 Turcia
935 4963 1018 5013 tribus¹
1035 4962 1085 5027 jam
1103 4959 1257 5023 partibus'ln
1273 4959 1360 5009 urbem
1376 4960 1577 5023 penetraverant.
1595 4960 1695 5021 portum

101 5033 182 5083 denuo
194 5036 281 5082 catena
294 5034 407 5084 clausum
422 5046 477 5084 esse
489 5036 515 5085 et
526 5035 580 5082 tum
594 5033 697 5083 demum
710 5033 874 5095 cbamuram,
890 5032 1065 5099 el'ropontide
1074 5034 1100 5083 et
1110 5030 1261 5082 meridionali
1276 5030 1345 5080 urbis
1361 5033 1430 5092 parte
1444 5028 1573 5089 reducem,
1595 5028 1620 5077 ln
1639 5042 1697 5091 por·

103 5108 154 5152 tum
170 5102 295 5166 irrupisse.
312 5104 384 5161 Quod
397 5116 472 5166 quam
491 5104 616 5167 probabile
630 5104 678 5164 sit,
690 5106 719 5153 tu
730 5103 824 5155 rideas.
844 5106 855 5168 ΙΙ
872 5131 902 5142 -
912 5112 963 5163 ταῖς
980 5108 1111 5169 βασιλικαῖς
1122 5100 1219 5167 nitore]
1230 5104 1330 5152 Portam
1343 5101 1406 5150 hanc
1419 5100 1483 5150 intra
1494 5102 1606 5151 catenam
1621 5100 1696 5151 luisse

102 5188 115 5223 e
131 5173 257 5223 Critobulo
268 5173 406 5238 colligitur3
416 5174 483 5224 baud
499 5175 569 5239 longe
587 5175 619 5224 ab
633 5188 664 5225 ea
678 5175 753 5225 ἰυίεεο
768 5176 799 5225 ad
815 5176 894 5240 ἰρειειιι
910 5179 997 5240 portus
1014 5175 1142 5226 introitum
1152 5174 1254 5237 liquete
1273 5172 1392 5222 Pbruntee
1408 5183 1432 5235 p.
1448 5175 1502 5233 254,
1514 5170 1557 5223 ubi
1568 5174 1696 5236 postquam

193 5272 335 5310 επισιεειιτε
352 5274 447 5311 nrsron.
464 5274 544 5311 onnc.
561 5275 618 5311 rou.
636 5276 662 5312 r.
1529 5260 1542 5303 ⁷
