3809 5859
203 352 231 432 vj
933 358 1149 419 PRAEFATIO.

205 484 358 580 praebeat
385 484 656 556 adminiculum.
685 490 711 555 E
729 486 849 557 Prisco
868 502 904 557 et
925 486 1081 558 Eusebio
1100 514 1179 585 quae
1201 489 1416 580 afferuntur,
1434 516 1476 561 ea
1503 516 1595 562 nova
1616 519 1745 591 prorsus

203 606 323 678 dicere
340 606 436 679 licet.
453 610 600 681 loannis
620 608 833 681 antiocheni
854 610 1050 707 fragmenta
1065 612 1112 683 de
1127 611 1235 684 rebus
1248 615 1401 685 Zenonis
1419 629 1454 686 et
1470 617 1639 686 Anastasii
1650 617 1746 716 impe·

204 744 383 822 ratarum,
398 754 440 801 ex
462 733 608 829 optimis
632 732 793 803 fontibus
814 734 922 805 ducta
940 749 1024 805 sunt
1052 757 1118 803 nec
1137 758 1253 831 pauca
1276 733 1412 811 babent
1433 759 1562 832 parum
1582 735 1748 835 hucusque

202 855 363 949 cognita,
380 855 417 925 in
435 854 504 925 illis
523 858 720 953 praesertim
738 882 816 954 quae
835 872 918 927 sunt
932 857 979 928 de
997 856 1099 927 bellis
1123 857 1280 928 Isaurico
1301 870 1337 927 et
1357 857 1545 929 Vitaliano.
1567 863 1676 929 Homo
1693 886 1749 930 no-

202 1000 269 1046 vus
283 991 318 1046 et
335 991 440 1048 antea
459 1001 504 1048 ne
520 980 667 1050 nomine
682 982 828 1076 quidem
844 995 950 1052 notus
968 980 1134 1078 procedit
1151 979 1375 1067 Critobulus,
1387 981 1450 1077 qui
1463 985 1605 1051 Graecus
1623 983 1754 1052 natione

202 1125 224 1170 a
239 1103 358 1172 Turcis
373 1102 494 1174 Imbro
509 1103 712 1202 praefectus,
734 1129 791 1176 res
806 1106 1036 1177 Mechemetis
1051 1104 1207 1175 scribere
1220 1120 1257 1175 et
1270 1105 1337 1203 ipsi
1351 1110 1550 1176 Turcorum
1562 1105 1754 1202 imperatori

202 1246 293 1320 opus
312 1224 477 1295 dedicare
495 1250 619 1319 ausus,
640 1228 854 1325 singularem
877 1230 972 1299 inter
994 1253 1133 1299 coaevos
1150 1228 1343 1299 historicos
1368 1228 1490 1299 locum
1513 1225 1661 1297 obtinet.
1684 1231 1755 1298 Non

202 1371 416 1419 noveramus
442 1350 511 1421 nisi
538 1354 676 1422 Ducam
698 1366 733 1423 et
757 1352 968 1423 Phrantzem
987 1369 1023 1425 et
1048 1352 1408 1447 Chalcocondylam,
1421 1374 1617 1446 graecorum
1635 1352 1756 1447 princi·

201 1494 290 1567 pum
315 1471 496 1544 ministros
521 1487 557 1544 et
582 1476 739 1546 nominis
764 1475 903 1546 Turcici
928 1499 1051 1546 osores
1070 1475 1301 1546 acerbissimi.
1331 1478 1482 1545 Gratum
1508 1473 1616 1569 igitur
1641 1486 1759 1570 presto

196 1590 273 1685 jam
291 1592 414 1664 adesse
438 1596 544 1666 etiarn
563 1595 775 1668 historicum
795 1622 837 1668 ex
862 1597 1149 1669 adversariorum
1171 1599 1295 1669 castris
1317 1597 1540 1695 profectum,
1560 1619 1667 1691 quem
1685 1594 1758 1666 licet

202 1714 378 1788 fateamur
396 1718 501 1814 longe
518 1718 641 1790 abesse
657 1735 697 1791 ut
720 1719 839 1792 studio
858 1720 950 1791 liber
967 1736 1088 1819 partes
1111 1747 1193 1793 suas
1208 1723 1277 1793 rite
1295 1720 1507 1819 expleverit,
1524 1744 1632 1790 nemo
1650 1731 1760 1789 tamen

201 1840 383 1935 negaverit
401 1842 578 1939 permulta
597 1840 703 1912 abeo
723 1843 941 1941 suppeditari
958 1843 1005 1913 ab
1022 1842 1094 1914 alio
1110 1843 1210 1914 nullo
1231 1842 1375 1941 prodita
1394 1855 1430 1912 et
1447 1865 1527 1937 quae
1545 1839 1592 1911 ad
1614 1840 1760 1937 penitio·

200 1986 277 2033 rem
297 1988 418 2034 rerum
431 1980 510 2035 tum
524 1966 698 2062 temporis
713 1980 890 2061 gestarum
903 1966 1175 2062 intelligentiam
1189 1965 1287 2037 haud
1301 1964 1388 2036 levis
1402 1964 1578 2034 momenti
1593 1964 1676 2033 sint.
1692 1967 1763 2032 Huc

202 2088 341 2159 accedit
355 2089 454 2186 quod
470 2090 643 2161 orationis
660 2092 791 2161 virtute
806 2090 1011 2163 Critobulus
1025 2108 1162 2163 ceteros
1176 2093 1252 2187 ejus
1264 2090 1374 2161 aetatis
1387 2078 1580 2186 scriptores
1593 2086 1697 2182 longe
1710 2112 1762 2157 su·

202 2225 307 2307 perat
329 2226 364 2282 et
382 2213 597 2283 narrationis
614 2216 869 2311 perspicuitate
891 2230 927 2285 ct
949 2216 1076 2313 spiritu
1096 2212 1258 2311 quddam
1280 2214 1424 2311 poetico
1443 2210 1616 2283 lectorem
1631 2208 1762 2281 demul-

201 2350 270 2407 cet.
288 2338 496 2433 argumenti
510 2337 667 2435 quadam
682 2338 943 2409 necessitudine
959 2337 1128 2409 inductus
1145 2339 1247 2435 operi
1265 2338 1304 2407 in
1320 2361 1392 2433 quo
1411 2336 1546 2433 primas
1561 2348 1686 2405 tenent
1700 2332 1764 2402 fata

202 2461 552 2559 Constantinopolis,
581 2460 748 2557 subjunxi
778 2461 896 2533 Photii
915 2459 1126 2559 patriarcbae
1148 2460 1195 2531 de
1223 2461 1340 2557 prima
1365 2464 1560 2531 Rossorum
1580 2460 1620 2529 in
1648 2480 1766 2552 agrum

203 2586 432 2679 Byzantinum
448 2586 635 2656 invasione
650 2584 814 2654 homilias
835 2584 941 2672 duas,
961 2608 1050 2681 quas
1065 2608 1108 2653 ex
1126 2581 1246 2654 Atboo
1263 2582 1389 2654 codice
1407 2583 1544 2680 primus
1562 2580 1678 2653 edidit
1696 2584 1763 2651 Au·

202 2722 323 2802 gustus
339 2708 508 2781 Naukius.
531 2708 768 2805 Subsequitur
784 2732 867 2805 pars
880 2708 998 2779 media
1007 2696 1145 2805 ‘Peripli
1159 2709 1263 2778 Ponti
1278 2708 1428 2792 Euxini,
1444 2732 1555 2803 quem
1569 2726 1766 2800 anonymus

201 2832 349 2928 quidam
372 2858 413 2902 ex
435 2833 606 2930 periegesi
627 2831 779 2903 iambica
804 2846 839 2902 et
857 2833 1027 2929 Menippo
1047 2846 1083 2903 et
1104 2832 1254 2902 Arriano
1271 2831 1500 2902 concinnavit
1514 2844 1550 2900 et
1572 2830 1648 2900 suis
1662 2827 1768 2925 ipsius

202 2954 455 3025 additamentis
488 2955 645 3026 adauxit.
663 2956 745 3025 Haec
765 2970 801 3025 et
819 2969 984 3025 veterum
1003 2952 1291 3050 geographorum
1310 2952 1506 3046 fragmenta
1522 2952 1664 3045 egregia
1683 2971 1766 3046 prae·

201 3077 263 3148 bet
283 3092 318 3148 et
338 3077 484 3148 lacunas
508 3103 587 3175 quae
602 3080 639 3148 in
658 3092 783 3149 nostro
803 3079 944 3148 Arriani
967 3078 1108 3175 periplo
1129 3074 1307 3165 latebant,
1323 3075 1443 3173 explet
1456 3090 1512 3161 et,
1534 3072 1638 3169 quod
1661 3071 1766 3143 maxi-

201 3222 302 3269 mum
316 3216 385 3289 est,
407 3202 509 3271 Ponti
523 3224 594 3271 orae
608 3200 789 3271 orientalis
804 3200 1088 3298 descriptionem
1101 3199 1186 3268 satis
1200 3212 1402 3268 accuratam
1417 3195 1581 3285 exhibet,
1600 3210 1642 3265 ut
1653 3193 1771 3265 admo

200 3320 247 3389 tis
266 3322 517 3392 recentissimis
532 3320 664 3393 tabulis
679 3324 849 3413 nauticis,
870 3348 960 3419 quas
975 3323 1228 3393 Britannorum
1244 3319 1431 3391 navarcbis
1449 3317 1648 3407 debemus,
1668 3317 1770 3386 situm

200 3457 362 3515 veterum
375 3444 537 3516 locorum
553 3444 668 3517 multo
686 3448 842 3517 exactius
859 3472 968 3543 quam
991 3446 1096 3517 antea
1116 3444 1239 3515 liceret
1260 3442 1411 3513 delinire
1422 3443 1622 3539 potuerim.
1641 3445 1771 3535 Agmen

200 3566 334 3639 claudit
349 3568 477 3667 Anapli
499 3571 695 3668 anporici,
714 3595 819 3666 quem
835 3546 1030 3665 Dionysius
1047 3569 1236 3665 Byzantius
1258 3565 1444 3653 condidit,
1460 3589 1543 3662 pars
1563 3552 1766 3661 postrema,

107 3698 109 3702 ’
200 3714 242 3759 ex
255 3714 326 3786 qua
343 3704 442 3787 patet
463 3696 606 3763 Petrum
619 3692 768 3763 Gillium
783 3708 844 3763 aut
860 3716 971 3787 graeca
990 3716 1053 3762 sua
1069 3717 1143 3762 non
1163 3690 1296 3787 ubique
1311 3688 1465 3761 fideliter
1479 3686 1684 3759 reddidisse
1698 3696 1768 3768 aut,

200 3811 299 3907 quod
323 3813 465 3902 malim,
489 3814 614 3885 codice
633 3840 738 3885 usum
757 3840 834 3886 esse
853 3815 1031 3887 deteriore
1049 3829 1087 3885 et
1110 3815 1248 3886 lacunis
1266 3812 1408 3883 mutilo.
1431 3816 1625 3897 Ceterum,
1647 3822 1689 3879 ut
1707 3805 1772 3877 hoc

199 3930 352 4021 addam,
377 3933 423 4005 ad
448 3934 659 4031 explicanda
687 3936 969 4032 fragmentorum
993 3950 1201 4033 argumenta
1228 3934 1328 4006 haud
1357 3933 1577 4004 mediocrem
1608 3924 1766 4000 attulisse

201 4050 288 4123 mibi
303 4053 429 4125 videor
442 4055 680 4151 diligentiam,
697 4082 805 4156 quam
823 4061 851 4130 si
868 4074 905 4131 tu
921 4059 1021 4131 baud
1037 4059 1202 4131 inutilem
1216 4058 1325 4128 fuisse
1336 4055 1573 4153 judicaveris,
1591 4048 1770 4148 gaudebo-

199 4198 413 4292 Gorrmcn,
442 4230 548 4277 usus
578 4210 667 4278 Nov.
1132 4210 1296 4277 anonus
1322 4208 1484 4275 Maisan.

297 4330 566 4399 MDGGCLxlx.
