3809 5859
224 325 282 387 ¹40

222 457 323 515 ένοῦται
333 465 385 523 τοῖς
395 455 536 535 Ἀρμενίων
546 456 591 517 καὶ
601 459 701 530 Μήδων
710 458 797 538 ὄρεσι,
806 458 852 518 καλ
864 462 899 518 δι’
910 461 998 520 αὐτῶν

221 546 260 623 τῷ
283 543 429 624 Καυκάσῳ.
451 543 483 623 (ε)
498 545 598 605 Τοῦτόν
617 569 682 625 ροισι
703 546 827 616 διαβῆναι
847 544 890 614 ξύν
909 542 1000 613 όπλοις

222 634 324 709 πρῶτον
338 632 503 712 Ἀλέξανδρον
522 628 566 691 τάν
587 633 728 695 Μακεδόνα
749 638 806 711 μεθ’
820 634 955 711 Ἡρακλέα
970 658 999 714 γε

222 718 267 777 καλ
278 720 414 791 Διόνυσον,
423 721 620 799 στρατεύσαντα
630 720 699 781 κατὰ
709 722 820 802 Δαρείου
830 729 875 781 τοῦ
889 726 999 802 Περσῶν

223 809 352 883 βασιλέως
367 806 413 866 καλ
428 812 474 880 τῆς
488 808 550 879 θ’λης
565 808 665 881 Ἀσίας,
678 808 724 868 καί
742 812 799 885 μετ’
812 812 908 869 ἐκεῖνον
928 800 1001 875 αὐθις

222 894 291 969 μετά
303 892 446 971 Ῥωμαίων
460 895 569 971 Μάγνον
587 896 738 973 Πομπήιον.
751 896 835 968 Διέόη
844 897 871 955 δέ
883 899 933 955 κοίν
944 904 999 965 τοῖς

224 982 361 1059 ἡμετέροις
374 982 476 1063 χρόνοις
490 982 556 1061 (καὶ)
569 984 680 1062 Τόμιρις
692 989 706 1043 ὑ
718 986 901 1064 Μασσαγετῶν
914 1007 944 1043 τε
954 984 1000 1043 καὶ

224 1074 333 1131 Σκυθῶν
351 1071 491 1147 βασιλεὺς,
505 1072 584 1144 ἡνίκα
605 1072 676 1131 κατά
696 1073 857 1142 Μαῖαζήτεω
870 1079 916 1132 τοῦ
934 1094 1001 1151 προ-

221 1160 298 1237 γόνου
311 1165 357 1218 τοῦ
373 1159 501 1237 βασιλέως
521 1160 678 1238 ἐστράτευσε
693 1158 736 1227 ξύν
747 1160 836 1225 ὅπλοις
851 1160 899 1234 μέν
912 1184 940 1238 γε
952 1163 999 1218 καί

222 1256 348 1328 στρατιᾷ,
365 1248 434 1307 ἀλλά
447 1252 498 1306 τῶν
508 1249 631 1327 παρόδων
641 1248 717 1315 αὐτὸς
726 1251 830 1327 κρατῶν
842 1250 872 1307 ἐκ
882 1250 997 1320 πολλοῦ,

221 1338 267 1395 καλ
293 1338 336 1395 διὰ
363 1336 450 1416 ριλίας
471 1340 517 1407 τῆς
547 1338 628 1395 αὐτοῦ
650 1338 837 1413 πορευόμενος.
859 1334 998 1395 Διαόαίνει

221 1424 369 1484 τοῦτονκαὶ
381 1430 425 1482 νῦν
437 1428 451 1484 θ
464 1422 586 1502 βασιλεὺς
596 1424 764 1502 Μεχεμίτης,
775 1424 843 1483 ἀλλά
854 1421 897 1491 ξὺν
908 1423 999 1492 ὅπλοις

222 1513 267 1573 καλ
282 1514 405 1592 πολέμῳ,
419 1512 503 1591 τρίτος
517 1515 563 1571 ἀπ’
576 1512 758 1591 Ἀλεξάνδρου,
769 1512 836 1586 μετά
848 1510 999 1589 Ῥωμαίους

221 1626 251 1661 τε
264 1605 309 1663 καλ
330 1600 483 1676 Πομπήιον.
500 1602 531 1677 [ι]
542 1598 671 1671 Χασάνης
682 1591 778 1679 γὰρηῆ
793 1602 905 1680 πρόσθεν
920 1599 998 1681 ἔρην,

222 1689 366 1768 ἐπιγαμίαν
385 1688 454 1768 έχων
475 1692 514 1769 τῷ
529 1689 634 1767 βασιλεῖ
655 1691 852 1767 Τραπεζοῦντος
872 1688 917 1747 καλ
936 1689 1000 1765 ξυμ·

223 1784 320 1858 μαχεῑν
334 1779 491 1857 βουλόμενος
504 1776 602 1857 τούτῳ,
613 1776 700 1843 άλλως
712 1776 740 1834 δὲ
753 1776 798 1835 καλ
810 1780 999 1854 Τραπεζοῦντα

224 1869 324 1945 μᾶλλον
340 1866 416 1930 αὐτὸς
430 1864 611 1946 ὑπαγαγέσθαι
632 1865 788 1943 βουλόμενος
805 1865 849 1923 καὶ
869 1865 999 1937 ἐλπίζων,

222 1958 313 2028 ἐπειδὴ
326 1955 374 2025 τὴν
386 1954 445 2013 κατ’
455 1956 535 2025 αὐτῆς
550 1952 640 2034 ἔροδον
655 1953 722 2031 ἔγνω
735 1959 781 2012 τοῦ
796 1953 940 2031 βασιλέως,
955 1954 1000 2013 δύ-

224 2068 302 2123 ναμιν
316 2043 439 2121 ἀθροίσας
452 2032 515 2113 ἧκεν
537 2044 562 2109 ἐς
575 2040 622 2109 τδς
636 2042 781 2121 παρόδους,
797 2032 881 2121 εἷρξαι
903 2042 1000 2121 βουλό·

223 2156 299 2211 μενος
316 2132 361 2190 τδν
386 2127 498 2209 βασιλέα
525 2134 573 2201 τῆς
598 2128 753 2195 διαδόσεως.
769 2132 805 2208 (ο)
823 2130 951 2199 Βασιλεὺς
972 2130 1000 2189 δέ

222 2227 299 2280 τοῦτο
313 2218 421 2297 μαθὼν,
435 2220 533 2276 ἐκεῖνον
549 2215 596 2295 μέν
618 2220 698 2277 αὐτοῦ
718 2218 785 2291 μετά
806 2222 852 2288 τῆς
875 2230 999 2298 στρατιᾶς

221 2312 302 2368 αὐτοῦ
326 2308 429 2387 χαίρειν
457 2307 560 2377 είαοεν,
578 2307 654 2372 αὐτὸς
671 2306 698 2364 δέ
716 2306 800 2377 ἄλλην
820 2306 879 2365 ὑδδν
902 2306 998 2385 άτριόῆ

222 2400 267 2458 καὶ
288 2397 413 2476 τραχεῖαν
427 2396 474 2452 καὶ
497 2394 584 2467 πάντη
603 2394 732 2474 δύσπορον
747 2396 794 2453 καὶ
815 2394 912 2468 ἀνάντη
938 2394 998 2455 εύθύ

222 2486 350 2568 ρίρουοαν
378 2482 606 2562 ’[ιγρανοκέρτων.
624 2486 677 2542 τῶν
703 2482 844 2561 βασιλείων
865 2484 998 2544 Χασάνεω

223 2581 315 2653 ἔτεμε·
336 2574 382 2634 καλ
405 2580 508 2653 πρῶτον
532 2573 579 2648 μέν
603 2575 729 2650 στρατιάν
750 2572 844 2646 ἱκανὴν
863 2572 1000 2655 ἐκπέμψας

222 2664 340 2735 εὐζώνων
354 2686 383 2721 τε
397 2663 443 2722 καὶ
456 2662 557 2742 κούρως
579 2662 753 2739 ὡπλισμένων
768 2664 868 2739 ἀνδρῶν
888 2661 999 2731 τοξοτῶν

222 2751 321 2811 τε“καλ
344 2754 501 2809 πελταστῶν
522 2750 589 2825 μετὰ
613 2750 814 2829 Μαχουμούτεω
837 2755 883 2808 τού
914 2751 999 2809 πτοία

179 2876 183 2885 -
223 2840 389 2921 προκατέσχε
412 2836 470 2905 τούς
494 2838 710 2916 ἐπικαιροτάτους
726 2840 779 2895 τῶν
804 2837 890 2919 λόγων
913 2838 948 2895 τά
971 2860 1000 2896 τε

222 2928 299 2990 ατενά
314 2928 360 2988 καὶ
375 2925 556 2997 δυσδιεξίτητα
570 2931 622 2986 τῶν
638 2928 760 3005 παρόδων
772 2926 818 2985 καλ
829 2926 877 2994 τθς
892 2928 999 3005 δυσχω-

223 3016 280 3096 ρίας
300 3016 417 3081 ἁπάσας.
440 3014 472 3091 (ε)
489 3014 567 3073 Μετὰ
585 3014 613 3072 δέ
633 3015 677 3073 καλ
694 3012 785 3093 ψιλοὺς
807 3014 901 3092 ἄνδρας
915 3012 955 3071 δτι
969 3036 999 3091 γε

222 3105 360 3172 πλείστους
369 3102 500 3180 ἐκπέμπει
507 3104 699 3178 ὑλοτομοῦντάς
709 3126 736 3161 τε
746 3103 793 3161 καὶ
802 3101 1000 3179 ἐξομαλίζοντσς

222 3194 300 3253 τότε
325 3192 428 3271 σκληρά
445 3192 491 3251 καλ
509 3192 624 3262 δυσάντη
644 3193 677 3249 τά
700 3214 730 3249 τε
754 3191 835 3249 δασέα
859 3192 903 3249 καί
918 3193 999 3251 λάσια

222 3285 274 3341 τῶν
296 3281 402 3361 χωρίων
420 3279 466 3338 καὶ
478 3282 615 3357 δρυμῶνας
624 3279 669 3339 καὶ
680 3279 798 3358 λόχμας,
812 3279 845 3337 δι’
854 3270 891 3338 ῶν
903 3278 999 3357 ἐμελλε

222 3374 352 3428 ποιεῖσθαι
363 3366 411 3438 τὴν
424 3368 548 3444 πάροδον,
559 3363 699 3446 εὐρυτέραν
710 3390 740 3424 τε
754 3370 826 3446 αὐτῷ
840 3368 886 3426 καὶ
899 3368 1013 3437 λειοτέ·Ι

223 3480 269 3535 ραν
289 3454 531 3523 κατασκευάζοντας
546 3454 594 3524 τὴν
618 3454 748 3513 διάόασιν.
765 3454 799 3533 (7)
811 3456 852 3515 Τδ
872 3456 922 3535 γάρ
941 3455 1000 3533 όρος

223 3550 300 3604 τοῦτο
311 3548 325 3603 θ
339 3548 442 3621 Ταῦρος
452 3534 486 3608 εἷς
499 3542 546 3617 μὲν
557 3542 660 3619 λέγεται
671 3534 747 3616 εἶναι,
756 3547 812 3624 ἔχει
819 3545 846 3603 δὲ
854 3543 903 3623 ὄρη
911 3544 999 3603 πολλδι

222 3633 249 3689 ἐν
261 3633 346 3709 ἐαυτῷ
356 3628 521 3688 δυσδιάόατά
532 3652 561 3688 τε
572 3630 618 3688 καὶ
633 3630 812 3701 δυαδιεξίτητα
827 3634 873 3690 καλ
884 3631 999 3714 κορυρδις

223 3724 374 3799 ὑπερνερεῖς
392 3741 420 3777 τε
434 3718 480 3777 καὶ
494 3716 637 3788 ἠλιόάτους
651 3717 697 3777 καί
707 3718 807 3796 πάγους
820 3720 1001 3799 θπερυψάλους

222 3808 268 3866 καλ
275 3806 424 3883 ἀποτόμους
429 3808 474 3865 καὶ
482 3806 620 3887 φάραγγας
627 3806 734 3885 βαθείας
742 3830 769 3865 τε
779 3806 825 3865 καλ
834 3807 976 3886 κρημνόιδε

223 3895 270 3953 καὶ
282 3895 426 3963 σκοπέλους
439 3896 485 3954 καλ
495 3895 692 3975 δυσχωρίαςκαλ
704 3897 806 3974 λόχμας
817 3896 863 3954 καλ
877 3896 999 3976 βάραθρα

225 3984 324 4053 ἀνάντη
345 4008 372 4041 τε
396 3984 441 4043 καὶ
467 3983 601 4061 κατάντη,
616 3983 731 4053 δυσάντη
752 3984 843 4042 τεκαὶ
863 3985 1000 4063 προσάντη

223 4070 353 4142 πολλά,δι
372 4072 458 4130 πάντα
475 4072 674 4143 δυσκολωτάτην
686 4095 716 4131 τε
729 4072 775 4131 καί
788 4072 1001 4152 δυσχερεστάτην

224 4157 269 4214 καὶ
281 4156 339 4213 λίαν
355 4156 477 4216 ἐπίπονόν
488 4182 516 4215 τε
535 4157 579 4215 καὶ
593 4158 737 4230 κινδυνώδη
749 4167 861 4217 ποιεῖται
877 4157 924 4229 τὴν
936 4160 1000 4217 διά-

224 4245 314 4305 θασιν·
328 4247 361 4320 (ε)
374 4246 404 4303 τὸ
415 4244 443 4303 δέ
453 4244 486 4315 δὴ
499 4250 585 4321 μεῖξον
597 4245 636 4304 ότι
648 4247 693 4305 καί
705 4248 809 4306 πολλῶν
823 4251 929 4327 ἡμερῶν
943 4248 1001 4315 ὑδδς

223 4332 300 4405 ἡδιδι
314 4337 366 4390 τῶν
381 4332 503 4391 τοιούτων
525 4357 553 4392 τε
577 4333 622 4394 καλ
643 4340 773 4395 τοσούτων
799 4338 956 4416 δυοχερειῶν
971 4360 1000 4395 τε

223 4423 267 4481 καὶ
282 4423 391 4479 ἀνυδιῶν
404 4422 535 4500 φέρουσα,
553 4422 585 4493 ἢν
599 4422 673 4496 μόλις
688 4422 777 4498 ἄνδρες
791 4426 896 4501 κούρως
914 4424 1001 4481 όιπλι-

223 4509 316 4585 αμένοι
328 4508 372 4568 καὶ
386 4511 519 4575 εὐσταλεῖς
535 4510 580 4567 καὶ
594 4500 664 4568 οὐτοί
675 4532 705 4586 γε
722 4508 754 4580 δέ,
770 4509 814 4575 ξύν
827 4508 899 4591 πόνῳ
911 4512 1001 4590 πολλῷ

653 326 854 390 CRITOBULI
876 326 1140 389 HISTORlARUM
1162 326 1236 390 ΜΒ.
1259 326 1307 399 IV,
1329 329 1395 385 4-7.

1053 458 1171 518 διαόαῖιν
1185 458 1216 517 ἂν
1232 461 1259 518 ἐν
1273 456 1342 517 ὀκτὼ
1356 457 1402 517 καί
1418 458 1482 516 δέκα
1496 464 1556 523 ταῖς
1571 454 1654 521 θ’λαες
1666 454 1835 531 ἡμέραις-,μὶ

1053 546 1093 606 ότι
1111 570 1140 624 γε
1163 545 1276 623 ’στρατιὰ
1294 544 1409 613 τοσαύτη
1432 544 1531 616 ἱππική
1550 540 1653 601 τεκαὶ
1676 542 1775 609 πεζικὴ
1792 550 1836 615 μθ

1053 634 1141 695 ὅπλων
1156 657 1184 691 τε
1207 635 1301 712 βάρους
1322 633 1367 692 καλ
1386 636 1535 703 ἀποσκευῆς
1559 632 1630 702 θ’σης
1656 628 1717 688 οὐδ’
1734 630 1765 686 διν
1785 634 1838 689 εἶτα.

1052 748 1107 795 τις,
1120 723 1159 781 ἔτι
1173 723 1200 781 δὲ
1215 720 1305 781 ἵππων
1321 745 1350 781 τε
1365 722 1410 781 καλ
1423 714 1577 799 ὑποζυγίων
1590 720 1644 779 καὶ
1658 720 1794 794 καμήλων
1807 725 1838 777 καί

1053 812 1168 886 ἡμιόνων
1184 810 1291 869 πάντων
1305 807 1520 890 ἀχθοφορούντων
1535 810 1606 869 πολύ
1622 832 1655 866 τι
1670 812 1785 886 χρῖμα·
1797 812 1838 865 {13¹

1052 900 1125 975 ὅμως
1135 906 1218 959 ταῦτα
1232 899 1320 958 πάντα
1335 898 1399 977 παρ’
1413 898 1485 957 οὐδέν
1499 896 1614 974 θέμενος
1628 900 1645 954 ὑ
1660 895 1793 975 βασιλεύς
1802 898 1840 954 δεε-

1054 987 1152 1047 όαίνειν
1165 990 1299 1066 ἐπειρᾶτο.
1314 986 1346 1067 [9)
1361 986 1493 1055 Ἐκτάξας
1506 978 1551 1046 οὐιι
1567 988 1670 1049 καλῶς
1685 983 1738 1042 καί
1750 986 1840 1045 &xlia-

1054 1085 1143 1135 πᾶσαν
1165 1078 1212 1145 πλν
1234 1074 1359 1155 στρατιάν
1374 1074 1546 1148 διέόαινε,τδ
1567 1074 1620 1152 μέν
1647 1072 1737 1141 πεζὸν
1758 1073 1840 1148 ἔμπα

1054 1170 1112 1223 σθεν
1128 1164 1172 1223 ίπὶ
1193 1162 1276 1242 κέρως
1297 1163 1364 1242 έχων
1379 1164 1420 1223 ἀεὶ
1439 1160 1695 1244 πορευόμενον,τά
1713 1183 1841 1237 σκευτρτρτ

1053 1252 1113 1310 δ’ἐν
1130 1257 1167 1338 τῷ
1181 1253 1269 1331 μέσιρ,
1285 1250 1332 1323 τὴν
1345 1252 1373 1310 δὲ
1384 1250 1465 1311 ίππον
1479 1251 1590 1311 ὄπισθεν
1605 1249 1701 1317 τάξας
1717 1248 1766 1315 ξὺν
1781 1251 1842 1325 οὐρα-

1056 1349 1111 1419 γοῖς
1125 1364 1153 1400 τε
1168 1341 1213 1399 καὶ
1230 1339 1442 1421 δπιοθορύλαξιν·
1460 1339 1536 1405 αὐτὸς
1551 1340 1637 1399 δὲτὸ
1652 1338 1745 1413 μέσον
1761 1339 1842 1413 ἐπέχει

1053 1434 1099 1488 τοῦ
1111 1432 1190 1496 πεζοῦ
1207 1426 1250 1497 ξὺν
1267 1426 1364 1507 ὀλίγοις
1376 1426 1513 1503 ἱππόταις,
1528 1428 1596 1485 ὅταν
1613 1427 1673 1502 μέν
1689 1430 1721 1485 ἐν
1737 1448 1843 1485 etm-

1055 1541 1106 1599 ροις
1129 1517 1273 1587 διέόαινεν,
1286 1517 1310 1583 ἐς
1330 1514 1374 1584 dih
1394 1516 1424 1573 τδ
1444 1514 1524 1595 κέρας
1544 1515 1756 1585 ξυνέστελλεν·
1768 1514 1837 1571 ἔστ.Λ

1056 1608 1096 1666 ότε
1114 1606 1159 1665 καί
1174 1605 1330 1679 μετωπηδὸν
1346 1603 1390 1663 ε’πλ
1405 1603 1488 1682 κέρως
1501 1604 1616 1684 προῄει·
1639 1606 1698 1681 (10]
1715 1602 1764 1661 ότι
1782 1605 1845 1661 3¹1&-

1057 1694 1165 1775 ρυτέρας
1177 1694 1305 1773 ἐτύγχανε
1316 1698 1363 1765 τῆς
1376 1694 1477 1765 διόδου,
1490 1693 1562 1751 κατά
1580 1693 1691 1773 μικρὸν
1708 1690 1845 1751 ἀνέπτυεττ

1055 1785 1086 1844 τδ
1112 1784 1190 1861 κέρας
1210 1785 1235 1849 ἐς
1259 1782 1382 1863 φάλαγγα
1409 1782 1453 1839 καὶ
1483 1781 1551 1841 κατδι
1585 1783 1728 1858 μέτωπον
1756 1772 1845 1857 ἦγενὲν

1055 1870 1189 1951 πλαισίῳ,
1204 1870 1272 1950 ἔχων
1288 1870 1334 1929 καλ
1348 1868 1407 1936 τούς
1419 1868 1445 1939 ἐξ
1456 1869 1585 1949 ἑκατέρου
1602 1870 1714 1948 μέρους
1728 1874 1783 1929 τῶν
1793 1874 1847 1927 πλι-

1057 1959 1121 2037 γίων
1144 1958 1260 2027 ξυντάξει
1278 1956 1418 2036 προϊόντας
1440 1960 1620 2032 μετωπηδὸν,
1635 1956 1757 2024 τοξότας
1771 1980 1798 2013 τε
1813 1982 1844 2013 ττι

1055 2048 1181 2120 ὁπλίτας,
1195 2046 1254 2113 τούς
1271 2044 1319 2125 μέν
1340 2044 1373 2105 τά
1395 2045 1456 2114 τόξα
1476 2046 1520 2105 δεδι
1534 2045 1631 2125 χειρὸς
1654 2045 1775 2123 ἔχοντας
1790 2046 1846 2101 ἐντι-

1058 2136 1182 2213 ταμμένα
1202 2144 1259 2201 ταῖς
1282 2141 1383 2213 νευραῖς
1406 2133 1449 2200 ξύν
1468 2138 1522 2201 τοῖς
1545 2134 1666 2213 βέλεσι,
1684 2134 1733 2193 καὶ
1755 2134 1846 2196 τούτοις

1055 2224 1166 2291 έναλλάξ
1181 2233 1234 2291 τοῖς
1256 2224 1373 2302 μέρεσιν,
1389 2223 1447 2287 τούς
1464 2222 1512 2298 μέν
1528 2226 1690 2303 ἀριστερῶς
1709 2222 1845 2302 βάλλοντας

1055 2312 1098 2371 ίπὶ
1112 2311 1145 2370 τά
1159 2310 1245 2381 δεξιὰ,
1257 2310 1315 2377 τούς
1332 2308 1417 2377 δεξιῶς
1432 2309 1453 2366 δ’
1465 2308 1508 2368 ἐπὶ
1522 2308 1556 2367 τδι
1574 2312 1729 2387 ἀριστερά,
1748 2308 1806 2375 τρίς
1820 2312 1841 2367 δε

1056 2401 1165 2467 θπλίτας
1176 2399 1210 2458 τά
1223 2399 1320 2476 δόρατα
1332 2400 1455 2478 φέροντας
1467 2396 1510 2455 ἐπὶ
1523 2403 1578 2456 τῶν
1595 2396 1684 2475 όιμων
1693 2400 1735 2457 καί
1752 2399 1844 2474 περιά-

1055 2512 1148 2562 γοντας
1167 2490 1208 2548 ἀεὶ
1232 2487 1302 2545 ἔνθεν
1321 2490 1442 2544 κάκεῖθεν
1462 2484 1507 2545 καὶ
1533 2486 1697 2551 πάλλοντες.
1714 2484 1762 2565 βε]
1786 2486 1842 2545 Καὶ

1056 2578 1157 2657 ἡμέρας
1171 2574 1219 2652 μέν
1233 2573 1301 2633 ούτυι
1314 2572 1469 2653 ἐπορεύετο,
1483 2574 1579 2641 νυκτδς
1593 2574 1623 2632 δὲ
1639 2572 1841 2651 στρατοπεδευό-

1057 2688 1132 2744 μενος
1146 2665 1218 2744 πυρά
1238 2687 1266 2722 τε
1280 2662 1366 2722 πολλὰ
1380 2662 1453 2721 ἔκαιε
1467 2664 1518 2742 πρὸ
1533 2668 1580 2721 τοῦ
1597 2663 1779 2742 στρατοπέδω
1798 2686 1842 2738 μι-

1055 2753 1116 2832 κρὸν
1130 2751 1259 2831 ἀπωτέρω
1271 2750 1316 2809 καλ
1329 2748 1446 2827 ρυλακάς
1454 2740 1523 2829 εἶχεν
1534 2749 1650 2830 ἰσχυράς
1663 2752 1693 2807 ἐν
1704 2752 1793 2829 κύκλερ
1802 2752 1841 2807 καί

1055 2839 1167 2905 σκοποὺς
1196 2836 1308 2917 συχνούς
1330 2836 1496 2915 πανταχόθεν
1521 2838 1567 2897 καὶ
1593 2838 1783 2917 προδρόμαας,
1804 2836 1839 2903 ιθς

1055 2926 1160 2986 ἐταττεν
1182 2918 1285 3004 ἡμέρας
1307 2926 1332 2982 ἐν
1353 2924 1405 2991 τοῖς
1427 2924 1641 3004 ἐπικαιροτάτοις
1657 2930 1714 2983 τῶν
1731 2925 1834 3004 χωῷωι,

1054 3015 1182 3073 πάντοθεν
1198 3012 1405 3093 ἀσφαλιζόμενος
1419 3011 1449 3069 τδ
1463 3013 1658 3090 στρατόπεδον.
1714 3020 1717 3027 ’

1093 3103 1127 3161 V.
1151 3102 1199 3163 ’Ev
1211 3104 1310 3167 τούτοις
1326 3100 1352 3159 δὲ
1372 3100 1418 3159 καί
1432 3124 1457 3159 τι
1472 3098 1567 3171 ξυνέόη
1589 3104 1771 3181 παράλογον,
1785 3102 1837 3176 ὅπερ

1056 3193 1084 3251 οὐ
1100 3194 1200 3270 μικρῶς
1212 3191 1305 3261 ἠνίασε
1324 3188 1367 3249 τόν
1390 3212 1419 3247 τε
1438 3190 1551 3267 βασιλέα
1565 3190 1613 3251 καλ
1638 3189 1705 3257 τούς
1726 3194 1753 3248 ἐν
1777 3190 1837 3247 τέλει

1055 3278 1101 3336 καὶ
1121 3286 1209 3337 πᾶσαν
1229 3278 1276 3351 τὴν
1300 3277 1435 3355 στρατιάν.
1456 3276 1568 3355 Ἐχθρὸς
1583 3279 1638 3357 γάρ
1653 3302 1697 3345 τις
1717 3276 1785 3355 α’νὴρ
1798 3278 1835 3333 καὶ

1057 3367 1162 3433 δύσνους
1181 3366 1226 3425 καί
1240 3366 1385 3445 βάσκανος,
1401 3364 1587 3439 μηδενδςθλως
1600 3367 1675 3446 ἔχων
1692 3369 1834 3437 αἰτεῖσθαι,

1056 3458 1157 3532 μᾶλλον
1181 3457 1229 3531 μὲν
1250 3444 1294 3513 οὐν
1318 3453 1365 3513 καὶ
1389 3453 1568 3533 προσοφείλων
1591 3455 1727 3535 χάριτας,
1745 3455 1834 3533 ἷδίτρδί

1057 3544 1134 3619 μόνον
1151 3542 1283 3623 βασκανίαΙ
1298 3541 1344 3599 καὶ
1357 3536 1502 3621 κακουργία
1516 3542 1673 3617 κινούμενος
1686 3541 1835 3600 ἐπεβούλευε

1057 3632 1245 3711 Μαχουμούτει
1263 3635 1301 3708 τῷ
1320 3628 1416 3709 παοίορ.
1436 3628 1469 3707 (3)
1489 3629 1658 3709 Δραξοίμενος
1682 3619 1729 3688 οὐν
1746 3630 1836 3699 ἐπιτη-

1056 3720 1125 3777 δείου
1139 3720 1204 3799 πρὸς
1219 3718 1379 3798 κακουργίαν
1393 3722 1504 3796 καιροῦ,
1519 3718 1564 3776 καλ
1578 3717 1720 3797 θαρρήσας
1733 3723 1768 3796 τῆ
1783 3718 1834 3773 δυτ-

1055 3808 1142 3887 χωρίρ
1164 3808 1210 3866 καὶ
1235 3807 1343 3873 ἐλπίσας
1358 3808 1505 3878 διαλαθεῖν,
1519 3807 1604 3886 λάθρα
1618 3830 1648 3864 τε
1662 3807 1712 3864 καὶ
1732 3808 1835 3882 μηδενὸς

1055 3894 1153 3961 εἰδότος
1166 3894 1184 3966 ἢ
1198 3895 1366 3975 ὑφορωμένου
1390 3895 1420 3955 τδ
1446 3894 1565 3971 ξύνολον,
1582 3893 1701 3961 ἐντείνας
1721 3896 1753 3952 τδ
1770 3895 1836 3961 τάξει

1059 3982 1134 4061 βέλος
1160 3984 1252 4064 ἀφίησι
1273 3988 1333 4042 κατ’
1349 3985 1447 4056 αὐτοῦ,
1465 3983 1510 4043 καλ
1532 3982 1658 4063 τυγχάνει
1686 3984 1736 4060 μέν
1762 3986 1835 4041 αὐτῶ

1056 4072 1126 4129 κατδι
1140 4076 1185 4127 τοῦ
1200 4071 1341 4145 μετόιπου,
1359 4076 1389 4133 οὐ
1405 4070 1457 4147 μήν
1472 4095 1501 4149 γε
1519 4070 1624 4149 καιρίαν
1640 4070 1707 4149 ἔσχε
1729 4071 1835 4141 πλῆξαι,

1058 4156 1190 4238 ξυγχυθείς
1213 4182 1243 4217 τε
1263 4158 1307 4217 τδν
1328 4160 1453 4238 λογισμὸν
1476 4162 1514 4238 τῷ
1533 4158 1678 4237 παραλόγῳ
1697 4164 1745 4217 τοῦ
1764 4160 1835 4237 ἔργον

1055 4247 1100 4305 καὶ
1116 4246 1162 4313 τὰς
1175 4250 1265 4327 χεῖρας
1281 4248 1395 4315 ἐκλυθιὶς
1417 4252 1451 4327 τῇ
1466 4246 1603 4325 ξυγχύσει·
1619 4246 1711 4313 ἄλλως
1729 4250 1758 4307 δὲ
1779 4248 1837 4326 πρὸς

1056 4334 1166 4393 θάνατον
1181 4334 1213 4393 ἂν
1226 4328 1258 4407 ἦν
1273 4341 1290 4407 ἡ
1304 4336 1406 4414 πληγή.
1422 4337 1458 4414 (ι)
1470 4334 1594 4412 θορύόου
1608 4334 1637 4393 δέ
1655 4338 1835 4399 καταστάντα

1057 4425 1100 4484 ἐπλ
1112 4426 1195 4505 τούτῳ
1213 4425 1355 4503 μεγίστου,
1371 4426 1416 4484 καὶ
1432 4432 1478 4484 τοῦ
1491 4447 1520 4482 τε
1536 4424 1666 4503 βασιλέως
1682 4426 1731 4483 καὶ
1745 4430 1800 4483 τῶν
1813 4427 1834 4481 ἐν

1057 4514 1126 4573 τέλει
1145 4515 1190 4572 καὶ
1204 4513 1236 4585 δὴ
1251 4514 1295 4573 καὶ
1307 4520 1354 4585 τῆς
1366 4522 1488 4593 στρατιᾶς
1501 4512 1605 4585 ἇπάοης
1617 4512 1803 4592 ξυγχυθέντων
1812 4515 1836 4568 α’.

226 4729 307 4782 διαὸάς
321 4728 360 4775 τὸν
372 4727 468 4776 Φάσιθα
481 4729 560 4791 χώρας
571 4728 612 4784 τὰς
627 4729 668 4789 μὲν
680 4729 740 4787 εἷλε,
753 4730 795 4785 τὸς
807 4731 831 4778 δέ
842 4732 986 4794 παρέθραμε,
996 4734 1036 4781 καὶ
1052 4734 1082 4781 τά
1097 4734 1221 4783 Καυκάσια
1242 4732 1284 4795 ὄρη
1299 4732 1358 4794 μετὰ
1376 4732 1463 4779 πολλοῦ
1481 4730 1557 4779 κόπου
1573 4732 1614 4779 καὶ
1628 4736 1670 4787 τῆς
1689 4732 1835 4791 ὑστερησεεις

224 4803 271 4847 τῶν
284 4796 419 4859 ἀναγκαίων
432 4797 519 4853 ἀναβὰς
531 4799 645 4857 κατῆλθεν
657 4799 679 4855 ἐς
691 4800 809 4862 Κολχοὺς,
819 4804 860 4849 καὶ
873 4802 901 4858 δι]
915 4802 938 4853 ἐς
952 4804 1118 4863 Τραπεζοῦντα
1129 4802 1230 4851 ἀνελθὼν
1241 4804 1293 4851 κτλ,
1305 4801 1402 4858 Quibus
1413 4798 1532 4861 fingendis
1544 4812 1630 4848 ansam
1642 4799 1760 4849 {massis
1770 4800 1835 4847 dnm

225 4868 311 4917 Phasis
324 4868 365 4919 ille
376 4868 559 4932 (pasin-sou),
573 4868 617 4931 qui
633 4882 696 4933 pone
712 4872 852 4919 Εντστουιιι
863 4870 888 4918 in
902 4874 1008 4919 Araxem
1021 4870 1109 4921 influit.
1126 4872 1136 4933 Ι]
1151 4896 1181 4906 --
1200 4870 1355 4935 Ἀλέξανδρον]
1374 4875 1437 4920 sane
1449 4872 1558 4918 Taurum
1570 4868 1713 4919 Alexander
1728 4870 1834 4930 inierit.

225 4941 252 4987 τι
265 4951 314 4988 non
327 4938 411 4999 illum,
423 4938 455 4989 de
470 4953 520 5002 quo
533 4939 675 4989 Critobulus
685 4940 801 5003 loquitur.
819 4941 830 5005 Ι]
844 4940 901 5003 —§
915 4945 938 4989 3.
954 4940 1057 5005 χρόνοις]
1071 4940 1128 4991 add.
1139 4955 1232 5006 margo!
1246 4941 1256 5007 Ι]
1267 4968 1298 4978 -
1310 4940 1415 5005 Τόριρις]
1426 4940 1443 4990 i.
1459 4954 1482 4989 ε.
1495 4939 1590 4989 Timur.
1600 4941 1634 4990 cs.
1646 4939 1690 4989 lib.
1705 4948 1729 4999 1,
1749 4946 1785 5000 ιθ,
1801 4948 1832 4989 ιε.

228 5008 239 5069 ]
254 5031 286 5045 -·
299 5006 315 5072 θ’
330 5014 353 5059 6.
366 5009 492 5073 λειοτέραν]
504 5010 539 5059 sic
550 5022 650 5074 margo,
661 5011 830 5075 εὐμαρεστέραν
840 5013 903 5061 text.
916 5012 927 5074 Ι]
937 5012 995 5075 -§
1009 5014 1032 5062 7.
1045 5014 1085 5062 καὶ
1101 5013 1214 5077 βάραθρα]
1229 5026 1303 5076 supra
1321 5024 1420 5063 versum
1437 5011 1561 5075 adscripta
1576 5014 1645 5062 sunt.
1660 5012 1672 5074 ]
1685 5038 1718 5049 -
1733 5012 1783 5074 58.
1798 5013 1833 5066 tw

226 5078 303 5142 πόνῳ]
314 5081 428 5143 συμπόνῳ
440 5079 496 5130 eod.
514 5082 525 5144 Ι]
538 5107 571 5119 -
579 5081 675 5145 βάρους]
687 5081 784 5146 βάρρους
798 5082 854 5131 cod.

257 5148 314 5213 v.§
330 5155 351 5199 1.
365 5150 445 5214 μόνον]
455 5150 511 5203 add.
523 5166 614 5215 margo.
628 5152 638 5216 ]]
649 5180 681 5189 -
692 5152 792 5218 κειρίαν]
808 5153 904 5218 καιρίως
916 5167 991 5219 supra
1004 5168 1104 5205 versum
1118 5154 1276 5219 adscriptum.
1290 5152 1377 5219 11-5.
1389 5156 1403 5203 3
1415 5158 1455 5213 τῆς
1470 5152 1568 5216 τόλμης]
1582 5165 1660 5216 ευριπ
1672 5165 1774 5202 versum
1789 5152 1831 5201 ad·
