3809 5859
431 362 681 423 machamatis
702 359 833 422 ANNUS
853 358 903 419 VI.
926 360 1006 421 6964
1027 358 1209 433 (rasa-trau
1232 359 1266 418 Ρ.
1290 359 1351 435 (1.).
1603 320 1604 325 ¹
1635 362 1693 419 tto

74 500 231 571 ἐποίειτὴν
244 502 324 559 αῦτυῦ
338 494 447 575 γνώμην
457 493 515 555 οῦδὲ
526 494 632 574 ᾔδειτις
644 494 705 553 ὁποι
718 492 766 565 τήν
776 492 861 572 ὁρμὴν
917 489 996 548 λίθων
1018 490 1123 549 ἅπαντα
1148 490 1341 551 σκεδαννόντων
1364 514 1393 549 τε
1419 490 1463 551 καί
1494 490 1693 567 διαλικμώντων

72 587 234 657 ποιήσοιτο.
251 586 284 664 (a)
326 580 644 662 Παρασκευασάμενοςδί
662 584 750 648 καλῶς
763 580 810 639 καὶ
826 583 862 648 ὡς
917 577 1088 654 συντιθέμενα
1106 577 1152 637 καί
1169 579 1362 659 καθαιρούντων
1377 579 1407 638 τό
1420 582 1514 659 τεῖχος.
1557 578 1693 661 (ι)’Ἰωάν-

71 666 111 747 ἦν
120 677 197 755 αύτῷ
205 671 275 734 κατὰ
288 678 359 743 νοῦν,
372 669 430 748 ἅμα
440 661 485 750 ήρι
494 668 862 751 ὁρμηθεῖςέκτῆςἈδριανοῦ,
916 689 962 740 νης
977 666 1020 740 δὲ,
1035 670 1049 725 ὁ
1064 666 1185 727 Παιόνων
1199 690 1227 725 τε
1240 668 1285 727 καί
1296 671 1390 729 Δακῶν
1408 666 1530 745 ἡγεμὼν,
1545 666 1628 746 πέραν
1646 674 1693 728 τοῦ

73 763 224 841 ἐπορεύετο
241 761 285 821 διὰ
304 764 352 830 τῆς
368 757 506 837 μεσογείας
521 758 631 839 Θρᾴκης
641 780 670 817 τι
685 758 731 816 καί
743 758 863 817 Μακεδο-
917 751 1024 836 Ἴστρου
1038 755 1183 830 καθήμενος
1199 756 1344 836 ἀπαντικρύ
1358 761 1405 818 τοῦ
1424 756 1516 823 ἄστεος
1540 755 1585 824 ξῦν
1600 779 1692 832 τετρα-

73 851 139 919 νίας
151 850 196 911 ἐπὶ
203 846 316 921 τὴνάνω
326 846 433 909 Μυσίαν
447 847 531 926 (ἣνδὴ
542 846 759 927 Σογίανκαλοῦσι
772 848 796 905 οἱ
806 849 862 920 νῦν)
918 842 1058 924 κισχιλίοις
1081 842 1201 911 ὁπλίταις
1219 846 1366 905 ἀπεσκόπει
1381 846 1415 911 τό
1434 846 1566 924 δρώμενα.
1583 844 1630 912 Ὡς
1648 836 1692 903 οῦν

75 940 128 997 καὶ
154 938 204 1011 τήν
227 942 272 997 τοῦ
292 936 405 1015 Αἴμονος
430 936 566 1014 πάρορον,
593 935 639 994 καί
662 934 756 1002 διαόδς
779 932 862 1006 αῦιήν
918 928 987 1008 ἔγνω
1000 930 1030 990 τό
1046 938 1171 1011 τετεῖχος
1185 932 1409 1011 κατερριμμίνον,
1426 932 1476 1003 τήν
1488 956 1518 991 τε
1532 933 1629 1014 τάρρον
1641 934 1692 1007 ἤδη

77 1026 212 1086 ἐσόάλλει
226 1027 251 1093 ἐς
266 1025 313 1096 τήν
332 1021 509 1104 Τριόαλλῶν,
527 1022 572 1080 καὶ
589 1021 768 1101 καταδραμὼν
782 1022 863 1093 αύής
918 1024 1066 1098 χωσθιῖσαν
1084 1018 1263 1097 ἅπασαν,τόν
1282 1042 1311 1083 τε
1326 1022 1440 1099 πόλεμον
1455 1020 1516 1081 ὅσον
1529 1024 1558 1081 οῦ
1578 1026 1693 1102 προσδο-

77 1114 116 1174 τὰ
132 1114 222 1173 πολλδι
238 1113 284 1171 καλ
303 1111 554 1190 καταστρεψόμενος
568 1112 714 1192 ἀφικνεῖται
728 1112 754 1177 ἐς
767 1109 798 1170 τό
810 1112 863 1168 τῶν
919 1107 1037 1184 κώμενον
1050 1107 1096 1165 καὶ
1110 1107 1158 1180 τὴν
1180 1108 1337 1189 προσβολὴν
1348 1114 1395 1175 τοῦ
1410 1106 1540 1187 βασιλέως
1562 1112 1641 1171 παντὶ
1656 1116 1694 1191 τῷ

79 1201 211 1263 Παιόνων
227 1198 293 1260 άστυ
308 1198 426 1279 τδπαρδ
445 1196 494 1264 τδις
511 1197 592 1277 ὄχθας
612 1202 660 1257 τοῦ
674 1195 781 1279 Ἴστρου
804 1197 861 1256 κεί-
919 1196 1042 1273 στρατῷ,
1062 1192 1149 1259 δείσας
1169 1196 1289 1275 περὶτοῦ
1309 1194 1509 1268 &antestatus
1530 1195 1567 1274 μή
1593 1197 1620 1266 ἐξ
1637 1202 1694 1258 ἐπι-

79 1313 178 1367 μενον,
206 1286 378 1367 Πελωγράδω
398 1285 468 1345 οὕτω
492 1286 666 1363 καλούμενον,
690 1288 862 1365 ἐρυμνότατον
919 1282 1017 1360 δρομῆς
1032 1280 1077 1360 βίᾳ
1092 1282 1202 1363 ληφθείη
1215 1288 1268 1351 τοῖς
1282 1282 1391 1363 δπλοις,
1401 1282 1487 1347 λαθών
1502 1285 1632 1345 διαόαίνει
1649 1285 1692 1355 ξῦν

81 1376 174 1455 πάντῃ
193 1375 238 1436 καὶ
251 1373 465 1455 ἀσφαλέστατον,
482 1372 625 1452 μᾶλλονδὲ
646 1372 692 1432 καὶ
710 1372 779 1442 ὅλως
793 1373 863 1433 ἀπό.
917 1374 972 1433 τοῖς
998 1367 1117 1435 ὁπλίταις
1150 1370 1194 1429 τὸν
1221 1370 1340 1447 ποταμὸν
1368 1370 1416 1429 καί
1441 1370 1552 1431 ἐσελθών
1572 1372 1602 1431 τῦ
1627 1376 1693 1435 ἄστυ

83 1486 176 1543 μαχον
198 1467 279 1543 τῇτε
308 1461 377 1538 άλλη
396 1460 523 1541 οἰκοδομῇ
537 1460 584 1520 καί
607 1460 706 1535 δήκαὶ
729 1470 784 1531 τοῖς
806 1461 864 1521 δνσλ
918 1454 1047 1530 attare,
1063 1456 1172 1532 μῦδῑθίκ
1194 1457 1290 1525 εἷδότοτ
1305 1461 1357 1517 τῶν
1380 1457 1429 1527 ἐξω
1450 1458 1498 1530 τήν
1519 1460 1611 1521 τούτου
1631 1462 1691 1521 διά-

81 1558 216 1629 ποςαροῑς
230 1548 391 1628 &seipsam
410 1548 595 1625 διειλημμένος
611 1549 659 1619 τὰς
674 1550 720 1609 δύο
732 1549 863 1630 πλευρὰς,
919 1541 1008 1603 όασιν.
1040 1540 1078 1622 (ε)
1092 1543 1219 1614 Βασιλεὺς
1237 1545 1264 1603 δὲ
1277 1546 1367 1617 ἐπειδὴ
1384 1546 1473 1606 πάντα
1487 1551 1511 1607 οί
1527 1538 1558 1618 ἦν
1577 1551 1690 1628 εὐτρεπῆ

82 1640 157 1701 ἐνθεν
171 1638 220 1715 μὲν
234 1641 273 1718 τῷ
283 1635 385 1718 Ἰστρῳ
398 1636 574 1717 παραρρέοντι
588 1638 757 1719 ὁπὸάρκτου,
769 1640 822 1699 άπὸ
836 1638 864 1699 δέ
919 1630 1009 1706 (τότε
1023 1630 1074 1711 γὸρ
1086 1639 1172 1711 τεῖχος
1187 1635 1212 1713 ἐς
1226 1632 1319 1713 έδαρος
1334 1634 1507 1714 κατέρριπτα,
1519 1635 1537 1707 ἥ
1551 1660 1580 1695 τε
1592 1637 1689 1719 τάρρος

82 1726 254 1808 μεσημόρίας
264 1728 303 1806 ’τῷ
312 1748 341 1785 τε
352 1725 418 1805 Σάιρ
431 1723 585 1787 ἐσῦάλλοντι
595 1730 620 1795 ἐς
630 1726 709 1786 αὐτόν
719 1727 764 1787 καί
773 1728 864 1809 όχθαις
918 1716 1037 1799 ίχώῦθην
1063 1718 1097 1777 τά
1114 1742 1143 1778 τί
1164 1719 1233 1778 ἄλλα
1253 1720 1340 1781 πάντα
1362 1725 1386 1789 ἐς
1409 1722 1585 1803 τῑῑχθμαχίθν
1605 1728 1692 1795 καλῶς

80 1817 215 1893 μεγάλαις
233 1812 281 1872 καί
295 1812 473 1892 ἀποκρήμνοις
493 1812 539 1870 καῖ
562 1812 671 1893 ῥεύματι
692 1816 864 1896 σφοδροτάτῳ
919 1804 1070 1886 ἐξήρτυτο),
1084 1807 1136 1865 δεῖν
1152 1807 1218 1886 ἔγνω
1233 1808 1329 1882 μηκέτι
1349 1815 1395 1868 τοῦ
1409 1811 1502 1869 λοιποῦ
1518 1812 1687 1892 διαμέλλειν,

81 1904 131 1961 καὶ
152 1900 235 1969 δίναις
248 1899 364 1980 βαθείαις
379 1900 425 1959 καὶ
445 1901 611 1980 παλιρροίαις
625 1902 864 1982 κατωχυρωμίνον,
919 1892 984 1968 μηδ’
1005 1896 1032 1952 ἓν
1053 1893 1195 1963 &immitit
1215 1886 1296 1969 ῑέναῑ,
1317 1896 1386 1956 affl&
1407 1898 1476 1955 κατὰ
1501 1899 1582 1979 τάχος
1605 1923 1688 1979 προσ·

80 1989 134 2062 τὴν
147 1987 178 2048 δί
209 1986 447 2068 ιπρὸςτῇχέρσῳ
468 1987 585 2067 πλευράν
598 1981 787 2068 καὶῇμαλλον
804 1991 862 2049 ἐπί.
919 1980 1025 2041 ύάλλειν
1036 1986 1075 2063 τῷ
1090 1982 1163 2043 όστει
1175 1983 1247 2061 πόση
1259 1986 1305 2042 καὶ
1316 1984 1386 2065 χειρὶ
1396 1986 1440 2043 καί
1452 1987 1571 2063 δυνάμει.
1584 1990 1693 2066 (ε)ἸΞκ-

83 2099 175 2156 μαχον
189 2012 222 2149 νίν
234 2076 281 2135 καί
296 2083 427 2155 μηχαναῖς
439 2074 556 2151 ἁλωτόν,
571 2077 654 2157 τείχει
670 2100 699 2135 τε
721 2079 806 2158 διπλῷ
819 2080 864 2138 καί
918 2070 996 2139 τόζας
1011 2060 1055 2130 οῦν
1070 2075 1158 2140 καλῶς
1166 2081 1256 2131 πᾶσαν
1270 2072 1318 2153 τήν
1333 2074 1459 2154 στρατιδιν
1473 2076 1518 2135 καί
1532 2077 1693 2156 παραινέσας

83 2162 250 2246 ὑπιροψήλρ
262 2161 309 2222 χαὶ
321 2162 412 2243 τάφρῳ
427 2162 520 2241 βαθείᾳ
531 2161 577 2223 καὶ
590 2162 732 2241 τεναγώδη
740 2165 785 2224 καὶ
798 2165 864 2223 ὑδά.
919 2156 1007 2218 πολλδι
1019 2156 1146 2238 πρότερον
1157 2159 1203 2219 καί
1223 2160 1410 2241 δημηγορήσας
1423 2164 1468 2222 καί
1487 2164 1693 2246 παραθαρρύνας

81 2274 140 2313 Ιτων
147 2248 498 2331 πλήριικατησραλισμένην
507 2250 578 2330 ἐχαν.
589 2241 656 2329 Εἶχε
664 2249 691 2309 δὲ
700 2252 743 2310 καί
751 2252 864 2334 φρουρὰν
921 2250 947 2314 ἐς
961 2248 991 2306 τδ
1002 2249 1127 2325 πολεμεῖν
1143 2248 1249 2322 αὐτούς,
1263 2250 1309 2309 καί
1325 2252 1506 2331 παραγγείλας
1520 2252 1537 2311 ἃ
1552 2254 1591 2313 δεῖ
1601 2254 1691 2324 ποιεῖν,
1710 2282 1712 2288 ·

84 2340 160 2406 ἐντδς
180 2339 275 2411 ἱκανὴν
299 2338 420 2398 Παιόνων
453 2340 580 2417 μαχίμων
605 2340 652 2398 καί
672 2340 864 2420 καταφράκτων
917 2335 965 2395 καί
992 2338 1255 2419 παρακελευσάμενος
1282 2340 1407 2417 ἀνδράσιν
1438 2342 1545 2415 ιἰγαθυῖς
1567 2346 1612 2399 νῦν
1641 2341 1693 2413 ήδη

82 2426 168 2486 ὅλων·
178 2424 260 2494 ούτως
276 2426 417 2506 ἀπόμαχον
432 2418 476 2498 ἦν.
488 2426 620 2487 Ἐνταῦθα
641 2425 727 2487 τοίνυν
751 2428 864 2508 στρατό-
917 2427 1043 2506 φανῆναι,
1059 2428 1149 2505 ἡγεῖτο
1161 2429 1262 2503 πρῶτος
1276 2426 1353 2494 αὖτὀτ
1363 2426 1411 2497 vit
1423 2427 1466 2486 ἐπὶ
1475 2427 1506 2487 τὸ
1515 2428 1610 2507 τεῖχος.
1622 2432 1657 2489 Οἱ
1667 2430 1694 2488 δὲ

83 2516 166 2574 πιδον
181 2513 313 2591 θίμενοςθ
327 2513 450 2594 βασιλεῦς
464 2514 510 2576 καὶ
524 2514 741 2596 πιριστιιυρώσας
752 2515 783 2575 τὸ
797 2515 864 2575 όστυ
918 2516 1077 2593 στρατιῶται
1091 2512 1269 2595 ἀλαλάξαντες
1283 2513 1352 2593 μίγα
1368 2512 1412 2572 καί
1424 2512 1534 2595 ροὸερύν
1550 2515 1639 2596 δρόμῳ
1650 2520 1695 2575 καὶ

85 2602 133 2662 καὶ
148 2602 270 2681 μηχανάς
283 2602 427 2673 ἐπιστήσας
438 2602 594 2684 ἐπολιόρκει.
918 2600 968 2681 θοῇ
977 2599 1090 2681 ἐχώρουν
1105 2601 1149 2661 ἐπί
1157 2601 1188 2660 τό
1199 2600 1458 2682 κατερριμμένοντοῦ
1468 2601 1694 2682 τείχους,προλα-

128 2689 230 2753 iiiiii.
245 2690 365 2772 Λάζαρος
380 2688 407 2749 δέ
422 2694 437 2749 ὁ
451 2694 503 2750 τῶν
516 2691 677 2771 Τριόαλλῶν
689 2691 815 2771 ἡγεμών,
829 2696 864 2760 ὡς
919 2689 1058 2769 βόντεςτθν
1067 2691 1187 2768 βασιλέα,
1195 2690 1240 2748 καί
1248 2688 1457 2768 προσύάλλοντις
1466 2690 1550 2770 τούτῳ
1561 2692 1694 2769 εὐρώστως

85 2777 215 2855 ἔγνωτλν
228 2776 668 2861 δρχὴντὴνέροδςυτοῦβοοςλίως
682 2778 865 2855 ἔςτὴναὸτοῦ,
918 2775 1093 2853 ἠγωνίζοντο,
1108 2777 1246 2855 παρελθεῖν
1269 2777 1332 2837 εἴσω
1353 2777 1512 2857 βιαζόμενοι.
1539 2780 1572 2858 (7)
1616 2780 1651 2841 οί
1667 2780 1694 2839 δὲ

85 2866 162 2935 aitis
176 2865 268 2933 διαύὸς
289 2866 333 2927 τδν
346 2868 450 2947 Ἴστρον
469 2867 513 2937 ξῦν
529 2869 633 2946 γυναικὶ
646 2867 693 2929 καί
703 2866 801 2936 τέκνοις
819 2867 865 2928 καλ
921 2862 1031 2932 Παίονες
1045 2864 1167 2947 έδέχοντό
1180 2889 1209 2924 τε
1223 2863 1317 2933 αύτούς
1327 2865 1494 2945 ἐρρωμένως,
1511 2867 1697 2942 ἀνθιστάμενοι

86 2963 143 3021 τοῖς
157 2955 306 3036 ὑπάρχουσι
324 2963 420 3029 πᾶσιν,
441 2955 528 3036 ᾤχετο
544 2958 570 3023 ἐς
592 2954 694 3019 Δακίαν
710 2957 787 3016 κάκεῖ
806 2956 864 3016 διί-
920 2961 975 3020 τοῖς
989 2955 1093 3013 ἐπιοῦσι
1102 2955 1147 3015 καί
1159 2952 1307 3033 μαχόμενοι
1324 2951 1458 3029 γενναίως,
1473 2953 1519 3013 καί
1531 2954 1646 3030 ώθισμὸς
1660 2946 1693 3029 ήν

86 3040 237 3120 τριόε,τοῦ
251 3042 368 3120 πολέμου
380 3043 411 3103 τὸ
422 3046 506 3124 πέρας
518 3046 689 3105 ἀποσκοπῶν.
733 3045 864 3122 (ελΒασι-
920 3042 1033 3101 ἐνταῦθα
1047 3041 1127 3109 πολύς
1140 3041 1185 3101 καῖ
1201 3046 1275 3121 ρόνος
1290 3042 1407 3121 ἀνδρῶν,
1422 3047 1470 3114 τῆς
1486 3042 1576 3122 μάχης
1600 3043 1695 3113 ξυστα-

87 3127 147 3194 λεύς
168 3126 196 3187 δέ
220 3129 251 3190 τό
272 3128 339 3188 άστυ
354 3133 500 3210 πολιορκῶν
520 3130 550 3191 τό
565 3132 614 3208 μέν
633 3135 720 3211 τεῖχος
745 3132 865 3192 κατέσειε
919 3129 962 3189 δδν
977 3131 1113 3208 γινομένης
1128 3129 1174 3190 καὶ
1188 3129 1239 3211 πρὸ
1249 3135 1296 3189 τοῦ
1310 3129 1454 3209 βασιλέως,
1469 3136 1521 3192 τῶν
1537 3131 1584 3209 μὲν
1598 3136 1697 3211 παρελ-
1775 3196 1778 3202 ,

85 3218 145 3284 ταῖς
157 3228 304 3298 μηχαναῖς,
317 3217 348 3277 τό
362 3219 390 3279 δέ
407 3220 453 3279 καί
464 3221 636 3301 κατερρίπτει
653 3220 774 3294 τελείως,
788 3222 865 3291 αὐτὸς
920 3221 972 3276 θεῖν
985 3216 1048 3277 είσω
1057 3222 1101 3277 τοῦ
1112 3216 1214 3296 τείχους
1229 3218 1390 3297 βιαζομένων
1406 3220 1451 3279 καὶ
1466 3229 1611 3301 κατασχεῖν
1621 3222 1695 3295 αύτδ,

89 3304 117 3363 δὲ
130 3305 405 3384 διανιιμάμινοςκατδ
417 3307 484 3387 μέρη
493 3306 693 3386 τήνστρατιδιν,
708 3308 756 3379 τὴν
767 3308 866 3389 τάρρον
919 3307 972 3362 τῶν
991 3302 1018 3364 δέ
1037 3306 1159 3366 Παιόνων
1175 3306 1334 3367 ἀπώσασθαί
1353 3330 1382 3366 τι
1400 3308 1506 3375 τούτους
1525 3310 1570 3369 καλ
1585 3310 1614 3369 τὸ
1630 3311 1696 3370 άστυ

89 3393 231 3475 ἐχώννυεν,
244 3392 314 3463 ὁπως
329 3395 407 3475 ῥηδία
422 3394 463 3468 ιίη
477 3405 531 3463 τοῖς
542 3396 659 3465 ὁπλίταις
671 3401 689 3468 ί,
700 3400 725 3464 ῖς
738 3397 769 3457 τὸ
781 3405 866 3479 τεῖχος
919 3392 1048 3473 φυλάξαι·
1071 3392 1117 3453 καὶ
1131 3393 1204 3461 τέλος
1218 3394 1362 3476 ὑπερέσχον
1379 3396 1403 3453 a!
1419 3402 1465 3455 τοῦ
1491 3396 1632 3475 βασιλέως,
1651 3400 1697 3458 καὶ

89 3479 222 3549 διάύασις.
243 3482 299 3543 itai
317 3481 434 3561 τδίργον
453 3484 556 3563 ταχίως
575 3484 670 3556 ἠνύετο
684 3488 717 3563 τῇ
732 3486 864 3564 πολυχει-
921 3480 1076 3559 βιασάμενοι
1107 3480 1168 3548 τοῦς
1190 3481 1307 3549 Παίονας
1328 3482 1492 3545 ἐπιόαίνουσι
1518 3490 1566 3544 τοῦ
1593 3486 1698 3565 τείχους
1785 3486 1788 3491 ’

90 3567 145 3649 μία..
160 3570 195 3648 (a)
236 3571 271 3630 Οί
286 3569 314 3629 δί
329 3570 400 3638 ἐντός
411 3575 457 3629 τοῦ
474 3571 564 3637 ἄστεος
585 3572 756 3652 ἀπεμάχοντο
775 3572 823 3649 μίν
836 3575 862 3632 ἐ·
920 3567 1070 3648 εὐρώστους,
1090 3571 1135 3628 καὶ
1159 3570 1305 3650 μαχόμενοι
1339 3573 1454 3652 ἰσχυρῶς
1482 3572 1623 3651 τρέπονται
1650 3576 1695 3631 καὶ

90 3659 193 3735 σχυριῦς
199 3654 380 3736 στανρώμστό
388 3681 415 3717 τε
424 3658 469 3717 καί
476 3657 655 3739 πρυὸλήματα
665 3658 789 3726 παντοίας
802 3659 866 3733 ῦλης
918 3656 1027 3747 ὠθοῦσιν
1042 3655 1149 3731 αύτούς,
1168 3656 1220 3717 ἔσω
1233 3662 1278 3717 τοῦ
1290 3658 1381 3726 ἄστεος
1396 3658 1565 3739 ἐσχυθέντες,
1580 3660 1625 3721 καί
1637 3662 1698 3719 διώ·

91 3742 250 3819 ἐπάγοντες,
263 3745 343 3803 λίθων
357 3743 387 3803 τέ
400 3767 469 3825 ρημι
483 3745 530 3804 καὶ
542 3743 627 3814 ξύλων
638 3745 746 3805 καὶτῶν
760 3745 864 3824 ἄλλων,
919 3767 1007 3813 κοντες
1027 3747 1075 3804 οῦκ
1096 3748 1124 3805 ἐν
1145 3744 1218 3814 τάξει
1231 3746 1277 3804 καὶ
1292 3744 1336 3815 ξύν
1361 3748 1447 3806 οῦδενὶ
1464 3748 1556 3829 κόσμιρ
1580 3751 1696 3809 ἔκτεινον

91 3832 128 3908 τῷ
138 3831 341 3913 κατερριμμίνιρ
359 3838 404 3891 τοῦ
427 3832 546 3912 τείχους,
571 3833 670 3914 τάρρον
691 3856 721 3892 τε
742 3834 796 3894 άπδ
811 3838 863 3893 τῶν
919 3834 1040 3913 ιἰρειδῶς.
1077 3884 1079 3887 .

91 3918 160 3977 ε’νδον
174 3918 323 3997 ὀρύττοντες
333 3922 441 4000 βαθεῖαν
456 3920 502 3980 καί
513 3926 595 4002 χῶμα
612 3922 806 4003 αῖροντεςρθψοῦ
819 3922 864 3981 καί
958 3922 1033 3983 XIX.
1049 3924 1190 3983 Κάνταῦθα
1203 3923 1234 3994 δὴ
1244 3922 1407 4004 ἐπιφαίνεται
1418 3924 1505 3989 αὐτοῖς
1512 3922 1605 4005 αίρνης
1616 3926 1697 3983 ἐπεκ-

90 3996 176 4064 τόλλα
198 4006 287 4065 πάντα
311 4007 500 4089 μηχανώμενοι
518 4012 545 4075 ἐς
566 4010 735 4090 ἀποτροπήν·
759 4011 789 4069 ού
810 4010 864 4086 μὴν
919 4008 1226 4090 δραμὼνὸἸωάννηςζθν
1235 4012 1356 4090 τοῖςπερὶ
1367 4011 1511 4088 αθτδν,καὶ
1521 4012 1589 4091 μέγα
1599 4012 1699 4093 βοήσας

92 4085 163 4172 εἶχόν
173 4117 200 4153 τι
214 4095 261 4153 καὶ
272 4094 375 4169 άνύειν,
390 4102 442 4156 τῶν
458 4099 488 4155 ἐκ
501 4102 554 4158 τῶν
573 4102 702 4178 μηχανῶν
718 4097 864 4180 άριεμένων
919 4097 1027 4179 ίτάραξί
1051 4122 1081 4158 τε
1107 4098 1212 4166 τούτους
1233 4097 1322 4172 εὐθὺς,
1339 4101 1384 4161 καλ
1402 4100 1502 4180 σφόδρα
1528 4100 1698 4173 καταπλήξας

90 4260 164 4311 retent
174 4259 207 4310 ad
215 4261 315 4312 decreta
323 4262 591 4328 stampensium.
604 4264 615 4329 11
624 4265 679 4329 -§
692 4269 712 4314 t.
727 4266 863 4330 ποιήσαιτο]
875 4265 911 4316 sie
919 4280 986 4330 mgn,
999 4267 1086 4315 ποιοῖτ’
1097 4266 1126 4315 ἄν
1140 4268 1201 4317 text.
1216 4267 1335 4317 Nererho
1346 4267 1446 4331 quidem
1461 4266 1700 4319 critobulnsniassis

54 4367 56 4370 ·
88 4339 188 4390 naxium
205 4340 446 4406 dueentammtaaa.
461 4344 573 4395 chione.
587 4359 612 4409 p.
623 4347 678 4403 117,
697 4348 725 4403 ⁴3
740 4346 872 4409 sexaginta,
887 4360 938 4397 sec.
955 4348 1020 4395 Duc.
1041 4358 1064 4408 p.
1084 4350 1145 4411 337)
1160 4348 1280 4409 meminit,
1295 4363 1369 4413 quam
1387 4348 1413 4399 in
1428 4348 1541 4400 Danubio
1560 4351 1634 4400 tiuvin
1655 4364 1698 4401 rex

88 4408 235 4473 Beigradum
246 4410 363 4473 deduxit,
378 4413 489 4475 itungari
498 4417 581 4465 antem
599 4413 687 4478 proelio
702 4415 761 4464 surii
779 4414 804 4464 d.
819 4418 876 4465 xiv
891 4418 1023 4469 commisso
1037 4422 1222 4472 destruxerunt.
1239 4421 1291 4486 11-
1305 4420 1320 4485 §
1339 4428 1361 4472 1.
1377 4422 1406 4480 ἣν
1422 4423 1450 4481 δὴ
1462 4422 1548 4481 Συρίαν
1558 4440 1582 4470 κ.
1602 4425 1624 4471 οἱ
1639 4414 1695 4477 νῦν]

88 4478 223 4601 griffi.
238 4479 249 4545 ΙΙ
263 4507 290 4516 -
305 4482 470 4549 Πιλωγράόω]
484 4485 653 4549 Ππελογράθην
664 4496 737 4536 vocat
749 4483 1227 4555 6ου1ωωοθν1εε,11ε).όγραδωοαωε.
1240 4492 1251 4556 ΙΙ
1263 4518 1296 4528 -
1311 4492 1359 4542 όιπδ
1370 4493 1394 4542 δὲ
1406 4489 1564 4555 pamposiae]
1576 4490 1631 4540 deb.
1649 4492 1698 4540 ἀπὸ

120 4621 242 4685 ΧῩΙΠτθ
256 4624 527 4690 1.Δόζαρσς]όεθεὸθθ
546 4648 553 4677 τ
572 4626 693 4690 διώργιστ.
714 4627 770 4685 ΙΙ-
781 4629 819 4685 ζύν
829 4627 935 4692 praesui]
952 4630 996 4679 σὺν
1006 4634 1094 4693 γυναεζὸ
1110 4632 1166 4682 cod.
1181 4632 1192 4696 ΙΙ
1208 4660 1238 4669 -
1255 4632 1364 4692 Ἰωάννης
1386 4632 1451 4697 σθω]
1463 4634 1571 4682 Joannes
1592 4632 1694 4693 Παυςα-

88 4690 148 4759 ὁυε.Ι
158 4692 230 4751 Quod
245 4706 299 4744 rem
313 4696 417 4759 attinet,
429 4700 526 4748 onustat
542 4698 688 4761 iiunyadem
695 4698 821 4763 annianum
830 4712 931 4749 suarum
944 4704 1040 4764 partem
1052 4700 1077 4749 in
1092 4700 1179 4749 urbem
1196 4698 1361 4750 introduxisse
1379 4702 1510 4763 postquam
1520 4697 1578 4749 tulii
1590 4698 1630 4748 die
1637 4700 1695 4748 xiv

88 4762 173 4811 elassis
188 4765 327 4817 Turturum
338 4766 425 4831 praelio
439 4768 558 4819 acerrimo
571 4770 597 4819 in
609 4769 722 4820 Danubio
735 4770 813 4820 tinnio
823 4769 922 4821 devicta
934 4772 1009 4823 esset.
1022 4776 1052 4823 V.
1067 4771 1252 4835 chatenoondyt.
1265 4784 1290 4833 p.
1302 4774 1357 4833 trs,
1368 4771 1525 4834 Tagiiaeozzo
1539 4768 1606 4831 apud
1620 4770 1696 4823 cato-

89 4845 146 4881 nam
165 4832 311 4885 inilistoria
323 4836 409 4887 aritine
425 4851 510 4904 regum
529 4840 663 4904 iiungaxia
681 4843 742 4890 tom.
759 4842 803 4903 Vl,
815 4854 839 4905 p.
856 4844 1001 4904 1071-1075,
1014 4844 1120 4893 ioannes
1139 4841 1284 4907 capistrano
1296 4842 1322 4891 in
1334 4842 1444 4906 Epistola
1457 4840 1489 4891 ad
1505 4839 1638 4891 callixtum
1660 4840 1696 4889 ili

90 4917 131 4967 ap.
145 4904 232 4959 Gaton.
248 4906 266 4957 l.
277 4906 295 4957 i.
309 4920 335 4971 p.
351 4912 420 4971 1101,
433 4910 569 4961 zinixeisen.
579 4910 597 4961 1.
610 4910 627 4962 l.
643 4919 667 4972 τ,
678 4926 702 4975 p.
716 4915 755 4962 at.

122 4976 183 5025 xlii.
197 4976 212 5040 §
229 4980 254 5027 t.
270 4980 409 5045 Δινριιάγη]
423 4980 460 5033 sie
478 4994 544 5045 mgo.
556 4982 688 5046 διήρπασαν
698 4982 760 5047 text.
782 4982 921 5033 Harioiatur
933 4983 1076 5035 critobulus
1088 4998 1170 5048 regern
1184 4983 1268 5034 dicens
1282 4984 1410 5045 Hungams
1423 4982 1449 5030 iu
1462 4980 1548 5031 urbem
1560 4979 1694 5043 renuisse.

90 5048 145 5097 tum
157 5060 217 5097 xero
230 5061 244 5096 a
256 5051 426 5113 persequendo
432 5047 511 5102 'hoste
519 5050 679 5103 desistentem
694 5055 721 5103 et
738 5050 962 5117 (inexpugnatione
980 5055 1050 5105 urhis
1061 5056 1234 5119 desperantem
1254 5053 1339 5118 capias
1355 5064 1412 5101 suas
1427 5051 1568 5102 abduxisse.
1584 5050 1694 5114 Hungari

91 5118 186 5166 Turres
199 5132 231 5167 ex
252 5118 314 5169 urbe
332 5121 424 5185 eiectos
446 5125 623 5187 persequentes
642 5124 757 5174 omnibus
774 5138 862 5175 eorum
878 5124 1022 5175 bombardis
1036 5126 1108 5190 potiti
1130 5128 1204 5187 sunt,
1218 5138 1275 5188 quea
1287 5122 1404 5187 deinoeps
1417 5121 1443 5172 in
1460 5125 1541 5172 eastra
1559 5120 1638 5171 hostis
1655 5120 1694 5171 ‹ii-

92 5190 164 5237 reete
178 5188 273 5253 magnis
285 5202 315 5239 ea
331 5190 429 5243 tamma
446 5193 589 5245 atteeexnnt.
606 5192 693 5259 copia,
707 5195 851 5258 ilungaricae
865 5196 957 5265 inipso
977 5200 1058 5249 nestra
1070 5196 1162 5248 iterum
1176 5198 1315 5259 iterumque
1326 5196 1485 5258 penetrantes
1497 5206 1530 5243 ex
1541 5192 1581 5242 iris
1594 5190 1695 5256 qnidam

1586 5284 1607 5327 8·
