<?xml version="1.0" encoding="UTF-8"?>
<!DOCTYPE html PUBLIC "-//W3C//DTD XHTML 1.0 Transitional//EN"
    "http://www.w3.org/TR/xhtml1/DTD/xhtml1-transitional.dtd">
<html xmlns="http://www.w3.org/1999/xhtml" xml:lang="en" lang="en">
 <head>
  <title>
</title>
<meta http-equiv="Content-Type" content="text/html;charset=utf-8" />
  <meta name='ocr-system' content='tesseract 3.04.00' />
  <meta name='ocr-capabilities' content='ocr_page ocr_carea ocr_par ocr_line ocrx_word'/>
</head>
<body>
  <div class='ocr_page' id='page_1' title='image "./fragmentahistor01langgoog_0641.png"; bbox 0 0 3809 5859; ppageno 0'>
   <div class='ocr_carea' id='block_1_1' title="bbox 454 338 1706 452">
    <p class='ocr_par' dir='ltr' id='par_1_1' title="bbox 454 338 1706 452">
     <span class='ocr_line' id='line_1_1' title="bbox 454 338 1706 452; baseline 0.011 -28"><span class='ocrx_word' id='word_1_1' title='bbox 454 364 702 427; x_wconf 73' lang='grc' dir='ltr'>ιιιιοιιιιιιννιε</span> <span class='ocrx_word' id='word_1_2' title='bbox 724 367 852 430; x_wconf 77' lang='lat' dir='ltr'>ANNUS</span> <span class='ocrx_word' id='word_1_3' title='bbox 872 370 922 431; x_wconf 87' lang='lat'>111.</span> <span class='ocrx_word' id='word_1_4' title='bbox 949 373 1030 434; x_wconf 82' lang='lat'>6666</span> <span class='ocrx_word' id='word_1_5' title='bbox 1048 369 1137 452; x_wconf 77' lang='grc' dir='ltr'>μων</span> <span class='ocrx_word' id='word_1_6' title='bbox 1155 376 1231 435; x_wconf 79' lang='grc' dir='ltr'>ιιω</span> <span class='ocrx_word' id='word_1_7' title='bbox 1248 338 1281 432; x_wconf 78' lang='grc' dir='ltr'>ν’.</span> <span class='ocrx_word' id='word_1_8' title='bbox 1303 373 1365 451; x_wconf 75' lang='grc' dir='ltr'>ο).</span> <span class='ocrx_word' id='word_1_9' title='bbox 1665 378 1706 438; x_wconf 83' lang='grc' dir='ltr'>ιιι</span> 
     </span>
    </p>
   </div>
   <div class='ocr_carea' id='block_1_2' title="bbox 93 489 1701 672">
    <p class='ocr_par' dir='ltr' id='par_1_2' title="bbox 93 489 1701 672">
     <span class='ocr_line' id='line_1_2' title="bbox 95 489 1701 581; baseline 0.008 -30"><span class='ocrx_word' id='word_1_10' title='bbox 95 489 196 558; x_wconf 80' lang='grc' dir='ltr'>θέντας</span> <span class='ocrx_word' id='word_1_11' title='bbox 209 493 284 571; x_wconf 74' lang='grc' dir='ltr'>τῶνε</span> <span class='ocrx_word' id='word_1_12' title='bbox 299 492 443 574; x_wconf 77' lang='grc' dir='ltr'>παραλόγῳ</span> <span class='ocrx_word' id='word_1_13' title='bbox 463 494 509 553; x_wconf 85' lang='grc' dir='ltr'>καί</span> <span class='ocrx_word' id='word_1_14' title='bbox 530 494 603 566; x_wconf 83' lang='grc' dir='ltr'>ἀήθει</span> <span class='ocrx_word' id='word_1_15' title='bbox 617 500 665 554; x_wconf 85' lang='grc' dir='ltr'>τοῦ</span> <span class='ocrx_word' id='word_1_16' title='bbox 683 497 817 575; x_wconf 80' lang='grc' dir='ltr'>γεγονότος</span> <span class='ocrx_word' id='word_1_17' title='bbox 836 497 882 557; x_wconf 87' lang='grc' dir='ltr'>καί</span> <span class='ocrx_word' id='word_1_18' title='bbox 933 501 979 559; x_wconf 88' lang='grc' dir='ltr'>καί</span> <span class='ocrx_word' id='word_1_19' title='bbox 999 502 1105 568; x_wconf 80' lang='grc' dir='ltr'>πολλοῖς</span> <span class='ocrx_word' id='word_1_20' title='bbox 1121 501 1209 569; x_wconf 87' lang='grc' dir='ltr'>ἀλλοις</span> <span class='ocrx_word' id='word_1_21' title='bbox 1222 506 1346 563; x_wconf 87' lang='grc' dir='ltr'>ἀνθοῦοαι</span> <span class='ocrx_word' id='word_1_22' title='bbox 1362 506 1415 569; x_wconf 84' lang='grc' dir='ltr'>τοῖς</span> <span class='ocrx_word' id='word_1_23' title='bbox 1431 502 1548 581; x_wconf 77' lang='grc' dir='ltr'>ἀγαθοῖς,</span> <span class='ocrx_word' id='word_1_24' title='bbox 1571 504 1629 562; x_wconf 83' lang='grc' dir='ltr'>ἀλλ’</span> <span class='ocrx_word' id='word_1_25' title='bbox 1642 504 1701 564; x_wconf 76' lang='grc' dir='ltr'>οῦδὲ</span> 
     </span>
     <span class='ocr_line' id='line_1_3' title="bbox 93 576 1700 672; baseline 0.009 -36"><span class='ocrx_word' id='word_1_26' title='bbox 93 581 142 656; x_wconf 79' lang='grc' dir='ltr'>τῷ</span> <span class='ocrx_word' id='word_1_27' title='bbox 153 576 346 653; x_wconf 83' lang='grc' dir='ltr'>ὑπερόάλλοντι</span> <span class='ocrx_word' id='word_1_28' title='bbox 366 581 413 639; x_wconf 87' lang='grc' dir='ltr'>καί</span> <span class='ocrx_word' id='word_1_29' title='bbox 429 580 600 651; x_wconf 85' lang='grc' dir='ltr'>ξενίζοντιτοῦ</span> <span class='ocrx_word' id='word_1_30' title='bbox 610 584 701 645; x_wconf 91' lang='grc' dir='ltr'>δεινοῦ.</span> <span class='ocrx_word' id='word_1_31' title='bbox 748 586 781 661; x_wconf 83' lang='grc' dir='ltr'>(ε)</span> <span class='ocrx_word' id='word_1_32' title='bbox 790 583 881 645; x_wconf 82' lang='grc' dir='ltr'>Ἑάλω</span> <span class='ocrx_word' id='word_1_33' title='bbox 931 588 967 647; x_wconf 84' lang='grc' dir='ltr'>τδ</span> <span class='ocrx_word' id='word_1_34' title='bbox 988 588 1086 649; x_wconf 89' lang='grc' dir='ltr'>τούτων</span> <span class='ocrx_word' id='word_1_35' title='bbox 1106 589 1239 667; x_wconf 77' lang='grc' dir='ltr'>πτώματα</span> <span class='ocrx_word' id='word_1_36' title='bbox 1264 590 1340 668; x_wconf 88' lang='grc' dir='ltr'>λόγον</span> <span class='ocrx_word' id='word_1_37' title='bbox 1364 590 1421 669; x_wconf 82' lang='grc' dir='ltr'>ἔχει</span> <span class='ocrx_word' id='word_1_38' title='bbox 1442 589 1507 671; x_wconf 86' lang='grc' dir='ltr'>πρδς</span> <span class='ocrx_word' id='word_1_39' title='bbox 1527 590 1560 649; x_wconf 84' lang='grc' dir='ltr'>τά</span> <span class='ocrx_word' id='word_1_40' title='bbox 1582 592 1700 672; x_wconf 89' lang='grc' dir='ltr'>παρόντα</span> 
     </span>
    </p>
   </div>
   <div class='ocr_carea' id='block_1_3' title="bbox 91 664 1702 1019">
    <p class='ocr_par' dir='ltr' id='par_1_3' title="bbox 92 664 1014 749">
     <span class='ocr_line' id='line_1_4' title="bbox 92 664 1014 749; baseline 0.01 -23"><span class='ocrx_word' id='word_1_41' title='bbox 92 664 201 745; x_wconf 85' lang='grc' dir='ltr'>Τροία,</span> <span class='ocrx_word' id='word_1_42' title='bbox 215 666 274 724; x_wconf 88' lang='grc' dir='ltr'>ἀλλ’</span> <span class='ocrx_word' id='word_1_43' title='bbox 281 666 332 726; x_wconf 88' lang='grc' dir='ltr'>ὑπδ</span> <span class='ocrx_word' id='word_1_44' title='bbox 343 666 479 740; x_wconf 78' lang='grc' dir='ltr'>Ἑλλήνων</span> <span class='ocrx_word' id='word_1_45' title='bbox 499 670 545 730; x_wconf 88' lang='grc' dir='ltr'>καί</span> <span class='ocrx_word' id='word_1_46' title='bbox 554 669 618 729; x_wconf 91' lang='grc' dir='ltr'>δέκα</span> <span class='ocrx_word' id='word_1_47' title='bbox 627 670 674 743; x_wconf 86' lang='grc' dir='ltr'>ἐτη</span> <span class='ocrx_word' id='word_1_48' title='bbox 684 672 879 749; x_wconf 87' lang='grc' dir='ltr'>πολεμουμένη,</span> <span class='ocrx_word' id='word_1_49' title='bbox 931 674 1014 735; x_wconf 90' lang='grc' dir='ltr'>δεινά.</span> 
     </span>
    </p>

    <p class='ocr_par' dir='ltr' id='par_1_4' title="bbox 91 750 1702 1019">
     <span class='ocr_line' id='line_1_5' title="bbox 91 750 1700 846; baseline 0.009 -33"><span class='ocrx_word' id='word_1_50' title='bbox 91 750 172 813; x_wconf 77' lang='grc' dir='ltr'>εὑστε</span> <span class='ocrx_word' id='word_1_51' title='bbox 181 757 204 812; x_wconf 83' lang='grc' dir='ltr'>τί</span> <span class='ocrx_word' id='word_1_52' title='bbox 217 754 263 812; x_wconf 88' lang='grc' dir='ltr'>καί</span> <span class='ocrx_word' id='word_1_53' title='bbox 274 758 312 833; x_wconf 82' lang='grc' dir='ltr'>τῷ</span> <span class='ocrx_word' id='word_1_54' title='bbox 325 754 421 827; x_wconf 90' lang='grc' dir='ltr'>πλήθει</span> <span class='ocrx_word' id='word_1_55' title='bbox 436 760 486 817; x_wconf 85' lang='grc' dir='ltr'>τῶν</span> <span class='ocrx_word' id='word_1_56' title='bbox 494 780 524 815; x_wconf 88' lang='grc' dir='ltr'>τε</span> <span class='ocrx_word' id='word_1_57' title='bbox 538 757 724 835; x_wconf 89' lang='grc' dir='ltr'>ἀπολλυμένων</span> <span class='ocrx_word' id='word_1_58' title='bbox 734 763 785 818; x_wconf 91' lang='grc' dir='ltr'>τῶν</span> <span class='ocrx_word' id='word_1_59' title='bbox 796 784 825 820; x_wconf 89' lang='grc' dir='ltr'>τε</span> <span class='ocrx_word' id='word_1_60' title='bbox 838 764 879 820; x_wconf 83' lang='grc' dir='ltr'>έα·</span> <span class='ocrx_word' id='word_1_61' title='bbox 972 764 1072 827; x_wconf 84' lang='lat' dir='ltr'>LXIX.</span> <span class='ocrx_word' id='word_1_62' title='bbox 1089 764 1180 825; x_wconf 85' lang='grc' dir='ltr'>Ἑάλω</span> <span class='ocrx_word' id='word_1_63' title='bbox 1193 764 1239 825; x_wconf 77' lang='grc' dir='ltr'>καί</span> <span class='ocrx_word' id='word_1_64' title='bbox 1251 770 1268 838; x_wconf 79' lang='grc' dir='ltr'>ἡ</span> <span class='ocrx_word' id='word_1_65' title='bbox 1280 763 1411 844; x_wconf 74' lang='grc' dir='ltr'>δυστυχής</span> <span class='ocrx_word' id='word_1_66' title='bbox 1426 764 1491 838; x_wconf 80' lang='grc' dir='ltr'>αῦτη·</span> <span class='ocrx_word' id='word_1_67' title='bbox 1511 764 1586 833; x_wconf 88' lang='grc' dir='ltr'>πόλις</span> <span class='ocrx_word' id='word_1_68' title='bbox 1607 768 1700 846; x_wconf 82' lang='grc' dir='ltr'>πρώην</span> 
     </span>
     <span class='ocr_line' id='line_1_6' title="bbox 98 838 1702 933; baseline 0.006 -30"><span class='ocrx_word' id='word_1_69' title='bbox 98 844 231 904; x_wconf 88' lang='grc' dir='ltr'>λωκότων</span> <span class='ocrx_word' id='word_1_70' title='bbox 245 847 274 904; x_wconf 90' lang='grc' dir='ltr'>οῦ</span> <span class='ocrx_word' id='word_1_71' title='bbox 290 846 371 923; x_wconf 90' lang='grc' dir='ltr'>μείων</span> <span class='ocrx_word' id='word_1_72' title='bbox 388 838 420 918; x_wconf 72' lang='grc' dir='ltr'>ήν</span> <span class='ocrx_word' id='word_1_73' title='bbox 437 850 455 918; x_wconf 86' lang='grc' dir='ltr'>ή</span> <span class='ocrx_word' id='word_1_74' title='bbox 476 846 610 926; x_wconf 82' lang='grc' dir='ltr'>ξυμφορδ,</span> <span class='ocrx_word' id='word_1_75' title='bbox 625 850 648 906; x_wconf 79' lang='grc' dir='ltr'>εί</span> <span class='ocrx_word' id='word_1_76' title='bbox 662 849 704 925; x_wconf 77' lang='grc' dir='ltr'>μὴ</span> <span class='ocrx_word' id='word_1_77' title='bbox 724 850 769 909; x_wconf 86' lang='grc' dir='ltr'>καὶ</span> <span class='ocrx_word' id='word_1_78' title='bbox 783 851 878 928; x_wconf 80' lang='grc' dir='ltr'>μείζων</span> <span class='ocrx_word' id='word_1_79' title='bbox 930 852 1005 929; x_wconf 78' lang='grc' dir='ltr'>παρθι</span> <span class='ocrx_word' id='word_1_80' title='bbox 1021 855 1072 910; x_wconf 89' lang='grc' dir='ltr'>τῶν</span> <span class='ocrx_word' id='word_1_81' title='bbox 1089 852 1220 933; x_wconf 73' lang='grc' dir='ltr'>ἐσπερίων</span> <span class='ocrx_word' id='word_1_82' title='bbox 1236 856 1336 928; x_wconf 82' lang='grc' dir='ltr'>γενῶν,</span> <span class='ocrx_word' id='word_1_83' title='bbox 1349 851 1474 923; x_wconf 80' lang='grc' dir='ltr'>ἑξήκοντα</span> <span class='ocrx_word' id='word_1_84' title='bbox 1493 852 1539 923; x_wconf 72' lang='lat' dir='ltr'>lm</span> <span class='ocrx_word' id='word_1_85' title='bbox 1559 876 1702 930; x_wconf 85' lang='grc' dir='ltr'>τυραννου-</span> 
     </span>
     <span class='ocr_line' id='line_1_7' title="bbox 95 931 1697 1019; baseline 0.004 -26"><span class='ocrx_word' id='word_1_86' title='bbox 95 935 198 1007; x_wconf 84' lang='grc' dir='ltr'>εἰπεῖν,</span> <span class='ocrx_word' id='word_1_87' title='bbox 207 931 276 993; x_wconf 83' lang='grc' dir='ltr'>ἀλλά</span> <span class='ocrx_word' id='word_1_88' title='bbox 285 934 331 993; x_wconf 89' lang='grc' dir='ltr'>καί</span> <span class='ocrx_word' id='word_1_89' title='bbox 341 933 422 1016; x_wconf 84' lang='grc' dir='ltr'>ἀμρω</span> <span class='ocrx_word' id='word_1_90' title='bbox 431 937 515 994; x_wconf 90' lang='grc' dir='ltr'>ταῦτα</span> <span class='ocrx_word' id='word_1_91' title='bbox 529 933 606 1015; x_wconf 82' lang='grc' dir='ltr'>έφερέ</span> <span class='ocrx_word' id='word_1_92' title='bbox 616 960 675 995; x_wconf 89' lang='grc' dir='ltr'>τινα</span> <span class='ocrx_word' id='word_1_93' title='bbox 683 938 878 1017; x_wconf 81' lang='grc' dir='ltr'>κουφισμδνκαί</span> <span class='ocrx_word' id='word_1_94' title='bbox 931 937 1012 1016; x_wconf 81' lang='grc' dir='ltr'>μένη,</span> <span class='ocrx_word' id='word_1_95' title='bbox 1035 937 1080 997; x_wconf 90' lang='grc' dir='ltr'>καί</span> <span class='ocrx_word' id='word_1_96' title='bbox 1093 940 1205 996; x_wconf 89' lang='grc' dir='ltr'>πλοῦτον</span> <span class='ocrx_word' id='word_1_97' title='bbox 1226 938 1344 1019; x_wconf 84' lang='grc' dir='ltr'>ἀφῃρέθη</span> <span class='ocrx_word' id='word_1_98' title='bbox 1367 940 1448 997; x_wconf 81' lang='grc' dir='ltr'>πολὺν</span> <span class='ocrx_word' id='word_1_99' title='bbox 1469 938 1515 999; x_wconf 84' lang='grc' dir='ltr'>καί</span> <span class='ocrx_word' id='word_1_100' title='bbox 1538 939 1697 1016; x_wconf 87' lang='grc' dir='ltr'>ἀναθήματα</span> 
     </span>
    </p>
   </div>
   <div class='ocr_carea' id='block_1_4' title="bbox 90 1020 1700 3997">
    <p class='ocr_par' dir='ltr' id='par_1_5' title="bbox 90 1020 1700 3997">
     <span class='ocr_line' id='line_1_8' title="bbox 94 1020 1700 1106; baseline 0.004 -28"><span class='ocrx_word' id='word_1_101' title='bbox 94 1021 271 1100; x_wconf 80' lang='grc' dir='ltr'>παραμυθίαν</span> <span class='ocrx_word' id='word_1_102' title='bbox 286 1024 353 1101; x_wconf 82' lang='grc' dir='ltr'>αἰτῇ</span> <span class='ocrx_word' id='word_1_103' title='bbox 361 1046 368 1059; x_wconf 90' lang='grc'><em>·</em></span> <span class='ocrx_word' id='word_1_104' title='bbox 384 1021 444 1085; x_wconf 89' lang='grc' dir='ltr'>οίτε</span> <span class='ocrx_word' id='word_1_105' title='bbox 457 1020 651 1105; x_wconf 83' lang='grc' dir='ltr'>γάρἝλληνες</span> <span class='ocrx_word' id='word_1_106' title='bbox 662 1026 878 1106; x_wconf 87' lang='grc' dir='ltr'>φιλανθρωπότε-</span> <span class='ocrx_word' id='word_1_107' title='bbox 931 1027 982 1082; x_wconf 87' lang='grc' dir='ltr'>τῶν</span> <span class='ocrx_word' id='word_1_108' title='bbox 1005 1026 1080 1104; x_wconf 84' lang='grc' dir='ltr'>ἱερῶν</span> <span class='ocrx_word' id='word_1_109' title='bbox 1099 1026 1210 1083; x_wconf 85' lang='grc' dir='ltr'>πλεῖστα</span> <span class='ocrx_word' id='word_1_110' title='bbox 1224 1025 1270 1083; x_wconf 90' lang='grc' dir='ltr'>καί</span> <span class='ocrx_word' id='word_1_111' title='bbox 1289 1026 1418 1085; x_wconf 90' lang='grc' dir='ltr'>κάλλιστα</span> <span class='ocrx_word' id='word_1_112' title='bbox 1432 1026 1477 1086; x_wconf 89' lang='grc' dir='ltr'>καί</span> <span class='ocrx_word' id='word_1_113' title='bbox 1489 1028 1631 1098; x_wconf 77' lang='grc' dir='ltr'>πολυτελῆ,</span> <span class='ocrx_word' id='word_1_114' title='bbox 1654 1027 1700 1086; x_wconf 79' lang='grc' dir='ltr'>καί</span> 
     </span>
     <span class='ocr_line' id='line_1_9' title="bbox 95 1108 879 1191; baseline 0.013 -27"><span class='ocrx_word' id='word_1_115' title='bbox 95 1128 145 1184; x_wconf 89' lang='grc' dir='ltr'>ρον</span> <span class='ocrx_word' id='word_1_116' title='bbox 159 1110 214 1174; x_wconf 83' lang='grc' dir='ltr'>τοῖς</span> <span class='ocrx_word' id='word_1_117' title='bbox 231 1108 361 1168; x_wconf 76' lang='grc' dir='ltr'>ἑαλωκόσι</span> <span class='ocrx_word' id='word_1_118' title='bbox 373 1110 581 1190; x_wconf 65' lang='grc' dir='ltr'>προσεφέροντο,</span> <span class='ocrx_word' id='word_1_119' title='bbox 596 1109 643 1179; x_wconf 86' lang='grc' dir='ltr'>τθς</span> <span class='ocrx_word' id='word_1_120' title='bbox 656 1110 743 1179; x_wconf 90' lang='grc' dir='ltr'>κοινάς</span> <span class='ocrx_word' id='word_1_121' title='bbox 756 1114 879 1191; x_wconf 81' lang='grc' dir='ltr'>αἰδούμε·</span> 
     </span>
     <span class='ocr_line' id='line_1_10' title="bbox 95 1194 876 1280; baseline 0.012 -27"><span class='ocrx_word' id='word_1_122' title='bbox 95 1194 243 1274; x_wconf 86' lang='grc' dir='ltr'>νοιτύχας,</span> <span class='ocrx_word' id='word_1_123' title='bbox 253 1194 270 1253; x_wconf 85' lang='grc' dir='ltr'>θ</span> <span class='ocrx_word' id='word_1_124' title='bbox 280 1196 425 1279; x_wconf 71' lang='grc' dir='ltr'>τισυνεχθς</span> <span class='ocrx_word' id='word_1_125' title='bbox 431 1198 544 1274; x_wconf 90' lang='grc' dir='ltr'>πόλεμος</span> <span class='ocrx_word' id='word_1_126' title='bbox 551 1197 597 1258; x_wconf 88' lang='grc' dir='ltr'>καί</span> <span class='ocrx_word' id='word_1_127' title='bbox 608 1198 710 1280; x_wconf 88' lang='grc' dir='ltr'>μακρδς</span> <span class='ocrx_word' id='word_1_128' title='bbox 725 1200 771 1259; x_wconf 85' lang='grc' dir='ltr'>καί</span> <span class='ocrx_word' id='word_1_129' title='bbox 780 1200 809 1259; x_wconf 84' lang='grc' dir='ltr'>τὸ</span> <span class='ocrx_word' id='word_1_130' title='bbox 816 1202 876 1262; x_wconf 86' lang='grc' dir='ltr'>καθ’</span> 
     </span>
     <span class='ocr_line' id='line_1_11' title="bbox 95 1282 874 1370; baseline 0.009 -28"><span class='ocrx_word' id='word_1_131' title='bbox 95 1284 206 1363; x_wconf 77' lang='grc' dir='ltr'>ἡμέραν</span> <span class='ocrx_word' id='word_1_132' title='bbox 218 1282 266 1356; x_wconf 82' lang='grc' dir='ltr'>τήν</span> <span class='ocrx_word' id='word_1_133' title='bbox 276 1283 373 1345; x_wconf 80' lang='grc' dir='ltr'>ἀλωσιν</span> <span class='ocrx_word' id='word_1_134' title='bbox 388 1287 537 1365; x_wconf 68' lang='grc' dir='ltr'>προσδοκᾶν</span> <span class='ocrx_word' id='word_1_135' title='bbox 550 1286 704 1369; x_wconf 72' lang='grc' dir='ltr'>παρῄρηται</span> <span class='ocrx_word' id='word_1_136' title='bbox 717 1288 766 1359; x_wconf 78' lang='grc' dir='ltr'>τήν</span> <span class='ocrx_word' id='word_1_137' title='bbox 777 1290 874 1370; x_wconf 77' lang='grc' dir='ltr'>ἀκριδῆ</span> 
     </span>
     <span class='ocr_line' id='line_1_12' title="bbox 96 1370 877 1456; baseline 0.008 -27"><span class='ocrx_word' id='word_1_138' title='bbox 96 1370 201 1430; x_wconf 87' lang='grc' dir='ltr'>τούτοιν</span> <span class='ocrx_word' id='word_1_139' title='bbox 213 1370 334 1444; x_wconf 77' lang='grc' dir='ltr'>αἴσθησιν</span> <span class='ocrx_word' id='word_1_140' title='bbox 351 1376 403 1431; x_wconf 90' lang='grc' dir='ltr'>τῶν</span> <span class='ocrx_word' id='word_1_141' title='bbox 416 1374 519 1433; x_wconf 84' lang='grc' dir='ltr'>δεινῶν·</span> <span class='ocrx_word' id='word_1_142' title='bbox 536 1373 567 1432; x_wconf 90' lang='grc' dir='ltr'>τδ</span> <span class='ocrx_word' id='word_1_143' title='bbox 581 1374 608 1432; x_wconf 76' lang='grc' dir='ltr'>δὲ</span> <span class='ocrx_word' id='word_1_144' title='bbox 622 1374 707 1453; x_wconf 89' lang='grc' dir='ltr'>παρδν</span> <span class='ocrx_word' id='word_1_145' title='bbox 729 1376 877 1456; x_wconf 89' lang='grc' dir='ltr'>ἀπαραμύ-</span> 
     </span>
     <span class='ocr_line' id='line_1_13' title="bbox 97 1458 875 1539; baseline 0.005 -22"><span class='ocrx_word' id='word_1_146' title='bbox 97 1463 182 1531; x_wconf 90' lang='grc' dir='ltr'>θητον</span> <span class='ocrx_word' id='word_1_147' title='bbox 195 1458 271 1527; x_wconf 74' lang='grc' dir='ltr'>ὅλως.</span> <span class='ocrx_word' id='word_1_148' title='bbox 316 1462 349 1538; x_wconf 78' lang='grc' dir='ltr'>ίε]</span> <span class='ocrx_word' id='word_1_149' title='bbox 364 1459 455 1521; x_wconf 79' lang='grc' dir='ltr'>Ἑάλω</span> <span class='ocrx_word' id='word_1_150' title='bbox 477 1458 605 1519; x_wconf 78' lang='grc' dir='ltr'>Βαόιλών</span> <span class='ocrx_word' id='word_1_151' title='bbox 622 1460 673 1519; x_wconf 88' lang='grc' dir='ltr'>ὑπδ</span> <span class='ocrx_word' id='word_1_152' title='bbox 696 1460 794 1539; x_wconf 87' lang='grc' dir='ltr'>Κόρου,</span> <span class='ocrx_word' id='word_1_153' title='bbox 817 1464 875 1521; x_wconf 83' lang='grc' dir='ltr'>ἀλλ’</span> 
     </span>
     <span class='ocr_line' id='line_1_14' title="bbox 98 1546 874 1631; baseline 0 -24"><span class='ocrx_word' id='word_1_154' title='bbox 98 1546 177 1607; x_wconf 86' lang='grc' dir='ltr'>ούδέν</span> <span class='ocrx_word' id='word_1_155' title='bbox 191 1549 217 1616; x_wconf 88' lang='grc' dir='ltr'>ἐς</span> <span class='ocrx_word' id='word_1_156' title='bbox 233 1546 266 1606; x_wconf 85' lang='grc' dir='ltr'>τά</span> <span class='ocrx_word' id='word_1_157' title='bbox 280 1547 371 1627; x_wconf 90' lang='grc' dir='ltr'>καίρια</span> <span class='ocrx_word' id='word_1_158' title='bbox 393 1546 616 1628; x_wconf 83' lang='grc' dir='ltr'>παραόλαδιῖσα,</span> <span class='ocrx_word' id='word_1_159' title='bbox 632 1547 686 1606; x_wconf 82' lang='grc' dir='ltr'>οὐδ’</span> <span class='ocrx_word' id='word_1_160' title='bbox 701 1550 874 1631; x_wconf 90' lang='grc' dir='ltr'>αἰχμαλωσίᾳ</span> 
     </span>
     <span class='ocr_line' id='line_1_15' title="bbox 99 1634 877 1716; baseline 0.003 -23"><span class='ocrx_word' id='word_1_161' title='bbox 99 1635 283 1708; x_wconf 87' lang='grc' dir='ltr'>δουλεύσασα,</span> <span class='ocrx_word' id='word_1_162' title='bbox 297 1636 352 1697; x_wconf 78' lang='grc' dir='ltr'>οὐδ’</span> <span class='ocrx_word' id='word_1_163' title='bbox 364 1634 438 1716; x_wconf 83' lang='grc' dir='ltr'>ὑόρει</span> <span class='ocrx_word' id='word_1_164' title='bbox 457 1639 587 1711; x_wconf 89' lang='grc' dir='ltr'>γυναικῶν</span> <span class='ocrx_word' id='word_1_165' title='bbox 602 1636 736 1694; x_wconf 73' lang='grc' dir='ltr'>ἐκδοθεῖσα</span> <span class='ocrx_word' id='word_1_166' title='bbox 759 1635 805 1694; x_wconf 84' lang='grc' dir='ltr'>καί</span> <span class='ocrx_word' id='word_1_167' title='bbox 817 1641 877 1696; x_wconf 91' lang='grc' dir='ltr'>παί-</span> 
     </span>
     <span class='ocr_line' id='line_1_16' title="bbox 96 1722 875 1801; baseline 0.006 -21"><span class='ocrx_word' id='word_1_168' title='bbox 96 1724 169 1797; x_wconf 83' lang='grc' dir='ltr'>δων,</span> <span class='ocrx_word' id='word_1_169' title='bbox 181 1723 240 1783; x_wconf 87' lang='grc' dir='ltr'>ἀλλ’</span> <span class='ocrx_word' id='word_1_170' title='bbox 263 1724 281 1796; x_wconf 81' lang='grc' dir='ltr'>ἢ</span> <span class='ocrx_word' id='word_1_171' title='bbox 304 1724 381 1797; x_wconf 85' lang='grc' dir='ltr'>μόνον</span> <span class='ocrx_word' id='word_1_172' title='bbox 404 1724 533 1796; x_wconf 82' lang='grc' dir='ltr'>δεσπότην</span> <span class='ocrx_word' id='word_1_173' title='bbox 550 1722 704 1801; x_wconf 75' lang='grc' dir='ltr'>ἀλλάξασα,</span> <span class='ocrx_word' id='word_1_174' title='bbox 724 1723 771 1784; x_wconf 84' lang='grc' dir='ltr'>καί</span> <span class='ocrx_word' id='word_1_175' title='bbox 784 1729 875 1785; x_wconf 89' lang='grc' dir='ltr'>τοῦτον</span> 
     </span>
     <span class='ocr_line' id='line_1_17' title="bbox 95 1807 875 1890; baseline -0.003 -21"><span class='ocrx_word' id='word_1_176' title='bbox 95 1808 217 1890; x_wconf 84' lang='grc' dir='ltr'>χρηστδν</span> <span class='ocrx_word' id='word_1_177' title='bbox 240 1810 298 1870; x_wconf 78' lang='grc' dir='ltr'>ἀντὶ</span> <span class='ocrx_word' id='word_1_178' title='bbox 318 1816 441 1889; x_wconf 89' lang='grc' dir='ltr'>πονηροῦ.</span> <span class='ocrx_word' id='word_1_179' title='bbox 484 1812 516 1888; x_wconf 75' lang='grc' dir='ltr'>(ε)</span> <span class='ocrx_word' id='word_1_180' title='bbox 540 1807 632 1870; x_wconf 85' lang='grc' dir='ltr'>Ἑάλω</span> <span class='ocrx_word' id='word_1_181' title='bbox 655 1811 804 1890; x_wconf 80' lang='grc' dir='ltr'>Καρχηδὼν</span> <span class='ocrx_word' id='word_1_182' title='bbox 824 1811 875 1873; x_wconf 78' lang='grc' dir='ltr'>ὑπὸ</span> 
     </span>
     <span class='ocr_line' id='line_1_18' title="bbox 96 1896 874 1977; baseline -0.001 -19"><span class='ocrx_word' id='word_1_183' title='bbox 96 1896 257 1970; x_wconf 76' lang='grc' dir='ltr'>Σκηπίωνος</span> <span class='ocrx_word' id='word_1_184' title='bbox 273 1898 326 1970; x_wconf 90' lang='grc' dir='ltr'>δίς,</span> <span class='ocrx_word' id='word_1_185' title='bbox 343 1896 411 1957; x_wconf 85' lang='grc' dir='ltr'>ἀλλά</span> <span class='ocrx_word' id='word_1_186' title='bbox 429 1897 460 1957; x_wconf 88' lang='grc' dir='ltr'>τδ</span> <span class='ocrx_word' id='word_1_187' title='bbox 474 1897 522 1976; x_wconf 82' lang='grc' dir='ltr'>μδν</span> <span class='ocrx_word' id='word_1_188' title='bbox 536 1900 640 1977; x_wconf 88' lang='grc' dir='ltr'>πρῶτον</span> <span class='ocrx_word' id='word_1_189' title='bbox 659 1897 774 1976; x_wconf 79' lang='grc' dir='ltr'>ὁμήρους</span> <span class='ocrx_word' id='word_1_190' title='bbox 793 1899 874 1959; x_wconf 91' lang='grc' dir='ltr'>δοῦσα</span> 
     </span>
     <span class='ocr_line' id='line_1_19' title="bbox 96 1982 875 2063; baseline 0 -20"><span class='ocrx_word' id='word_1_191' title='bbox 96 1983 145 2043; x_wconf 86' lang='grc' dir='ltr'>καί</span> <span class='ocrx_word' id='word_1_192' title='bbox 170 1984 218 2051; x_wconf 77' lang='grc' dir='ltr'>τλς</span> <span class='ocrx_word' id='word_1_193' title='bbox 248 1984 366 2051; x_wconf 75' lang='grc' dir='ltr'>δαπάνας</span> <span class='ocrx_word' id='word_1_194' title='bbox 392 1990 440 2045; x_wconf 87' lang='grc' dir='ltr'>τοῦ</span> <span class='ocrx_word' id='word_1_195' title='bbox 466 1983 583 2060; x_wconf 87' lang='grc' dir='ltr'>πολέμου</span> <span class='ocrx_word' id='word_1_196' title='bbox 612 1982 821 2063; x_wconf 82' lang='grc' dir='ltr'>παρασχομένη,</span> <span class='ocrx_word' id='word_1_197' title='bbox 848 1988 875 2053; x_wconf 80' lang='grc' dir='ltr'>ές</span> 
     </span>
     <span class='ocr_line' id='line_1_20' title="bbox 96 2070 874 2150; baseline 0.001 -21"><span class='ocrx_word' id='word_1_198' title='bbox 96 2070 229 2150; x_wconf 86' lang='grc' dir='ltr'>χρήματα</span> <span class='ocrx_word' id='word_1_199' title='bbox 245 2072 314 2150; x_wconf 81' lang='grc' dir='ltr'>(καί)</span> <span class='ocrx_word' id='word_1_200' title='bbox 330 2072 397 2149; x_wconf 91' lang='grc' dir='ltr'>μόνα</span> <span class='ocrx_word' id='word_1_201' title='bbox 410 2071 459 2146; x_wconf 78' lang='grc' dir='ltr'>τὴν</span> <span class='ocrx_word' id='word_1_202' title='bbox 473 2072 570 2149; x_wconf 80' lang='grc' dir='ltr'>ζημίαν</span> <span class='ocrx_word' id='word_1_203' title='bbox 585 2070 707 2150; x_wconf 89' lang='grc' dir='ltr'>ἐδέξατο,</span> <span class='ocrx_word' id='word_1_204' title='bbox 720 2073 751 2131; x_wconf 81' lang='grc' dir='ltr'>τ“ο</span> <span class='ocrx_word' id='word_1_205' title='bbox 764 2071 792 2131; x_wconf 81' lang='grc' dir='ltr'>δί</span> <span class='ocrx_word' id='word_1_206' title='bbox 811 2074 874 2132; x_wconf 90' lang='grc' dir='ltr'>δεύ-</span> 
     </span>
     <span class='ocr_line' id='line_1_21' title="bbox 98 2159 873 2240; baseline 0.005 -25"><span class='ocrx_word' id='word_1_207' title='bbox 98 2180 174 2235; x_wconf 91' lang='grc' dir='ltr'>τερον</span> <span class='ocrx_word' id='word_1_208' title='bbox 187 2159 281 2239; x_wconf 89' lang='grc' dir='ltr'>μεκρδν</span> <span class='ocrx_word' id='word_1_209' title='bbox 300 2160 429 2240; x_wconf 82' lang='grc' dir='ltr'>ἀπωτέρω</span> <span class='ocrx_word' id='word_1_210' title='bbox 444 2164 637 2235; x_wconf 90' lang='grc' dir='ltr'>μετοικισθεῖσα</span> <span class='ocrx_word' id='word_1_211' title='bbox 649 2159 692 2228; x_wconf 80' lang='grc' dir='ltr'>ξῦν</span> <span class='ocrx_word' id='word_1_212' title='bbox 710 2159 812 2237; x_wconf 74' lang='grc' dir='ltr'>γυναιξί</span> <span class='ocrx_word' id='word_1_213' title='bbox 827 2162 873 2219; x_wconf 87' lang='grc' dir='ltr'>καί</span> 
     </span>
     <span class='ocr_line' id='line_1_22' title="bbox 90 2245 872 2329; baseline 0.005 -25"><span class='ocrx_word' id='word_1_214' title='bbox 90 2246 177 2304; x_wconf 85' lang='grc' dir='ltr'>-παισί</span> <span class='ocrx_word' id='word_1_215' title='bbox 193 2246 239 2306; x_wconf 81' lang='grc' dir='ltr'>καί</span> <span class='ocrx_word' id='word_1_216' title='bbox 258 2251 311 2313; x_wconf 80' lang='grc' dir='ltr'>τοῖς</span> <span class='ocrx_word' id='word_1_217' title='bbox 331 2248 480 2327; x_wconf 90' lang='grc' dir='ltr'>ὑπάρχουσι</span> <span class='ocrx_word' id='word_1_218' title='bbox 496 2256 564 2307; x_wconf 75' lang='grc' dir='ltr'>πάσι</span> <span class='ocrx_word' id='word_1_219' title='bbox 587 2245 710 2315; x_wconf 80' lang='grc' dir='ltr'>καὶτοὺς</span> <span class='ocrx_word' id='word_1_220' title='bbox 733 2248 872 2329; x_wconf 91' lang='grc' dir='ltr'>οἰκήτορας</span> 
     </span>
     <span class='ocr_line' id='line_1_23' title="bbox 95 2329 873 2410; baseline 0.008 -23"><span class='ocrx_word' id='word_1_221' title='bbox 95 2329 198 2410; x_wconf 87' lang='grc' dir='ltr'>έχουσα</span> <span class='ocrx_word' id='word_1_222' title='bbox 214 2336 267 2401; x_wconf 90' lang='grc' dir='ltr'>σῶς</span> <span class='ocrx_word' id='word_1_223' title='bbox 281 2334 327 2393; x_wconf 86' lang='grc' dir='ltr'>καί</span> <span class='ocrx_word' id='word_1_224' title='bbox 337 2338 425 2393; x_wconf 81' lang='grc' dir='ltr'>κακῶν</span> <span class='ocrx_word' id='word_1_225' title='bbox 440 2337 549 2403; x_wconf 76' lang='grc' dir='ltr'>ἀπαθεῖς</span> <span class='ocrx_word' id='word_1_226' title='bbox 559 2332 633 2393; x_wconf 78' lang='grc' dir='ltr'>οὐδέν</span> <span class='ocrx_word' id='word_1_227' title='bbox 641 2341 761 2395; x_wconf 86' lang='grc' dir='ltr'>τοσοῦτον</span> <span class='ocrx_word' id='word_1_228' title='bbox 773 2336 873 2408; x_wconf 88' lang='grc' dir='ltr'>ὑπέστη</span> 
     </span>
     <span class='ocr_line' id='line_1_24' title="bbox 94 2419 872 2501; baseline 0.008 -24"><span class='ocrx_word' id='word_1_229' title='bbox 94 2419 188 2480; x_wconf 90' lang='grc' dir='ltr'>δεινόν.</span> <span class='ocrx_word' id='word_1_230' title='bbox 230 2422 265 2500; x_wconf 86' lang='grc' dir='ltr'>(τ)</span> <span class='ocrx_word' id='word_1_231' title='bbox 280 2419 372 2482; x_wconf 71' lang='grc' dir='ltr'>Ἱέάλω</span> <span class='ocrx_word' id='word_1_232' title='bbox 384 2420 495 2500; x_wconf 82' lang='grc' dir='ltr'>Ῥώμη,</span> <span class='ocrx_word' id='word_1_233' title='bbox 508 2423 539 2483; x_wconf 86' lang='grc' dir='ltr'>τδ</span> <span class='ocrx_word' id='word_1_234' title='bbox 551 2421 599 2498; x_wconf 79' lang='grc' dir='ltr'>μίν</span> <span class='ocrx_word' id='word_1_235' title='bbox 613 2426 716 2501; x_wconf 87' lang='grc' dir='ltr'>πρῶτον</span> <span class='ocrx_word' id='word_1_236' title='bbox 732 2422 782 2481; x_wconf 89' lang='grc' dir='ltr'>ὑπδ</span> <span class='ocrx_word' id='word_1_237' title='bbox 797 2426 872 2487; x_wconf 82' lang='grc' dir='ltr'>Κελ-</span> 
     </span>
     <span class='ocr_line' id='line_1_25' title="bbox 93 2508 872 2591; baseline 0.008 -26"><span class='ocrx_word' id='word_1_238' title='bbox 93 2510 150 2566; x_wconf 87' lang='grc' dir='ltr'>τῶν</span> <span class='ocrx_word' id='word_1_239' title='bbox 164 2531 194 2567; x_wconf 88' lang='grc' dir='ltr'>τε</span> <span class='ocrx_word' id='word_1_240' title='bbox 211 2510 257 2569; x_wconf 86' lang='grc' dir='ltr'>καί</span> <span class='ocrx_word' id='word_1_241' title='bbox 273 2511 416 2587; x_wconf 86' lang='grc' dir='ltr'>Γαλατῶν,</span> <span class='ocrx_word' id='word_1_242' title='bbox 428 2510 481 2569; x_wconf 89' lang='grc' dir='ltr'>ὑπδ</span> <span class='ocrx_word' id='word_1_243' title='bbox 501 2510 607 2573; x_wconf 85' lang='grc' dir='ltr'>Γότθων</span> <span class='ocrx_word' id='word_1_244' title='bbox 622 2510 651 2570; x_wconf 89' lang='grc' dir='ltr'>τδ</span> <span class='ocrx_word' id='word_1_245' title='bbox 666 2508 800 2591; x_wconf 89' lang='grc' dir='ltr'>δεύτερον·</span> <span class='ocrx_word' id='word_1_246' title='bbox 813 2514 872 2571; x_wconf 79' lang='grc' dir='ltr'>ἀλλ’</span> 
     </span>
     <span class='ocr_line' id='line_1_26' title="bbox 94 2593 871 2680; baseline 0.009 -27"><span class='ocrx_word' id='word_1_247' title='bbox 94 2593 170 2654; x_wconf 84' lang='grc' dir='ltr'>οῦδὲν</span> <span class='ocrx_word' id='word_1_248' title='bbox 182 2601 306 2656; x_wconf 86' lang='grc' dir='ltr'>τοσοῦτον</span> <span class='ocrx_word' id='word_1_249' title='bbox 326 2602 447 2657; x_wconf 76' lang='grc' dir='ltr'>παθοῦσα</span> <span class='ocrx_word' id='word_1_250' title='bbox 461 2596 563 2670; x_wconf 81' lang='grc' dir='ltr'>δεινόν,</span> <span class='ocrx_word' id='word_1_251' title='bbox 577 2597 637 2656; x_wconf 86' lang='grc' dir='ltr'>ἀλλ’</span> <span class='ocrx_word' id='word_1_252' title='bbox 651 2596 670 2669; x_wconf 77' lang='grc' dir='ltr'>ἢ</span> <span class='ocrx_word' id='word_1_253' title='bbox 684 2598 762 2675; x_wconf 89' lang='grc' dir='ltr'>μόνον</span> <span class='ocrx_word' id='word_1_254' title='bbox 772 2623 871 2680; x_wconf 86' lang='grc' dir='ltr'>τυραν-</span> 
     </span>
     <span class='ocr_line' id='line_1_27' title="bbox 94 2684 872 2770; baseline 0.01 -30"><span class='ocrx_word' id='word_1_255' title='bbox 94 2687 206 2755; x_wconf 88' lang='grc' dir='ltr'>νηθεῖσα</span> <span class='ocrx_word' id='word_1_256' title='bbox 221 2684 316 2763; x_wconf 88' lang='grc' dir='ltr'>μικρδν</span> <span class='ocrx_word' id='word_1_257' title='bbox 328 2685 374 2744; x_wconf 84' lang='grc' dir='ltr'>καί</span> <span class='ocrx_word' id='word_1_258' title='bbox 385 2687 507 2765; x_wconf 90' lang='grc' dir='ltr'>χρήμασι</span> <span class='ocrx_word' id='word_1_259' title='bbox 524 2689 687 2763; x_wconf 81' lang='grc' dir='ltr'>ζημιωθεῖσα</span> <span class='ocrx_word' id='word_1_260' title='bbox 705 2690 750 2745; x_wconf 89' lang='grc' dir='ltr'>καί</span> <span class='ocrx_word' id='word_1_261' title='bbox 766 2688 872 2770; x_wconf 79' lang='grc' dir='ltr'>πλούτῳ</span> 
     </span>
     <span class='ocr_line' id='line_1_28' title="bbox 94 2771 870 2855; baseline 0.009 -27"><span class='ocrx_word' id='word_1_262' title='bbox 94 2771 144 2829; x_wconf 85' lang='grc' dir='ltr'>καλ</span> <span class='ocrx_word' id='word_1_263' title='bbox 158 2771 281 2849; x_wconf 90' lang='grc' dir='ltr'>δημεύσει</span> <span class='ocrx_word' id='word_1_264' title='bbox 294 2775 346 2832; x_wconf 90' lang='grc' dir='ltr'>τῶν</span> <span class='ocrx_word' id='word_1_265' title='bbox 372 2771 485 2854; x_wconf 85' lang='grc' dir='ltr'>πρώτων</span> <span class='ocrx_word' id='word_1_266' title='bbox 502 2776 590 2833; x_wconf 86' lang='grc' dir='ltr'>οίκιῶν</span> <span class='ocrx_word' id='word_1_267' title='bbox 611 2772 657 2832; x_wconf 84' lang='grc' dir='ltr'>καί</span> <span class='ocrx_word' id='word_1_268' title='bbox 676 2775 802 2855; x_wconf 75' lang='grc' dir='ltr'>ὑπερορίᾳ</span> <span class='ocrx_word' id='word_1_269' title='bbox 819 2780 870 2835; x_wconf 88' lang='grc' dir='ltr'>τῶν</span> 
     </span>
     <span class='ocr_line' id='line_1_29' title="bbox 98 2859 867 2941; baseline 0.007 -22"><span class='ocrx_word' id='word_1_270' title='bbox 98 2859 208 2929; x_wconf 78' lang='grc' dir='ltr'>ἐνδόξων</span> <span class='ocrx_word' id='word_1_271' title='bbox 223 2862 343 2941; x_wconf 85' lang='grc' dir='ltr'>ἀνδρῶν,</span> <span class='ocrx_word' id='word_1_272' title='bbox 360 2862 406 2921; x_wconf 87' lang='grc' dir='ltr'>καί</span> <span class='ocrx_word' id='word_1_273' title='bbox 427 2862 507 2922; x_wconf 89' lang='grc' dir='ltr'>πάλιν</span> <span class='ocrx_word' id='word_1_274' title='bbox 531 2861 624 2941; x_wconf 85' lang='grc' dir='ltr'>μικρὸν</span> <span class='ocrx_word' id='word_1_275' title='bbox 643 2862 750 2941; x_wconf 75' lang='grc' dir='ltr'>ὕστερον</span> <span class='ocrx_word' id='word_1_276' title='bbox 771 2866 867 2937; x_wconf 73' lang='grc' dir='ltr'>ἑαυτήν</span> 
     </span>
     <span class='ocr_line' id='line_1_30' title="bbox 95 2948 870 3031; baseline 0.012 -28"><span class='ocrx_word' id='word_1_277' title='bbox 95 2948 319 3026; x_wconf 78' lang='grc' dir='ltr'>ἀνακτησαμένη,</span> <span class='ocrx_word' id='word_1_278' title='bbox 333 2949 378 3009; x_wconf 79' lang='grc' dir='ltr'>ἐπὶ</span> <span class='ocrx_word' id='word_1_279' title='bbox 389 2948 460 3029; x_wconf 88' lang='grc' dir='ltr'>μέγα</span> <span class='ocrx_word' id='word_1_280' title='bbox 470 2949 545 3020; x_wconf 82' lang='grc' dir='ltr'>δόξης</span> <span class='ocrx_word' id='word_1_281' title='bbox 558 2948 627 3031; x_wconf 86' lang='grc' dir='ltr'>ήρθη</span> <span class='ocrx_word' id='word_1_282' title='bbox 642 2952 688 3009; x_wconf 87' lang='grc' dir='ltr'>καὶ</span> <span class='ocrx_word' id='word_1_283' title='bbox 701 2949 814 3013; x_wconf 89' lang='grc' dir='ltr'>πλούτου</span> <span class='ocrx_word' id='word_1_284' title='bbox 826 2954 870 3012; x_wconf 93' lang='grc' dir='ltr'>καί</span> 
     </span>
     <span class='ocr_line' id='line_1_31' title="bbox 97 3035 870 3119; baseline 0.009 -26"><span class='ocrx_word' id='word_1_285' title='bbox 97 3035 247 3104; x_wconf 77' lang='grc' dir='ltr'>δυναστείας</span> <span class='ocrx_word' id='word_1_286' title='bbox 260 3037 307 3097; x_wconf 86' lang='grc' dir='ltr'>καλ</span> <span class='ocrx_word' id='word_1_287' title='bbox 326 3036 419 3118; x_wconf 88' lang='grc' dir='ltr'>τύχης.</span> <span class='ocrx_word' id='word_1_288' title='bbox 463 3040 496 3115; x_wconf 74' lang='grc' dir='ltr'>(ε)</span> <span class='ocrx_word' id='word_1_289' title='bbox 510 3036 603 3098; x_wconf 81' lang='grc' dir='ltr'>Ἑάλω</span> <span class='ocrx_word' id='word_1_290' title='bbox 615 3038 785 3119; x_wconf 83' lang='grc' dir='ltr'>Ἱεροσόλυμα</span> <span class='ocrx_word' id='word_1_291' title='bbox 797 3040 870 3119; x_wconf 89' lang='grc' dir='ltr'>τρίς,</span> 
     </span>
     <span class='ocr_line' id='line_1_32' title="bbox 98 3123 870 3208; baseline 0.014 -30"><span class='ocrx_word' id='word_1_292' title='bbox 98 3123 497 3208; x_wconf 78' lang='grc' dir='ltr'>ὑπ”λσσυρίωντδπρῶτον,ὑπ“</span> <span class='ocrx_word' id='word_1_293' title='bbox 506 3127 640 3204; x_wconf 85' lang='grc' dir='ltr'>Ἀντιόχου</span> <span class='ocrx_word' id='word_1_294' title='bbox 649 3125 812 3205; x_wconf 85' lang='grc' dir='ltr'>τὸδεύτερον,</span> <span class='ocrx_word' id='word_1_295' title='bbox 820 3130 870 3189; x_wconf 86' lang='grc' dir='ltr'>ὑπὸ</span> 
     </span>
     <span class='ocr_line' id='line_1_33' title="bbox 97 3209 869 3294; baseline 0.008 -24"><span class='ocrx_word' id='word_1_296' title='bbox 97 3209 238 3289; x_wconf 86' lang='grc' dir='ltr'>Ῥωμαίων</span> <span class='ocrx_word' id='word_1_297' title='bbox 253 3212 284 3271; x_wconf 86' lang='grc' dir='ltr'>τδ</span> <span class='ocrx_word' id='word_1_298' title='bbox 298 3214 398 3292; x_wconf 83' lang='grc' dir='ltr'>τρίτον·</span> <span class='ocrx_word' id='word_1_299' title='bbox 415 3212 485 3273; x_wconf 85' lang='grc' dir='ltr'>ἀλλά</span> <span class='ocrx_word' id='word_1_300' title='bbox 502 3214 533 3273; x_wconf 83' lang='grc' dir='ltr'>τὸ</span> <span class='ocrx_word' id='word_1_301' title='bbox 554 3212 601 3289; x_wconf 85' lang='grc' dir='ltr'>μέν</span> <span class='ocrx_word' id='word_1_302' title='bbox 614 3217 717 3294; x_wconf 89' lang='grc' dir='ltr'>πρῶτον</span> <span class='ocrx_word' id='word_1_303' title='bbox 735 3217 869 3291; x_wconf 89' lang='grc' dir='ltr'>μετοικίαν</span> 
     </span>
     <span class='ocr_line' id='line_1_34' title="bbox 98 3297 868 3383; baseline 0.009 -28"><span class='ocrx_word' id='word_1_304' title='bbox 98 3297 180 3375; x_wconf 89' lang='grc' dir='ltr'>μόνην</span> <span class='ocrx_word' id='word_1_305' title='bbox 192 3298 293 3373; x_wconf 90' lang='grc' dir='ltr'>ὑπέστη</span> <span class='ocrx_word' id='word_1_306' title='bbox 304 3300 347 3369; x_wconf 81' lang='grc' dir='ltr'>ξὺν</span> <span class='ocrx_word' id='word_1_307' title='bbox 367 3299 468 3380; x_wconf 77' lang='grc' dir='ltr'>γυναιξὶ</span> <span class='ocrx_word' id='word_1_308' title='bbox 488 3303 534 3360; x_wconf 91' lang='grc' dir='ltr'>καί</span> <span class='ocrx_word' id='word_1_309' title='bbox 546 3301 645 3369; x_wconf 90' lang='grc' dir='ltr'>τέκνοις</span> <span class='ocrx_word' id='word_1_310' title='bbox 659 3302 705 3360; x_wconf 87' lang='grc' dir='ltr'>καί</span> <span class='ocrx_word' id='word_1_311' title='bbox 717 3309 770 3367; x_wconf 82' lang='grc' dir='ltr'>τοῖς</span> <span class='ocrx_word' id='word_1_312' title='bbox 784 3303 868 3383; x_wconf 84' lang='grc' dir='ltr'>ὑπάρ·</span> 
     </span>
     <span class='ocr_line' id='line_1_35' title="bbox 95 3388 867 3468; baseline 0.004 -22"><span class='ocrx_word' id='word_1_313' title='bbox 95 3410 174 3466; x_wconf 87' lang='grc' dir='ltr'>χουσι</span> <span class='ocrx_word' id='word_1_314' title='bbox 182 3396 263 3447; x_wconf 73' lang='grc' dir='ltr'>πᾶσιν</span> <span class='ocrx_word' id='word_1_315' title='bbox 271 3391 296 3455; x_wconf 84' lang='grc' dir='ltr'>ές</span> <span class='ocrx_word' id='word_1_316' title='bbox 310 3388 471 3449; x_wconf 83' lang='grc' dir='ltr'>Βαόυλῶνα·</span> <span class='ocrx_word' id='word_1_317' title='bbox 482 3390 527 3447; x_wconf 88' lang='grc' dir='ltr'>ὑπ’</span> <span class='ocrx_word' id='word_1_318' title='bbox 539 3388 673 3468; x_wconf 74' lang='grc' dir='ltr'>Ἀντιόχου</span> <span class='ocrx_word' id='word_1_319' title='bbox 681 3388 708 3449; x_wconf 81' lang='grc' dir='ltr'>δὲ</span> <span class='ocrx_word' id='word_1_320' title='bbox 721 3389 813 3468; x_wconf 84' lang='grc' dir='ltr'>μικρὸν</span> <span class='ocrx_word' id='word_1_321' title='bbox 821 3414 867 3449; x_wconf 87' lang='grc' dir='ltr'>τυ-</span> 
     </span>
     <span class='ocr_line' id='line_1_36' title="bbox 99 3467 869 3557; baseline 0.005 -23"><span class='ocrx_word' id='word_1_322' title='bbox 99 3476 268 3553; x_wconf 89' lang='grc' dir='ltr'>ραννηθέντες</span> <span class='ocrx_word' id='word_1_323' title='bbox 280 3478 360 3538; x_wconf 88' lang='grc' dir='ltr'>πάλιν</span> <span class='ocrx_word' id='word_1_324' title='bbox 380 3467 450 3557; x_wconf 76' lang='grc' dir='ltr'>εἶχον</span> <span class='ocrx_word' id='word_1_325' title='bbox 470 3475 613 3550; x_wconf 76' lang='grc' dir='ltr'>τλνπόλιν·</span> <span class='ocrx_word' id='word_1_326' title='bbox 630 3478 681 3537; x_wconf 87' lang='grc' dir='ltr'>ὑπδ</span> <span class='ocrx_word' id='word_1_327' title='bbox 693 3478 720 3536; x_wconf 85' lang='grc' dir='ltr'>δέ</span> <span class='ocrx_word' id='word_1_328' title='bbox 728 3477 869 3556; x_wconf 87' lang='grc' dir='ltr'>Ῥωμαίων</span> 
     </span>
     <span class='ocr_line' id='line_1_37' title="bbox 94 3556 868 3645; baseline 0.005 -23"><span class='ocrx_word' id='word_1_329' title='bbox 94 3565 121 3622; x_wconf 88' lang='grc' dir='ltr'>εἰ</span> <span class='ocrx_word' id='word_1_330' title='bbox 134 3566 180 3624; x_wconf 83' lang='grc' dir='ltr'>καὶ</span> <span class='ocrx_word' id='word_1_331' title='bbox 192 3565 228 3626; x_wconf 87' lang='grc' dir='ltr'>τδι</span> <span class='ocrx_word' id='word_1_332' title='bbox 242 3564 313 3638; x_wconf 89' lang='grc' dir='ltr'>πάθη</span> <span class='ocrx_word' id='word_1_333' title='bbox 326 3570 372 3637; x_wconf 78' lang='grc' dir='ltr'>τῆς</span> <span class='ocrx_word' id='word_1_334' title='bbox 393 3566 519 3633; x_wconf 79' lang='grc' dir='ltr'>ἁλώσεως</span> <span class='ocrx_word' id='word_1_335' title='bbox 540 3556 608 3635; x_wconf 77' lang='grc' dir='ltr'>ήσαν</span> <span class='ocrx_word' id='word_1_336' title='bbox 620 3566 650 3624; x_wconf 86' lang='grc' dir='ltr'>οὑ</span> <span class='ocrx_word' id='word_1_337' title='bbox 663 3566 779 3645; x_wconf 77' lang='grc' dir='ltr'>φορητὰ,</span> <span class='ocrx_word' id='word_1_338' title='bbox 800 3567 868 3627; x_wconf 86' lang='grc' dir='ltr'>ἀλλά</span> 
     </span>
     <span class='ocr_line' id='line_1_38' title="bbox 95 3645 868 3733; baseline 0.003 -22"><span class='ocrx_word' id='word_1_339' title='bbox 95 3652 203 3721; x_wconf 84' lang='grc' dir='ltr'>στάσεις</span> <span class='ocrx_word' id='word_1_340' title='bbox 222 3677 250 3713; x_wconf 92' lang='grc' dir='ltr'>τε</span> <span class='ocrx_word' id='word_1_341' title='bbox 261 3645 329 3727; x_wconf 84' lang='grc' dir='ltr'>ήσαν</span> <span class='ocrx_word' id='word_1_342' title='bbox 349 3657 377 3713; x_wconf 87' lang='grc' dir='ltr'>ἐν</span> <span class='ocrx_word' id='word_1_343' title='bbox 391 3655 458 3733; x_wconf 79' lang='grc' dir='ltr'>αὐτῇ</span> <span class='ocrx_word' id='word_1_344' title='bbox 472 3653 569 3711; x_wconf 85' lang='grc' dir='ltr'>πολλαὶ</span> <span class='ocrx_word' id='word_1_345' title='bbox 586 3654 631 3711; x_wconf 83' lang='grc' dir='ltr'>καί</span> <span class='ocrx_word' id='word_1_346' title='bbox 654 3653 735 3711; x_wconf 85' lang='grc' dir='ltr'>δειναί</span> <span class='ocrx_word' id='word_1_347' title='bbox 754 3653 800 3713; x_wconf 90' lang='grc' dir='ltr'>καί</span> <span class='ocrx_word' id='word_1_348' title='bbox 820 3656 868 3730; x_wconf 84' lang='grc' dir='ltr'>ἐμ·</span> 
     </span>
     <span class='ocr_line' id='line_1_39' title="bbox 96 3739 869 3821; baseline 0 -23"><span class='ocrx_word' id='word_1_349' title='bbox 96 3740 177 3819; x_wconf 78' lang='grc' dir='ltr'>φύλια</span> <span class='ocrx_word' id='word_1_350' title='bbox 196 3742 241 3800; x_wconf 84' lang='grc' dir='ltr'>καί</span> <span class='ocrx_word' id='word_1_351' title='bbox 253 3740 398 3821; x_wconf 86' lang='grc' dir='ltr'>διαρπαγαί</span> <span class='ocrx_word' id='word_1_352' title='bbox 416 3742 461 3800; x_wconf 86' lang='grc' dir='ltr'>καί</span> <span class='ocrx_word' id='word_1_353' title='bbox 477 3740 576 3819; x_wconf 79' lang='grc' dir='ltr'>σφαγαί</span> <span class='ocrx_word' id='word_1_354' title='bbox 593 3741 639 3800; x_wconf 87' lang='grc' dir='ltr'>καί</span> <span class='ocrx_word' id='word_1_355' title='bbox 653 3739 725 3821; x_wconf 78' lang='grc' dir='ltr'>φόνοι</span> <span class='ocrx_word' id='word_1_356' title='bbox 739 3743 790 3799; x_wconf 84' lang='grc' dir='ltr'>τῶν</span> <span class='ocrx_word' id='word_1_357' title='bbox 804 3743 869 3800; x_wconf 86' lang='grc' dir='ltr'>ἐνοι-</span> 
     </span>
     <span class='ocr_line' id='line_1_40' title="bbox 96 3827 868 3907; baseline 0.003 -20"><span class='ocrx_word' id='word_1_358' title='bbox 96 3827 210 3888; x_wconf 89' lang='grc' dir='ltr'>κούντων</span> <span class='ocrx_word' id='word_1_359' title='bbox 222 3852 251 3888; x_wconf 89' lang='grc' dir='ltr'>τε</span> <span class='ocrx_word' id='word_1_360' title='bbox 266 3829 376 3889; x_wconf 86' lang='grc' dir='ltr'>καὶτῶν</span> <span class='ocrx_word' id='word_1_361' title='bbox 390 3828 557 3888; x_wconf 84' lang='grc' dir='ltr'>οἰκειοτάτων</span> <span class='ocrx_word' id='word_1_362' title='bbox 573 3827 672 3887; x_wconf 88' lang='grc' dir='ltr'>ἀνόσιοι</span> <span class='ocrx_word' id='word_1_363' title='bbox 689 3828 735 3886; x_wconf 86' lang='grc' dir='ltr'>καὶ</span> <span class='ocrx_word' id='word_1_364' title='bbox 754 3830 806 3907; x_wconf 85' lang='grc' dir='ltr'>πρὸ</span> <span class='ocrx_word' id='word_1_365' title='bbox 821 3836 868 3889; x_wconf 91' lang='grc' dir='ltr'>τοῦ</span> 
     </span>
     <span class='ocr_line' id='line_1_41' title="bbox 97 3914 868 3997; baseline -0.004 -20"><span class='ocrx_word' id='word_1_366' title='bbox 97 3920 213 3995; x_wconf 83' lang='grc' dir='ltr'>πολέμου</span> <span class='ocrx_word' id='word_1_367' title='bbox 226 3917 273 3977; x_wconf 94' lang='grc' dir='ltr'>καί</span> <span class='ocrx_word' id='word_1_368' title='bbox 285 3920 312 3976; x_wconf 81' lang='grc' dir='ltr'>έν</span> <span class='ocrx_word' id='word_1_369' title='bbox 325 3918 397 3995; x_wconf 80' lang='grc' dir='ltr'>αὐτῷ</span> <span class='ocrx_word' id='word_1_370' title='bbox 405 3919 444 3997; x_wconf 80' lang='grc' dir='ltr'>τῷ</span> <span class='ocrx_word' id='word_1_371' title='bbox 457 3914 583 3997; x_wconf 80' lang='grc' dir='ltr'>πολέμῳ,</span> <span class='ocrx_word' id='word_1_372' title='bbox 599 3914 668 3974; x_wconf 81' lang='grc' dir='ltr'>ὥστε</span> <span class='ocrx_word' id='word_1_373' title='bbox 678 3915 723 3973; x_wconf 91' lang='grc' dir='ltr'>καί</span> <span class='ocrx_word' id='word_1_374' title='bbox 737 3916 765 3973; x_wconf 87' lang='grc' dir='ltr'>ἐν</span> <span class='ocrx_word' id='word_1_375' title='bbox 779 3918 868 3995; x_wconf 85' lang='grc' dir='ltr'>εῦχαῖς</span> 
     </span>
    </p>
   </div>
   <div class='ocr_carea' id='block_1_5' title="bbox 921 1110 1762 3908">
    <p class='ocr_par' dir='ltr' id='par_1_6' title="bbox 921 1110 1762 3908">
     <span class='ocr_line' id='line_1_42' title="bbox 928 1110 1701 1193; baseline 0.005 -24"><span class='ocrx_word' id='word_1_376' title='bbox 928 1111 963 1169; x_wconf 87' lang='grc' dir='ltr'>τά</span> <span class='ocrx_word' id='word_1_377' title='bbox 972 1112 1082 1189; x_wconf 85' lang='grc' dir='ltr'>λαμπρά</span> <span class='ocrx_word' id='word_1_378' title='bbox 1091 1110 1137 1169; x_wconf 82' lang='grc' dir='ltr'>καί</span> <span class='ocrx_word' id='word_1_379' title='bbox 1147 1112 1229 1188; x_wconf 84' lang='grc' dir='ltr'>σεμνίι</span> <span class='ocrx_word' id='word_1_380' title='bbox 1237 1112 1283 1171; x_wconf 84' lang='grc' dir='ltr'>καί</span> <span class='ocrx_word' id='word_1_381' title='bbox 1291 1114 1464 1193; x_wconf 90' lang='grc' dir='ltr'>περιμάχητα</span> <span class='ocrx_word' id='word_1_382' title='bbox 1475 1112 1571 1186; x_wconf 81' lang='grc' dir='ltr'>ταύτης</span> <span class='ocrx_word' id='word_1_383' title='bbox 1581 1114 1701 1193; x_wconf 83' lang='grc' dir='ltr'>θεάματα</span> 
     </span>
     <span class='ocr_line' id='line_1_43' title="bbox 930 1196 1701 1280; baseline 0.004 -22"><span class='ocrx_word' id='word_1_384' title='bbox 930 1198 977 1258; x_wconf 88' lang='grc' dir='ltr'>καί</span> <span class='ocrx_word' id='word_1_385' title='bbox 992 1197 1148 1274; x_wconf 85' lang='grc' dir='ltr'>ἀκούσματα</span> <span class='ocrx_word' id='word_1_386' title='bbox 1162 1197 1196 1258; x_wconf 86' lang='grc' dir='ltr'>τδι</span> <span class='ocrx_word' id='word_1_387' title='bbox 1213 1196 1261 1275; x_wconf 82' lang='grc' dir='ltr'>μέν</span> <span class='ocrx_word' id='word_1_388' title='bbox 1275 1202 1304 1267; x_wconf 78' lang='grc' dir='ltr'>ἀς</span> <span class='ocrx_word' id='word_1_389' title='bbox 1321 1198 1434 1280; x_wconf 79' lang='grc' dir='ltr'>ἑσπέραν</span> <span class='ocrx_word' id='word_1_390' title='bbox 1449 1201 1644 1277; x_wconf 85' lang='grc' dir='ltr'>μετεκομίσθη,</span> <span class='ocrx_word' id='word_1_391' title='bbox 1667 1202 1701 1261; x_wconf 85' lang='grc' dir='ltr'>τά</span> 
     </span>
     <span class='ocr_line' id='line_1_44' title="bbox 929 1286 1762 1369; baseline 0.006 -24"><span class='ocrx_word' id='word_1_392' title='bbox 929 1288 951 1345; x_wconf 86' lang='grc' dir='ltr'>δ’</span> <span class='ocrx_word' id='word_1_393' title='bbox 968 1288 995 1344; x_wconf 82' lang='grc' dir='ltr'>έν</span> <span class='ocrx_word' id='word_1_394' title='bbox 1007 1288 1074 1364; x_wconf 82' lang='grc' dir='ltr'>αὐτῇ</span> <span class='ocrx_word' id='word_1_395' title='bbox 1088 1290 1121 1365; x_wconf 81' lang='grc' dir='ltr'>τῇ</span> <span class='ocrx_word' id='word_1_396' title='bbox 1135 1287 1209 1347; x_wconf 86' lang='grc' dir='ltr'>πόλει</span> <span class='ocrx_word' id='word_1_397' title='bbox 1222 1286 1303 1367; x_wconf 79' lang='grc' dir='ltr'>πυρός</span> <span class='ocrx_word' id='word_1_398' title='bbox 1314 1286 1404 1367; x_wconf 88' lang='grc' dir='ltr'>γέγονε</span> <span class='ocrx_word' id='word_1_399' title='bbox 1419 1286 1616 1369; x_wconf 69' lang='grc' dir='ltr'>παρανσῶωμα·</span> <span class='ocrx_word' id='word_1_400' title='bbox 1632 1290 1700 1349; x_wconf 88' lang='grc' dir='ltr'>ἀλλά</span> <span class='ocrx_word' id='word_1_401' title='bbox 1752 1351 1762 1369; x_wconf 60' lang='grc'>,</span> 
     </span>
     <span class='ocr_line' id='line_1_45' title="bbox 928 1364 1697 1453; baseline 0.004 -20"><span class='ocrx_word' id='word_1_402' title='bbox 928 1372 1007 1453; x_wconf 87' lang='grc' dir='ltr'>μέχρι</span> <span class='ocrx_word' id='word_1_403' title='bbox 1016 1372 1114 1433; x_wconf 89' lang='grc' dir='ltr'>τούτων</span> <span class='ocrx_word' id='word_1_404' title='bbox 1125 1364 1156 1446; x_wconf 82' lang='grc' dir='ltr'>ήν</span> <span class='ocrx_word' id='word_1_405' title='bbox 1172 1376 1238 1453; x_wconf 81' lang='grc' dir='ltr'>αὐτῇ</span> <span class='ocrx_word' id='word_1_406' title='bbox 1250 1375 1356 1453; x_wconf 82' lang='grc' dir='ltr'>ἡζημία</span> <span class='ocrx_word' id='word_1_407' title='bbox 1369 1376 1414 1433; x_wconf 85' lang='grc' dir='ltr'>καί</span> <span class='ocrx_word' id='word_1_408' title='bbox 1423 1374 1453 1435; x_wconf 88' lang='grc' dir='ltr'>τδ</span> <span class='ocrx_word' id='word_1_409' title='bbox 1466 1374 1563 1435; x_wconf 88' lang='grc' dir='ltr'>δεινόν·</span> <span class='ocrx_word' id='word_1_410' title='bbox 1579 1379 1602 1435; x_wconf 85' lang='grc' dir='ltr'>εἰ</span> <span class='ocrx_word' id='word_1_411' title='bbox 1616 1374 1654 1453; x_wconf 77' lang='grc' dir='ltr'>μή</span> <span class='ocrx_word' id='word_1_412' title='bbox 1668 1377 1697 1436; x_wconf 89' lang='grc' dir='ltr'>δέ</span> 
     </span>
     <span class='ocr_line' id='line_1_46' title="bbox 927 1460 1745 1541; baseline 0.005 -22"><span class='ocrx_word' id='word_1_413' title='bbox 927 1466 1012 1519; x_wconf 89' lang='grc' dir='ltr'>ταῦτα</span> <span class='ocrx_word' id='word_1_414' title='bbox 1027 1460 1128 1540; x_wconf 87' lang='grc' dir='ltr'>μικρδι,</span> <span class='ocrx_word' id='word_1_415' title='bbox 1140 1465 1192 1520; x_wconf 88' lang='grc' dir='ltr'>τῶν</span> <span class='ocrx_word' id='word_1_416' title='bbox 1208 1463 1350 1541; x_wconf 77' lang='grc' dir='ltr'>οἰκητόρων</span> <span class='ocrx_word' id='word_1_417' title='bbox 1362 1462 1389 1522; x_wconf 84' lang='grc' dir='ltr'>δί</span> <span class='ocrx_word' id='word_1_418' title='bbox 1402 1463 1494 1523; x_wconf 86' lang='grc' dir='ltr'>οὑδένα</span> <span class='ocrx_word' id='word_1_419' title='bbox 1508 1463 1698 1539; x_wconf 81' lang='grc' dir='ltr'>ἀποὺεόλήκει,</span> <span class='ocrx_word' id='word_1_420' title='bbox 1740 1463 1745 1475; x_wconf 63' lang='grc'><em>“</em></span> 
     </span>
     <span class='ocr_line' id='line_1_47' title="bbox 926 1549 1700 1627; baseline 0.006 -21"><span class='ocrx_word' id='word_1_421' title='bbox 926 1549 980 1607; x_wconf 80' lang='grc' dir='ltr'>οὐδ’</span> <span class='ocrx_word' id='word_1_422' title='bbox 995 1550 1020 1616; x_wconf 79' lang='grc' dir='ltr'>ἀς</span> <span class='ocrx_word' id='word_1_423' title='bbox 1036 1550 1133 1616; x_wconf 87' lang='grc' dir='ltr'>παῖδας</span> <span class='ocrx_word' id='word_1_424' title='bbox 1146 1549 1192 1607; x_wconf 88' lang='grc' dir='ltr'>καί</span> <span class='ocrx_word' id='word_1_425' title='bbox 1216 1557 1341 1625; x_wconf 89' lang='grc' dir='ltr'>γυναῖκας</span> <span class='ocrx_word' id='word_1_426' title='bbox 1360 1550 1406 1610; x_wconf 84' lang='grc' dir='ltr'>καί</span> <span class='ocrx_word' id='word_1_427' title='bbox 1427 1551 1462 1610; x_wconf 88' lang='grc' dir='ltr'>τδι</span> <span class='ocrx_word' id='word_1_428' title='bbox 1477 1550 1624 1627; x_wconf 88' lang='grc' dir='ltr'>τιμιώτατα</span> <span class='ocrx_word' id='word_1_429' title='bbox 1647 1575 1700 1611; x_wconf 90' lang='grc' dir='ltr'>πα-</span> 
     </span>
     <span class='ocr_line' id='line_1_48' title="bbox 927 1626 1700 1717; baseline 0.003 -22"><span class='ocrx_word' id='word_1_430' title='bbox 927 1634 1062 1715; x_wconf 83' lang='grc' dir='ltr'>ρεῦλάόη,</span> <span class='ocrx_word' id='word_1_431' title='bbox 1083 1636 1143 1695; x_wconf 90' lang='grc' dir='ltr'>ἀλλ’</span> <span class='ocrx_word' id='word_1_432' title='bbox 1154 1626 1209 1717; x_wconf 78' lang='grc' dir='ltr'>εἶχε</span> <span class='ocrx_word' id='word_1_433' title='bbox 1228 1637 1329 1704; x_wconf 87' lang='grc' dir='ltr'>πάντας</span> <span class='ocrx_word' id='word_1_434' title='bbox 1344 1638 1403 1704; x_wconf 66' lang='grc' dir='ltr'>τοῦς</span> <span class='ocrx_word' id='word_1_435' title='bbox 1422 1642 1583 1706; x_wconf 76' lang='grc' dir='ltr'>ἐνοικοῦντας</span> <span class='ocrx_word' id='word_1_436' title='bbox 1604 1641 1700 1706; x_wconf 84' lang='grc' dir='ltr'>ἀσινεῖς</span> 
     </span>
     <span class='ocr_line' id='line_1_49' title="bbox 927 1724 1700 1804; baseline 0.003 -20"><span class='ocrx_word' id='word_1_437' title='bbox 927 1724 995 1792; x_wconf 80' lang='grc' dir='ltr'>όλως</span> <span class='ocrx_word' id='word_1_438' title='bbox 1008 1724 1054 1784; x_wconf 83' lang='grc' dir='ltr'>καί</span> <span class='ocrx_word' id='word_1_439' title='bbox 1072 1726 1160 1783; x_wconf 80' lang='grc' dir='ltr'>κακῶν</span> <span class='ocrx_word' id='word_1_440' title='bbox 1180 1728 1303 1793; x_wconf 83' lang='grc' dir='ltr'>ἀπαθεῖς·</span> <span class='ocrx_word' id='word_1_441' title='bbox 1315 1726 1361 1785; x_wconf 90' lang='grc' dir='ltr'>καί</span> <span class='ocrx_word' id='word_1_442' title='bbox 1379 1726 1455 1785; x_wconf 89' lang='grc' dir='ltr'>πάλιν</span> <span class='ocrx_word' id='word_1_443' title='bbox 1475 1726 1637 1804; x_wconf 87' lang='grc' dir='ltr'>ἀπωσαμένη</span> <span class='ocrx_word' id='word_1_444' title='bbox 1653 1726 1700 1799; x_wconf 72' lang='grc' dir='ltr'>τήν</span> 
     </span>
     <span class='ocr_line' id='line_1_50' title="bbox 926 1811 1700 1894; baseline 0.008 -25"><span class='ocrx_word' id='word_1_445' title='bbox 926 1813 1067 1892; x_wconf 87' lang='grc' dir='ltr'>τυραννίδα</span> <span class='ocrx_word' id='word_1_446' title='bbox 1084 1812 1131 1870; x_wconf 84' lang='grc' dir='ltr'>καί</span> <span class='ocrx_word' id='word_1_447' title='bbox 1149 1811 1243 1882; x_wconf 78' lang='grc' dir='ltr'>ἑαυτήν</span> <span class='ocrx_word' id='word_1_448' title='bbox 1257 1814 1459 1890; x_wconf 85' lang='grc' dir='ltr'>ἀνακτησαμένη</span> <span class='ocrx_word' id='word_1_449' title='bbox 1472 1814 1499 1880; x_wconf 86' lang='grc' dir='ltr'>ἰς</span> <span class='ocrx_word' id='word_1_450' title='bbox 1512 1812 1560 1884; x_wconf 80' lang='grc' dir='ltr'>τήν</span> <span class='ocrx_word' id='word_1_451' title='bbox 1572 1814 1700 1894; x_wconf 86' lang='grc' dir='ltr'>προτέραν</span> 
     </span>
     <span class='ocr_line' id='line_1_51' title="bbox 927 1890 1701 1981; baseline 0.004 -24"><span class='ocrx_word' id='word_1_452' title='bbox 927 1890 977 1970; x_wconf 79' lang='grc' dir='ltr'>ἧκε</span> <span class='ocrx_word' id='word_1_453' title='bbox 997 1898 1176 1970; x_wconf 90' lang='grc' dir='ltr'>κατάστασιν,</span> <span class='ocrx_word' id='word_1_454' title='bbox 1199 1898 1247 1959; x_wconf 85' lang='grc' dir='ltr'>καὶ</span> <span class='ocrx_word' id='word_1_455' title='bbox 1261 1899 1393 1979; x_wconf 84' lang='grc' dir='ltr'>βασίλειον</span> <span class='ocrx_word' id='word_1_456' title='bbox 1412 1890 1444 1973; x_wconf 83' lang='grc' dir='ltr'>ήν</span> <span class='ocrx_word' id='word_1_457' title='bbox 1466 1897 1512 1960; x_wconf 88' lang='grc' dir='ltr'>καί</span> <span class='ocrx_word' id='word_1_458' title='bbox 1534 1902 1614 1978; x_wconf 89' lang='grc' dir='ltr'>γενῶν</span> <span class='ocrx_word' id='word_1_459' title='bbox 1633 1892 1701 1981; x_wconf 80' lang='grc' dir='ltr'>ήρχε</span> 
     </span>
     <span class='ocr_line' id='line_1_52' title="bbox 927 1983 1697 2065; baseline 0.003 -22"><span class='ocrx_word' id='word_1_460' title='bbox 927 1986 1033 2044; x_wconf 85' lang='grc' dir='ltr'>πολλῶν</span> <span class='ocrx_word' id='word_1_461' title='bbox 1048 1983 1074 2043; x_wconf 87' lang='grc' dir='ltr'>ίν</span> <span class='ocrx_word' id='word_1_462' title='bbox 1086 2007 1114 2043; x_wconf 89' lang='grc' dir='ltr'>τι</span> <span class='ocrx_word' id='word_1_463' title='bbox 1129 1984 1204 2065; x_wconf 71' lang='grc' dir='ltr'>Ἀσίᾳ</span> <span class='ocrx_word' id='word_1_464' title='bbox 1222 1986 1267 2044; x_wconf 89' lang='grc' dir='ltr'>καί</span> <span class='ocrx_word' id='word_1_465' title='bbox 1285 1985 1400 2065; x_wconf 79' lang='grc' dir='ltr'>Εὐρώπῃ</span> <span class='ocrx_word' id='word_1_466' title='bbox 1415 1986 1461 2046; x_wconf 84' lang='grc' dir='ltr'>καλ</span> <span class='ocrx_word' id='word_1_467' title='bbox 1476 1985 1564 2059; x_wconf 90' lang='grc' dir='ltr'>νήσων</span> <span class='ocrx_word' id='word_1_468' title='bbox 1580 1986 1628 2047; x_wconf 88' lang='grc' dir='ltr'>οῦκ</span> <span class='ocrx_word' id='word_1_469' title='bbox 1642 1988 1697 2046; x_wconf 82' lang='grc' dir='ltr'>δλί·</span> 
     </span>
     <span class='ocr_line' id='line_1_53' title="bbox 927 2071 1699 2155; baseline 0.004 -24"><span class='ocrx_word' id='word_1_470' title='bbox 927 2094 999 2148; x_wconf 90' lang='grc' dir='ltr'>γων,</span> <span class='ocrx_word' id='word_1_471' title='bbox 1022 2071 1069 2131; x_wconf 87' lang='grc' dir='ltr'>καί</span> <span class='ocrx_word' id='word_1_472' title='bbox 1085 2074 1112 2131; x_wconf 88' lang='grc' dir='ltr'>ἐν</span> <span class='ocrx_word' id='word_1_473' title='bbox 1133 2073 1288 2155; x_wconf 87' lang='grc' dir='ltr'>περιφανείᾳ</span> <span class='ocrx_word' id='word_1_474' title='bbox 1308 2074 1353 2132; x_wconf 81' lang='grc' dir='ltr'>καί</span> <span class='ocrx_word' id='word_1_475' title='bbox 1375 2073 1482 2155; x_wconf 81' lang='grc' dir='ltr'>πλούτῳ</span> <span class='ocrx_word' id='word_1_476' title='bbox 1503 2074 1549 2133; x_wconf 92' lang='grc' dir='ltr'>καί</span> <span class='ocrx_word' id='word_1_477' title='bbox 1573 2073 1633 2154; x_wconf 82' lang='grc' dir='ltr'>δόξῃ</span> <span class='ocrx_word' id='word_1_478' title='bbox 1654 2076 1699 2134; x_wconf 79' lang='grc' dir='ltr'>καί</span> 
     </span>
     <span class='ocr_line' id='line_1_54' title="bbox 926 2151 1700 2241; baseline 0.003 -22"><span class='ocrx_word' id='word_1_479' title='bbox 926 2160 1096 2240; x_wconf 87' lang='grc' dir='ltr'>λαμπρότητι</span> <span class='ocrx_word' id='word_1_480' title='bbox 1109 2151 1158 2235; x_wconf 85' lang='grc' dir='ltr'>ήν,</span> <span class='ocrx_word' id='word_1_481' title='bbox 1173 2162 1218 2219; x_wconf 89' lang='grc' dir='ltr'>καί</span> <span class='ocrx_word' id='word_1_482' title='bbox 1233 2164 1285 2219; x_wconf 87' lang='grc' dir='ltr'>τῶν</span> <span class='ocrx_word' id='word_1_483' title='bbox 1300 2164 1388 2221; x_wconf 86' lang='grc' dir='ltr'>καλῶν</span> <span class='ocrx_word' id='word_1_484' title='bbox 1401 2161 1524 2221; x_wconf 84' lang='grc' dir='ltr'>ἀπάντων</span> <span class='ocrx_word' id='word_1_485' title='bbox 1533 2161 1640 2241; x_wconf 76' lang='grc' dir='ltr'>ἡγεμών</span> <span class='ocrx_word' id='word_1_486' title='bbox 1654 2162 1700 2221; x_wconf 85' lang='grc' dir='ltr'>καί</span> 
     </span>
     <span class='ocr_line' id='line_1_55' title="bbox 926 2240 1701 2327; baseline 0.001 -20"><span class='ocrx_word' id='word_1_487' title='bbox 926 2246 1113 2327; x_wconf 89' lang='grc' dir='ltr'>παράδειγμα,</span> <span class='ocrx_word' id='word_1_488' title='bbox 1125 2246 1171 2307; x_wconf 90' lang='grc' dir='ltr'>καί</span> <span class='ocrx_word' id='word_1_489' title='bbox 1182 2250 1265 2327; x_wconf 87' lang='grc' dir='ltr'>λόγων</span> <span class='ocrx_word' id='word_1_490' title='bbox 1277 2240 1309 2322; x_wconf 77' lang='grc' dir='ltr'>ήν</span> <span class='ocrx_word' id='word_1_491' title='bbox 1320 2248 1395 2309; x_wconf 83' lang='grc' dir='ltr'>έστία</span> <span class='ocrx_word' id='word_1_492' title='bbox 1405 2248 1451 2308; x_wconf 84' lang='grc' dir='ltr'>καλ</span> <span class='ocrx_word' id='word_1_493' title='bbox 1462 2250 1582 2317; x_wconf 90' lang='grc' dir='ltr'>παιδείας</span> <span class='ocrx_word' id='word_1_494' title='bbox 1596 2249 1701 2321; x_wconf 84' lang='grc' dir='ltr'>ἀπάσης</span> 
     </span>
     <span class='ocr_line' id='line_1_56' title="bbox 927 2334 1700 2415; baseline 0.004 -21"><span class='ocrx_word' id='word_1_495' title='bbox 927 2334 973 2394; x_wconf 87' lang='grc' dir='ltr'>καί</span> <span class='ocrx_word' id='word_1_496' title='bbox 994 2334 1086 2415; x_wconf 78' lang='grc' dir='ltr'>σοφίας</span> <span class='ocrx_word' id='word_1_497' title='bbox 1106 2335 1151 2393; x_wconf 86' lang='grc' dir='ltr'>καί</span> <span class='ocrx_word' id='word_1_498' title='bbox 1175 2337 1269 2415; x_wconf 74' lang='grc' dir='ltr'>ἀρετῆς</span> <span class='ocrx_word' id='word_1_499' title='bbox 1289 2336 1336 2395; x_wconf 88' lang='grc' dir='ltr'>καί</span> <span class='ocrx_word' id='word_1_500' title='bbox 1350 2337 1455 2397; x_wconf 88' lang='grc' dir='ltr'>πάντων</span> <span class='ocrx_word' id='word_1_501' title='bbox 1475 2340 1527 2396; x_wconf 90' lang='grc' dir='ltr'>τῶν</span> <span class='ocrx_word' id='word_1_502' title='bbox 1552 2337 1700 2397; x_wconf 89' lang='grc' dir='ltr'>καλλίστων</span> 
     </span>
     <span class='ocr_line' id='line_1_57' title="bbox 926 2422 1700 2501; baseline 0.004 -20"><span class='ocrx_word' id='word_1_503' title='bbox 926 2425 1002 2499; x_wconf 85' lang='grc' dir='ltr'>δμοῦ.</span> <span class='ocrx_word' id='word_1_504' title='bbox 1044 2422 1076 2501; x_wconf 83' lang='grc' dir='ltr'>(τ)</span> <span class='ocrx_word' id='word_1_505' title='bbox 1094 2425 1148 2483; x_wconf 83' lang='grc' dir='ltr'>Νῦν</span> <span class='ocrx_word' id='word_1_506' title='bbox 1173 2424 1195 2480; x_wconf 80' lang='grc' dir='ltr'>δ’</span> <span class='ocrx_word' id='word_1_507' title='bbox 1207 2423 1287 2489; x_wconf 85' lang='grc' dir='ltr'>ὄντως</span> <span class='ocrx_word' id='word_1_508' title='bbox 1301 2424 1386 2497; x_wconf 83' lang='grc' dir='ltr'>ίξήκει</span> <span class='ocrx_word' id='word_1_509' title='bbox 1408 2426 1442 2484; x_wconf 85' lang='grc' dir='ltr'>τδι</span> <span class='ocrx_word' id='word_1_510' title='bbox 1455 2428 1514 2485; x_wconf 90' lang='grc' dir='ltr'>κατ’</span> <span class='ocrx_word' id='word_1_511' title='bbox 1537 2424 1635 2499; x_wconf 77' lang='grc' dir='ltr'>αὐτὴν,</span> <span class='ocrx_word' id='word_1_512' title='bbox 1654 2424 1700 2484; x_wconf 82' lang='grc' dir='ltr'>καί</span> 
     </span>
     <span class='ocr_line' id='line_1_58' title="bbox 925 2508 1698 2593; baseline 0.004 -25"><span class='ocrx_word' id='word_1_513' title='bbox 925 2508 960 2568; x_wconf 85' lang='grc' dir='ltr'>τά</span> <span class='ocrx_word' id='word_1_514' title='bbox 984 2508 1054 2569; x_wconf 84' lang='grc' dir='ltr'>καλδ</span> <span class='ocrx_word' id='word_1_515' title='bbox 1075 2508 1223 2581; x_wconf 83' lang='grc' dir='ltr'>ξυλλήόδην</span> <span class='ocrx_word' id='word_1_516' title='bbox 1241 2510 1328 2590; x_wconf 78' lang='grc' dir='ltr'>ἔρρει,</span> <span class='ocrx_word' id='word_1_517' title='bbox 1353 2512 1401 2571; x_wconf 83' lang='grc' dir='ltr'>καλ</span> <span class='ocrx_word' id='word_1_518' title='bbox 1423 2511 1557 2593; x_wconf 77' lang='grc' dir='ltr'>ἀφῄρηται</span> <span class='ocrx_word' id='word_1_519' title='bbox 1576 2512 1698 2587; x_wconf 83' lang='grc' dir='ltr'>πάντων,</span> 
     </span>
     <span class='ocr_line' id='line_1_59' title="bbox 926 2597 1698 2681; baseline 0.003 -26"><span class='ocrx_word' id='word_1_520' title='bbox 926 2598 1060 2670; x_wconf 87' lang='grc' dir='ltr'>πλούτου,</span> <span class='ocrx_word' id='word_1_521' title='bbox 1077 2597 1167 2670; x_wconf 87' lang='grc' dir='ltr'>δόξης,</span> <span class='ocrx_word' id='word_1_522' title='bbox 1182 2600 1279 2678; x_wconf 72' lang='grc' dir='ltr'>ἀρχῆς,</span> <span class='ocrx_word' id='word_1_523' title='bbox 1298 2598 1483 2681; x_wconf 80' lang='grc' dir='ltr'>περιφανείας,</span> <span class='ocrx_word' id='word_1_524' title='bbox 1497 2604 1593 2677; x_wconf 81' lang='grc' dir='ltr'>τιμῆς,</span> <span class='ocrx_word' id='word_1_525' title='bbox 1609 2600 1698 2679; x_wconf 89' lang='grc' dir='ltr'>γένους</span> 
     </span>
     <span class='ocr_line' id='line_1_60' title="bbox 924 2686 1698 2769; baseline 0 -24"><span class='ocrx_word' id='word_1_526' title='bbox 924 2686 1126 2765; x_wconf 86' lang='grc' dir='ltr'>λαμπρότητος,</span> <span class='ocrx_word' id='word_1_527' title='bbox 1144 2688 1252 2766; x_wconf 82' lang='grc' dir='ltr'>ἀρετῆς,</span> <span class='ocrx_word' id='word_1_528' title='bbox 1263 2688 1400 2761; x_wconf 88' lang='grc' dir='ltr'>παιδείας,</span> <span class='ocrx_word' id='word_1_529' title='bbox 1416 2688 1529 2769; x_wconf 87' lang='grc' dir='ltr'>σοφίας,</span> <span class='ocrx_word' id='word_1_530' title='bbox 1544 2689 1698 2763; x_wconf 78' lang='grc' dir='ltr'>ἱερωσύνης,</span> 
     </span>
     <span class='ocr_line' id='line_1_61' title="bbox 926 2774 1699 2856; baseline 0 -23"><span class='ocrx_word' id='word_1_531' title='bbox 926 2774 1075 2855; x_wconf 80' lang='grc' dir='ltr'>βασιλείας,</span> <span class='ocrx_word' id='word_1_532' title='bbox 1092 2775 1200 2835; x_wconf 90' lang='grc' dir='ltr'>πάντων</span> <span class='ocrx_word' id='word_1_533' title='bbox 1211 2776 1315 2842; x_wconf 80' lang='grc' dir='ltr'>ἁπλῶς·</span> <span class='ocrx_word' id='word_1_534' title='bbox 1330 2775 1446 2836; x_wconf 82' lang='grc' dir='ltr'>καλέσω</span> <span class='ocrx_word' id='word_1_535' title='bbox 1469 2777 1495 2843; x_wconf 84' lang='grc' dir='ltr'>ές</span> <span class='ocrx_word' id='word_1_536' title='bbox 1510 2776 1592 2856; x_wconf 85' lang='grc' dir='ltr'>ἀκρον</span> <span class='ocrx_word' id='word_1_537' title='bbox 1610 2777 1699 2834; x_wconf 85' lang='grc' dir='ltr'>εύδαι·</span> 
     </span>
     <span class='ocr_line' id='line_1_62' title="bbox 925 2862 1698 2942; baseline 0.001 -21"><span class='ocrx_word' id='word_1_538' title='bbox 925 2862 1015 2937; x_wconf 87' lang='grc' dir='ltr'>μανίας</span> <span class='ocrx_word' id='word_1_539' title='bbox 1029 2864 1075 2919; x_wconf 87' lang='grc' dir='ltr'>καὶ</span> <span class='ocrx_word' id='word_1_540' title='bbox 1089 2862 1173 2942; x_wconf 89' lang='grc' dir='ltr'>τύχης</span> <span class='ocrx_word' id='word_1_541' title='bbox 1192 2862 1295 2940; x_wconf 78' lang='grc' dir='ltr'>ἤλασε,</span> <span class='ocrx_word' id='word_1_542' title='bbox 1311 2868 1432 2923; x_wconf 90' lang='grc' dir='ltr'>τοσοῦτον</span> <span class='ocrx_word' id='word_1_543' title='bbox 1446 2866 1471 2930; x_wconf 89' lang='grc' dir='ltr'>ἐς</span> <span class='ocrx_word' id='word_1_544' title='bbox 1489 2862 1610 2939; x_wconf 89' lang='grc' dir='ltr'>πυθμένα</span> <span class='ocrx_word' id='word_1_545' title='bbox 1633 2864 1698 2922; x_wconf 86' lang='grc' dir='ltr'>δυσ·</span> 
     </span>
     <span class='ocr_line' id='line_1_63' title="bbox 923 2948 1698 3031; baseline 0.001 -22"><span class='ocrx_word' id='word_1_546' title='bbox 923 2950 1015 3028; x_wconf 90' lang='grc' dir='ltr'>τυχίας</span> <span class='ocrx_word' id='word_1_547' title='bbox 1028 2948 1074 3010; x_wconf 89' lang='grc' dir='ltr'>καί</span> <span class='ocrx_word' id='word_1_548' title='bbox 1085 2948 1288 3027; x_wconf 89' lang='grc' dir='ltr'>κακοδαιμονίας</span> <span class='ocrx_word' id='word_1_549' title='bbox 1298 2951 1436 3031; x_wconf 82' lang='grc' dir='ltr'>κατήχθη·</span> <span class='ocrx_word' id='word_1_550' title='bbox 1449 2952 1495 3010; x_wconf 89' lang='grc' dir='ltr'>καί</span> <span class='ocrx_word' id='word_1_551' title='bbox 1508 2955 1698 3030; x_wconf 90' lang='grc' dir='ltr'>μακαρισθεῖσα</span> 
     </span>
     <span class='ocr_line' id='line_1_64' title="bbox 924 3036 1697 3118; baseline 0.003 -23"><span class='ocrx_word' id='word_1_552' title='bbox 924 3036 1015 3116; x_wconf 85' lang='grc' dir='ltr'>πρώην</span> <span class='ocrx_word' id='word_1_553' title='bbox 1032 3038 1083 3097; x_wconf 90' lang='grc' dir='ltr'>ὑπδ</span> <span class='ocrx_word' id='word_1_554' title='bbox 1097 3040 1218 3115; x_wconf 88' lang='grc' dir='ltr'>πολλῶν,</span> <span class='ocrx_word' id='word_1_555' title='bbox 1238 3044 1281 3098; x_wconf 91' lang='grc' dir='ltr'>νῦν</span> <span class='ocrx_word' id='word_1_556' title='bbox 1307 3041 1359 3099; x_wconf 88' lang='grc' dir='ltr'>ὑπδ</span> <span class='ocrx_word' id='word_1_557' title='bbox 1381 3038 1486 3098; x_wconf 90' lang='grc' dir='ltr'>πάντων</span> <span class='ocrx_word' id='word_1_558' title='bbox 1507 3039 1637 3118; x_wconf 79' lang='grc' dir='ltr'>δυστυχής</span> <span class='ocrx_word' id='word_1_559' title='bbox 1652 3040 1697 3098; x_wconf 83' lang='grc' dir='ltr'>καί</span> 
     </span>
     <span class='ocr_line' id='line_1_65' title="bbox 926 3122 1697 3207; baseline 0.005 -25"><span class='ocrx_word' id='word_1_560' title='bbox 926 3122 1094 3203; x_wconf 86' lang='grc' dir='ltr'>βαρυδαίμων</span> <span class='ocrx_word' id='word_1_561' title='bbox 1109 3122 1212 3183; x_wconf 87' lang='grc' dir='ltr'>ἀκούει·</span> <span class='ocrx_word' id='word_1_562' title='bbox 1232 3126 1278 3183; x_wconf 87' lang='grc' dir='ltr'>καί</span> <span class='ocrx_word' id='word_1_563' title='bbox 1297 3125 1377 3205; x_wconf 86' lang='grc' dir='ltr'>μέχρι</span> <span class='ocrx_word' id='word_1_564' title='bbox 1397 3124 1536 3207; x_wconf 87' lang='grc' dir='ltr'>τερμάτων</span> <span class='ocrx_word' id='word_1_565' title='bbox 1548 3130 1596 3198; x_wconf 79' lang='grc' dir='ltr'>τῆς</span> <span class='ocrx_word' id='word_1_566' title='bbox 1607 3130 1697 3187; x_wconf 91' lang='grc' dir='ltr'>οἰκου-</span> 
     </span>
     <span class='ocr_line' id='line_1_66' title="bbox 924 3210 1697 3293; baseline 0.003 -22"><span class='ocrx_word' id='word_1_567' title='bbox 924 3210 1005 3289; x_wconf 90' lang='grc' dir='ltr'>μένης</span> <span class='ocrx_word' id='word_1_568' title='bbox 1024 3214 1187 3293; x_wconf 89' lang='grc' dir='ltr'>προελθοῦσα</span> <span class='ocrx_word' id='word_1_569' title='bbox 1205 3216 1239 3292; x_wconf 83' lang='grc' dir='ltr'>τῇ</span> <span class='ocrx_word' id='word_1_570' title='bbox 1254 3212 1334 3293; x_wconf 83' lang='grc' dir='ltr'>δόξῃ,</span> <span class='ocrx_word' id='word_1_571' title='bbox 1349 3219 1393 3270; x_wconf 88' lang='grc' dir='ltr'>νῦν</span> <span class='ocrx_word' id='word_1_572' title='bbox 1408 3222 1496 3271; x_wconf 80' lang='grc' dir='ltr'>πᾶσαν</span> <span class='ocrx_word' id='word_1_573' title='bbox 1514 3217 1580 3289; x_wconf 88' lang='grc' dir='ltr'>θμοῦ</span> <span class='ocrx_word' id='word_1_574' title='bbox 1600 3218 1648 3291; x_wconf 79' lang='grc' dir='ltr'>γῆν</span> <span class='ocrx_word' id='word_1_575' title='bbox 1667 3239 1697 3273; x_wconf 91' lang='grc' dir='ltr'>τε</span> 
     </span>
     <span class='ocr_line' id='line_1_67' title="bbox 925 3295 1698 3387; baseline 0.001 -27"><span class='ocrx_word' id='word_1_576' title='bbox 925 3304 970 3360; x_wconf 85' lang='grc' dir='ltr'>καί</span> <span class='ocrx_word' id='word_1_577' title='bbox 991 3295 1127 3365; x_wconf 74' lang='grc' dir='ltr'>θάλασσαν</span> <span class='ocrx_word' id='word_1_578' title='bbox 1145 3300 1244 3376; x_wconf 78' lang='grc' dir='ltr'>μεστήν</span> <span class='ocrx_word' id='word_1_579' title='bbox 1253 3302 1382 3373; x_wconf 84' lang='grc' dir='ltr'>πεποίηκε</span> <span class='ocrx_word' id='word_1_580' title='bbox 1393 3305 1445 3362; x_wconf 88' lang='grc' dir='ltr'>τῶν</span> <span class='ocrx_word' id='word_1_581' title='bbox 1459 3304 1552 3387; x_wconf 70' lang='grc' dir='ltr'>ἑαυτῆς</span> <span class='ocrx_word' id='word_1_582' title='bbox 1562 3301 1698 3383; x_wconf 86' lang='grc' dir='ltr'>ξυμφορῶν</span> 
     </span>
     <span class='ocr_line' id='line_1_68' title="bbox 924 3388 1697 3469; baseline 0 -22"><span class='ocrx_word' id='word_1_583' title='bbox 924 3388 971 3447; x_wconf 78' lang='grc' dir='ltr'>καί</span> <span class='ocrx_word' id='word_1_584' title='bbox 987 3393 1033 3459; x_wconf 69' lang='grc' dir='ltr'>τῆς</span> <span class='ocrx_word' id='word_1_585' title='bbox 1048 3389 1114 3457; x_wconf 85' lang='grc' dir='ltr'>ἰδίας</span> <span class='ocrx_word' id='word_1_586' title='bbox 1129 3388 1232 3459; x_wconf 86' lang='grc' dir='ltr'>ἀδοξίας</span> <span class='ocrx_word' id='word_1_587' title='bbox 1243 3388 1386 3461; x_wconf 76' lang='grc' dir='ltr'>ἀνέπλησε,</span> <span class='ocrx_word' id='word_1_588' title='bbox 1401 3393 1539 3469; x_wconf 88' lang='grc' dir='ltr'>πανταχοῦ</span> <span class='ocrx_word' id='word_1_589' title='bbox 1555 3394 1603 3463; x_wconf 77' lang='grc' dir='ltr'>τῆς</span> <span class='ocrx_word' id='word_1_590' title='bbox 1617 3390 1697 3461; x_wconf 78' lang='grc' dir='ltr'>αὐτῆς</span> 
     </span>
     <span class='ocr_line' id='line_1_69' title="bbox 923 3475 1697 3559; baseline 0 -22"><span class='ocrx_word' id='word_1_591' title='bbox 923 3477 1129 3556; x_wconf 88' lang='grc' dir='ltr'>κακοδαιμονίας</span> <span class='ocrx_word' id='word_1_592' title='bbox 1146 3475 1326 3555; x_wconf 85' lang='grc' dir='ltr'>ὑπομνήματα</span> <span class='ocrx_word' id='word_1_593' title='bbox 1345 3479 1459 3559; x_wconf 85' lang='grc' dir='ltr'>φέρουσα</span> <span class='ocrx_word' id='word_1_594' title='bbox 1473 3475 1532 3545; x_wconf 81' lang='grc' dir='ltr'>τοῦς</span> <span class='ocrx_word' id='word_1_595' title='bbox 1545 3477 1697 3558; x_wconf 85' lang='grc' dir='ltr'>οἰκήτορας,</span> 
     </span>
     <span class='ocr_line' id='line_1_70' title="bbox 924 3564 1697 3647; baseline 0 -24"><span class='ocrx_word' id='word_1_596' title='bbox 924 3564 1021 3644; x_wconf 86' lang='grc' dir='ltr'>ἀνδρας</span> <span class='ocrx_word' id='word_1_597' title='bbox 1039 3569 1105 3641; x_wconf 85' lang='grc' dir='ltr'>όμοῦ</span> <span class='ocrx_word' id='word_1_598' title='bbox 1124 3564 1170 3623; x_wconf 90' lang='grc' dir='ltr'>καί</span> <span class='ocrx_word' id='word_1_599' title='bbox 1185 3575 1310 3643; x_wconf 82' lang='grc' dir='ltr'>γυναῖκας</span> <span class='ocrx_word' id='word_1_600' title='bbox 1328 3564 1374 3623; x_wconf 84' lang='grc' dir='ltr'>καί</span> <span class='ocrx_word' id='word_1_601' title='bbox 1389 3566 1485 3630; x_wconf 88' lang='grc' dir='ltr'>παῖδας</span> <span class='ocrx_word' id='word_1_602' title='bbox 1506 3566 1697 3647; x_wconf 85' lang='grc' dir='ltr'>διασπαρέντας</span> 
     </span>
     <span class='ocr_line' id='line_1_71' title="bbox 922 3651 1695 3733; baseline 0.001 -23"><span class='ocrx_word' id='word_1_603' title='bbox 922 3656 1041 3733; x_wconf 79' lang='grc' dir='ltr'>αἰσχρῶς</span> <span class='ocrx_word' id='word_1_604' title='bbox 1055 3654 1095 3711; x_wconf 76' lang='grc' dir='ltr'>ἐπ’</span> <span class='ocrx_word' id='word_1_605' title='bbox 1104 3653 1274 3733; x_wconf 74' lang='grc' dir='ltr'>αἰχμαλωσίᾳ</span> <span class='ocrx_word' id='word_1_606' title='bbox 1288 3652 1334 3711; x_wconf 86' lang='grc' dir='ltr'>καί</span> <span class='ocrx_word' id='word_1_607' title='bbox 1346 3652 1450 3733; x_wconf 84' lang='grc' dir='ltr'>δουλείᾳ</span> <span class='ocrx_word' id='word_1_608' title='bbox 1459 3651 1503 3710; x_wconf 82' lang='grc' dir='ltr'>καί</span> <span class='ocrx_word' id='word_1_609' title='bbox 1518 3651 1607 3733; x_wconf 77' lang='grc' dir='ltr'>δόρει·</span> <span class='ocrx_word' id='word_1_610' title='bbox 1622 3654 1695 3725; x_wconf 72' lang='grc' dir='ltr'>καὶὴ</span> 
     </span>
     <span class='ocr_line' id='line_1_72' title="bbox 922 3739 1696 3821; baseline 0.001 -22"><span class='ocrx_word' id='word_1_611' title='bbox 922 3743 1026 3799; x_wconf 88' lang='grc' dir='ltr'>πολλῶν</span> <span class='ocrx_word' id='word_1_612' title='bbox 1035 3743 1116 3819; x_wconf 88' lang='grc' dir='ltr'>γενῶν</span> <span class='ocrx_word' id='word_1_613' title='bbox 1124 3739 1257 3820; x_wconf 78' lang='grc' dir='ltr'>ἐπάρξασα</span> <span class='ocrx_word' id='word_1_614' title='bbox 1265 3740 1389 3821; x_wconf 88' lang='grc' dir='ltr'>πρότερον</span> <span class='ocrx_word' id='word_1_615' title='bbox 1400 3741 1467 3815; x_wconf 79' lang='grc' dir='ltr'>μετά</span> <span class='ocrx_word' id='word_1_616' title='bbox 1475 3744 1554 3812; x_wconf 78' lang='grc' dir='ltr'>τιμῆς</span> <span class='ocrx_word' id='word_1_617' title='bbox 1568 3740 1612 3799; x_wconf 84' lang='grc' dir='ltr'>καί</span> <span class='ocrx_word' id='word_1_618' title='bbox 1623 3740 1696 3813; x_wconf 82' lang='grc' dir='ltr'>δόξης</span> 
     </span>
     <span class='ocr_line' id='line_1_73' title="bbox 921 3826 1695 3908; baseline -0.001 -22"><span class='ocrx_word' id='word_1_619' title='bbox 921 3828 968 3886; x_wconf 86' lang='grc' dir='ltr'>καὶ</span> <span class='ocrx_word' id='word_1_620' title='bbox 976 3828 1089 3888; x_wconf 87' lang='grc' dir='ltr'>πλούτου</span> <span class='ocrx_word' id='word_1_621' title='bbox 1098 3826 1145 3885; x_wconf 84' lang='grc' dir='ltr'>καί</span> <span class='ocrx_word' id='word_1_622' title='bbox 1157 3826 1324 3908; x_wconf 87' lang='grc' dir='ltr'>περιφανείας</span> <span class='ocrx_word' id='word_1_623' title='bbox 1334 3831 1472 3906; x_wconf 75' lang='grc' dir='ltr'>λαμπράς,</span> <span class='ocrx_word' id='word_1_624' title='bbox 1487 3831 1532 3884; x_wconf 91' lang='grc' dir='ltr'>νῦν</span> <span class='ocrx_word' id='word_1_625' title='bbox 1546 3830 1590 3907; x_wconf 85' lang='grc' dir='ltr'>ὑφ’</span> <span class='ocrx_word' id='word_1_626' title='bbox 1600 3826 1695 3907; x_wconf 83' lang='grc' dir='ltr'>ἑτέρων</span> 
     </span>
    </p>
   </div>
   <div class='ocr_carea' id='block_1_6' title="bbox 905 3913 1696 3993">
    <p class='ocr_par' dir='ltr' id='par_1_7' title="bbox 905 3913 1696 3993">
     <span class='ocr_line' id='line_1_74' title="bbox 905 3913 1696 3993; baseline 0 -20"><span class='ocrx_word' id='word_1_627' title='bbox 905 3915 1035 3993; x_wconf 87' lang='grc' dir='ltr'>-οίρχεται</span> <span class='ocrx_word' id='word_1_628' title='bbox 1057 3914 1124 3991; x_wconf 89' lang='grc' dir='ltr'>μετδι</span> <span class='ocrx_word' id='word_1_629' title='bbox 1145 3914 1234 3981; x_wconf 89' lang='grc' dir='ltr'>πενίας</span> <span class='ocrx_word' id='word_1_630' title='bbox 1256 3915 1300 3974; x_wconf 98' lang='grc' dir='ltr'>καί</span> <span class='ocrx_word' id='word_1_631' title='bbox 1322 3914 1425 3981; x_wconf 86' lang='grc' dir='ltr'>ἀδοξίας</span> <span class='ocrx_word' id='word_1_632' title='bbox 1445 3914 1491 3974; x_wconf 84' lang='grc' dir='ltr'>καί</span> <span class='ocrx_word' id='word_1_633' title='bbox 1521 3913 1628 3991; x_wconf 87' lang='grc' dir='ltr'>ἀτιμίας</span> <span class='ocrx_word' id='word_1_634' title='bbox 1650 3914 1696 3973; x_wconf 87' lang='grc' dir='ltr'>καί</span> 
     </span>
    </p>
   </div>
   <div class='ocr_carea' id='block_1_7' title="bbox 97 3992 1694 4347">
    <p class='ocr_par' dir='ltr' id='par_1_8' title="bbox 97 3992 1694 4347">
     <span class='ocr_line' id='line_1_75' title="bbox 97 3992 1694 4081; baseline -0.001 -18"><span class='ocrx_word' id='word_1_635' title='bbox 97 3996 227 4077; x_wconf 74' lang='grc' dir='ltr'>ήναὺτοῖς</span> <span class='ocrx_word' id='word_1_636' title='bbox 239 4003 364 4069; x_wconf 86' lang='grc' dir='ltr'>πολλάκις</span> <span class='ocrx_word' id='word_1_637' title='bbox 376 4002 406 4061; x_wconf 80' lang='grc' dir='ltr'>τὸ</span> <span class='ocrx_word' id='word_1_638' title='bbox 426 4000 475 4073; x_wconf 72' lang='grc' dir='ltr'>τήν</span> <span class='ocrx_word' id='word_1_639' title='bbox 489 4001 564 4061; x_wconf 90' lang='grc' dir='ltr'>πόλιν</span> <span class='ocrx_word' id='word_1_640' title='bbox 579 4001 691 4077; x_wconf 86' lang='grc' dir='ltr'>δλῶναι,</span> <span class='ocrx_word' id='word_1_641' title='bbox 708 4002 867 4081; x_wconf 74' lang='grc' dir='ltr'>ἀπαλλαγήν</span> <span class='ocrx_word' id='word_1_642' title='bbox 923 4004 1039 4070; x_wconf 86' lang='grc' dir='ltr'>δουλείας</span> <span class='ocrx_word' id='word_1_643' title='bbox 1061 4002 1213 4079; x_wconf 85' lang='grc' dir='ltr'>αἰσχίστης·</span> <span class='ocrx_word' id='word_1_644' title='bbox 1235 4002 1282 4060; x_wconf 91' lang='grc' dir='ltr'>καί</span> <span class='ocrx_word' id='word_1_645' title='bbox 1299 4002 1468 4081; x_wconf 89' lang='grc' dir='ltr'>παράδειγμα</span> <span class='ocrx_word' id='word_1_646' title='bbox 1495 4001 1602 4060; x_wconf 91' lang='grc' dir='ltr'>πάντων</span> <span class='ocrx_word' id='word_1_647' title='bbox 1627 3992 1694 4062; x_wconf 74' lang='grc' dir='ltr'>οάσα</span> 
     </span>
     <span class='ocr_line' id='line_1_76' title="bbox 100 4087 1694 4168; baseline -0.001 -18"><span class='ocrx_word' id='word_1_648' title='bbox 100 4094 130 4149; x_wconf 87' lang='grc' dir='ltr'>έκ</span> <span class='ocrx_word' id='word_1_649' title='bbox 150 4090 242 4150; x_wconf 91' lang='grc' dir='ltr'>τούτου</span> <span class='ocrx_word' id='word_1_650' title='bbox 266 4094 318 4149; x_wconf 89' lang='grc' dir='ltr'>τῶν</span> <span class='ocrx_word' id='word_1_651' title='bbox 339 4090 470 4167; x_wconf 86' lang='grc' dir='ltr'>μεγίστοιν</span> <span class='ocrx_word' id='word_1_652' title='bbox 490 4094 579 4148; x_wconf 90' lang='grc' dir='ltr'>κακῶν</span> <span class='ocrx_word' id='word_1_653' title='bbox 601 4089 727 4164; x_wconf 82' lang='grc' dir='ltr'>οἰομένοις</span> <span class='ocrx_word' id='word_1_654' title='bbox 748 4091 867 4168; x_wconf 89' lang='grc' dir='ltr'>εὑρέσθαι</span> <span class='ocrx_word' id='word_1_655' title='bbox 922 4092 1011 4149; x_wconf 87' lang='grc' dir='ltr'>καλῶν</span> <span class='ocrx_word' id='word_1_656' title='bbox 1034 4090 1081 4150; x_wconf 87' lang='grc' dir='ltr'>καί</span> <span class='ocrx_word' id='word_1_657' title='bbox 1105 4092 1229 4167; x_wconf 78' lang='grc' dir='ltr'>λαμπρᾶς</span> <span class='ocrx_word' id='word_1_658' title='bbox 1254 4088 1419 4167; x_wconf 87' lang='grc' dir='ltr'>εὑδαιμονίας</span> <span class='ocrx_word' id='word_1_659' title='bbox 1436 4087 1527 4164; x_wconf 81' lang='grc' dir='ltr'>εἰκών,</span> <span class='ocrx_word' id='word_1_660' title='bbox 1547 4094 1593 4149; x_wconf 84' lang='grc' dir='ltr'>νῦν</span> <span class='ocrx_word' id='word_1_661' title='bbox 1618 4089 1694 4149; x_wconf 85' lang='grc' dir='ltr'>εἰκών</span> 
     </span>
     <span class='ocr_line' id='line_1_77' title="bbox 100 4173 1692 4261; baseline 0.003 -27"><span class='ocrx_word' id='word_1_662' title='bbox 100 4176 166 4255; x_wconf 79' lang='grc' dir='ltr'>ήτῷ</span> <span class='ocrx_word' id='word_1_663' title='bbox 187 4176 290 4257; x_wconf 85' lang='grc' dir='ltr'>θανάτιρ</span> <span class='ocrx_word' id='word_1_664' title='bbox 303 4176 321 4247; x_wconf 70' lang='grc' dir='ltr'>ἢ</span> <span class='ocrx_word' id='word_1_665' title='bbox 333 4180 366 4255; x_wconf 80' lang='grc' dir='ltr'>τῇ</span> <span class='ocrx_word' id='word_1_666' title='bbox 378 4174 490 4254; x_wconf 86' lang='grc' dir='ltr'>δουλείᾳ.</span> <span class='ocrx_word' id='word_1_667' title='bbox 506 4173 599 4244; x_wconf 88' lang='grc' dir='ltr'>Οὑτως</span> <span class='ocrx_word' id='word_1_668' title='bbox 621 4176 693 4235; x_wconf 80' lang='grc' dir='ltr'>οῦδὲν</span> <span class='ocrx_word' id='word_1_669' title='bbox 708 4175 740 4234; x_wconf 83' lang='grc' dir='ltr'>τά</span> <span class='ocrx_word' id='word_1_670' title='bbox 755 4180 807 4235; x_wconf 88' lang='grc' dir='ltr'>τῶν</span> <span class='ocrx_word' id='word_1_671' title='bbox 819 4178 868 4237; x_wconf 87' lang='grc' dir='ltr'>πό·</span> <span class='ocrx_word' id='word_1_672' title='bbox 922 4181 979 4237; x_wconf 80' lang='grc' dir='ltr'>ἐστι</span> <span class='ocrx_word' id='word_1_673' title='bbox 989 4179 1128 4257; x_wconf 83' lang='grc' dir='ltr'>δυστυχίας</span> <span class='ocrx_word' id='word_1_674' title='bbox 1147 4178 1193 4237; x_wconf 90' lang='grc' dir='ltr'>καί</span> <span class='ocrx_word' id='word_1_675' title='bbox 1204 4176 1332 4258; x_wconf 86' lang='grc' dir='ltr'>μεγίστων</span> <span class='ocrx_word' id='word_1_676' title='bbox 1341 4176 1481 4261; x_wconf 83' lang='grc' dir='ltr'>ξυμφορῶν</span> <span class='ocrx_word' id='word_1_677' title='bbox 1488 4178 1633 4255; x_wconf 89' lang='grc' dir='ltr'>ὑπόμνημα</span> <span class='ocrx_word' id='word_1_678' title='bbox 1647 4178 1692 4238; x_wconf 82' lang='grc' dir='ltr'>καὶ</span> 
     </span>
     <span class='ocr_line' id='line_1_78' title="bbox 98 4258 1691 4347; baseline 0.002 -25"><span class='ocrx_word' id='word_1_679' title='bbox 98 4267 162 4322; x_wconf 90' lang='grc' dir='ltr'>λεων</span> <span class='ocrx_word' id='word_1_680' title='bbox 177 4266 280 4324; x_wconf 84' lang='grc' dir='ltr'>ἰκείνων</span> <span class='ocrx_word' id='word_1_681' title='bbox 291 4262 423 4342; x_wconf 87' lang='grc' dir='ltr'>πτώματα</span> <span class='ocrx_word' id='word_1_682' title='bbox 440 4264 504 4341; x_wconf 86' lang='grc' dir='ltr'>πρὸς</span> <span class='ocrx_word' id='word_1_683' title='bbox 521 4264 552 4323; x_wconf 86' lang='grc' dir='ltr'>τδ</span> <span class='ocrx_word' id='word_1_684' title='bbox 565 4264 663 4336; x_wconf 89' lang='grc' dir='ltr'>ταύτης</span> <span class='ocrx_word' id='word_1_685' title='bbox 678 4266 743 4325; x_wconf 81' lang='grc' dir='ltr'>εἰσίν</span> <span class='ocrx_word' id='word_1_686' title='bbox 757 4258 800 4324; x_wconf 79' lang='grc' dir='ltr'>οἶα</span> <span class='ocrx_word' id='word_1_687' title='bbox 819 4266 864 4324; x_wconf 88' lang='grc' dir='ltr'>καί</span> <span class='ocrx_word' id='word_1_688' title='bbox 922 4265 1007 4339; x_wconf 88' lang='grc' dir='ltr'>στήλη</span> <span class='ocrx_word' id='word_1_689' title='bbox 1018 4266 1221 4343; x_wconf 90' lang='grc' dir='ltr'>κακοδαιμονίας</span> <span class='ocrx_word' id='word_1_690' title='bbox 1238 4266 1284 4325; x_wconf 84' lang='grc' dir='ltr'>καί</span> <span class='ocrx_word' id='word_1_691' title='bbox 1300 4272 1379 4344; x_wconf 92' lang='grc' dir='ltr'>μῦθος</span> <span class='ocrx_word' id='word_1_692' title='bbox 1390 4272 1427 4347; x_wconf 83' lang='grc' dir='ltr'>τῷ</span> <span class='ocrx_word' id='word_1_693' title='bbox 1443 4266 1502 4347; x_wconf 84' lang='grc' dir='ltr'>βίῳ.</span> <span class='ocrx_word' id='word_1_694' title='bbox 1547 4266 1581 4345; x_wconf 80' lang='grc' dir='ltr'>(ε)</span> <span class='ocrx_word' id='word_1_695' title='bbox 1597 4265 1691 4333; x_wconf 79' lang='grc' dir='ltr'>Οὕτως</span> 
     </span>
    </p>
   </div>
   <div class='ocr_carea' id='block_1_8' title="bbox 99 4350 1694 4433">
    <p class='ocr_par' dir='ltr' id='par_1_9' title="bbox 99 4350 1694 4433">
     <span class='ocr_line' id='line_1_79' title="bbox 99 4350 1694 4433; baseline 0 -22"><span class='ocrx_word' id='word_1_696' title='bbox 99 4350 323 4431; x_wconf 80' lang='grc' dir='ltr'>παραόάλλεαθαι.</span> <span class='ocrx_word' id='word_1_697' title='bbox 367 4351 400 4429; x_wconf 81' lang='grc' dir='ltr'>(ε)</span> <span class='ocrx_word' id='word_1_698' title='bbox 417 4350 471 4411; x_wconf 78' lang='grc' dir='ltr'>Καί</span> <span class='ocrx_word' id='word_1_699' title='bbox 484 4351 563 4410; x_wconf 85' lang='grc' dir='ltr'>ἄλλαι</span> <span class='ocrx_word' id='word_1_700' title='bbox 572 4353 600 4412; x_wconf 80' lang='grc' dir='ltr'>δί</span> <span class='ocrx_word' id='word_1_701' title='bbox 613 4354 700 4419; x_wconf 86' lang='grc' dir='ltr'>πολεις</span> <span class='ocrx_word' id='word_1_702' title='bbox 710 4354 806 4413; x_wconf 82' lang='grc' dir='ltr'>πολλαί</span> <span class='ocrx_word' id='word_1_703' title='bbox 820 4353 867 4412; x_wconf 84' lang='grc' dir='ltr'>καί</span> <span class='ocrx_word' id='word_1_704' title='bbox 920 4354 994 4414; x_wconf 76' lang='grc' dir='ltr'>οἰδὲν</span> <span class='ocrx_word' id='word_1_705' title='bbox 1004 4357 1055 4413; x_wconf 90' lang='grc' dir='ltr'>τῶν</span> <span class='ocrx_word' id='word_1_706' title='bbox 1061 4353 1225 4433; x_wconf 87' lang='grc' dir='ltr'>ἀνθρωπίνων</span> <span class='ocrx_word' id='word_1_707' title='bbox 1235 4354 1327 4414; x_wconf 88' lang='grc' dir='ltr'>πιστὸν</span> <span class='ocrx_word' id='word_1_708' title='bbox 1338 4352 1397 4413; x_wconf 77' lang='grc' dir='ltr'>οὑδὲ</span> <span class='ocrx_word' id='word_1_709' title='bbox 1406 4352 1524 4433; x_wconf 84' lang='grc' dir='ltr'>βέόαιον,</span> <span class='ocrx_word' id='word_1_710' title='bbox 1533 4354 1694 4415; x_wconf 80' lang='grc' dir='ltr'>ἀλλάπάντα</span> 
     </span>
    </p>
   </div>
   <div class='ocr_carea' id='block_1_9' title="bbox 95 4438 1694 4612">
    <p class='ocr_par' dir='ltr' id='par_1_10' title="bbox 95 4438 1694 4612">
     <span class='ocr_line' id='line_1_80' title="bbox 99 4438 1694 4523; baseline 0.003 -26"><span class='ocrx_word' id='word_1_711' title='bbox 99 4441 210 4516; x_wconf 88' lang='grc' dir='ltr'>μεγάλαι</span> <span class='ocrx_word' id='word_1_712' title='bbox 237 4438 264 4497; x_wconf 85' lang='grc' dir='ltr'>ἐν</span> <span class='ocrx_word' id='word_1_713' title='bbox 288 4461 317 4498; x_wconf 91' lang='grc' dir='ltr'>τι</span> <span class='ocrx_word' id='word_1_714' title='bbox 339 4438 413 4517; x_wconf 75' lang='grc' dir='ltr'>Ἀσίᾳ</span> <span class='ocrx_word' id='word_1_715' title='bbox 433 4440 478 4499; x_wconf 85' lang='grc' dir='ltr'>καί</span> <span class='ocrx_word' id='word_1_716' title='bbox 510 4439 625 4520; x_wconf 83' lang='grc' dir='ltr'>Εὐρώπη</span> <span class='ocrx_word' id='word_1_717' title='bbox 659 4442 794 4518; x_wconf 80' lang='grc' dir='ltr'>ἑάλωσαν,</span> <span class='ocrx_word' id='word_1_718' title='bbox 821 4443 866 4501; x_wconf 85' lang='grc' dir='ltr'>καί</span> <span class='ocrx_word' id='word_1_719' title='bbox 924 4442 998 4513; x_wconf 89' lang='grc' dir='ltr'>δίκην</span> <span class='ocrx_word' id='word_1_720' title='bbox 1014 4442 1120 4523; x_wconf 82' lang='grc' dir='ltr'>εὖρίπου</span> <span class='ocrx_word' id='word_1_721' title='bbox 1137 4442 1191 4501; x_wconf 89' lang='grc' dir='ltr'>ἀνω</span> <span class='ocrx_word' id='word_1_722' title='bbox 1203 4443 1248 4501; x_wconf 85' lang='grc' dir='ltr'>καὶ</span> <span class='ocrx_word' id='word_1_723' title='bbox 1258 4443 1331 4503; x_wconf 89' lang='grc' dir='ltr'>κάτω</span> <span class='ocrx_word' id='word_1_724' title='bbox 1343 4442 1491 4523; x_wconf 84' lang='grc' dir='ltr'>στροόείται</span> <span class='ocrx_word' id='word_1_725' title='bbox 1505 4442 1550 4504; x_wconf 84' lang='grc' dir='ltr'>καὶ</span> <span class='ocrx_word' id='word_1_726' title='bbox 1560 4442 1694 4523; x_wconf 86' lang='grc' dir='ltr'>περιφέρι·</span> 
     </span>
     <span class='ocr_line' id='line_1_81' title="bbox 95 4524 1693 4612; baseline 0.001 -26"><span class='ocrx_word' id='word_1_727' title='bbox 95 4526 200 4607; x_wconf 78' lang='grc' dir='ltr'>πλούτῳ</span> <span class='ocrx_word' id='word_1_728' title='bbox 210 4524 256 4586; x_wconf 84' lang='grc' dir='ltr'>καί</span> <span class='ocrx_word' id='word_1_729' title='bbox 267 4526 328 4607; x_wconf 78' lang='grc' dir='ltr'>δόξη</span> <span class='ocrx_word' id='word_1_730' title='bbox 342 4526 388 4585; x_wconf 83' lang='grc' dir='ltr'>καὶ</span> <span class='ocrx_word' id='word_1_731' title='bbox 397 4526 476 4607; x_wconf 82' lang='grc' dir='ltr'>σοφίᾳ</span> <span class='ocrx_word' id='word_1_732' title='bbox 490 4528 534 4585; x_wconf 92' lang='grc' dir='ltr'>καί</span> <span class='ocrx_word' id='word_1_733' title='bbox 549 4530 629 4609; x_wconf 81' lang='grc' dir='ltr'>ἀρετῇ</span> <span class='ocrx_word' id='word_1_734' title='bbox 639 4532 690 4587; x_wconf 86' lang='grc' dir='ltr'>τῶν</span> <span class='ocrx_word' id='word_1_735' title='bbox 701 4530 866 4589; x_wconf 85' lang='grc' dir='ltr'>ἐνοικούντων</span> <span class='ocrx_word' id='word_1_736' title='bbox 920 4553 965 4590; x_wconf 89' lang='grc' dir='ltr'>ται</span> <span class='ocrx_word' id='word_1_737' title='bbox 974 4531 1030 4597; x_wconf 79' lang='grc' dir='ltr'>ταῖς</span> <span class='ocrx_word' id='word_1_738' title='bbox 1043 4530 1225 4612; x_wconf 85' lang='grc' dir='ltr'>ἀγχιστρόφοις</span> <span class='ocrx_word' id='word_1_739' title='bbox 1235 4536 1281 4591; x_wconf 88' lang='grc' dir='ltr'>τοῦ</span> <span class='ocrx_word' id='word_1_740' title='bbox 1298 4530 1354 4611; x_wconf 79' lang='grc' dir='ltr'>βίου</span> <span class='ocrx_word' id='word_1_741' title='bbox 1373 4530 1547 4609; x_wconf 81' lang='grc' dir='ltr'>μεταόολαῖς,</span> <span class='ocrx_word' id='word_1_742' title='bbox 1566 4531 1693 4599; x_wconf 81' lang='grc' dir='ltr'>παίζοντα</span> 
     </span>
    </p>
   </div>
   <div class='ocr_carea' id='block_1_10' title="bbox 77 4700 1693 5262">
    <p class='ocr_par' dir='ltr' id='par_1_11' title="bbox 98 4700 1692 4770">
     <span class='ocr_line' id='line_1_82' title="bbox 98 4700 1692 4770; baseline 0.002 -20"><span class='ocrx_word' id='word_1_743' title='bbox 98 4703 240 4768; x_wconf 77' lang='grc' dir='ltr'>ναῶν]νιῶυ</span> <span class='ocrx_word' id='word_1_744' title='bbox 252 4718 319 4753; x_wconf 73' lang='lat' dir='ltr'><strong>man.</strong></span> <span class='ocrx_word' id='word_1_745' title='bbox 334 4704 485 4753; x_wconf 79' lang='lat' dir='ltr'>2inrasura.</span> <span class='ocrx_word' id='word_1_746' title='bbox 502 4700 556 4765; x_wconf 80' lang='lat' dir='ltr'>ss—</span> <span class='ocrx_word' id='word_1_747' title='bbox 570 4704 584 4767; x_wconf 92' lang='lat'>§</span> <span class='ocrx_word' id='word_1_748' title='bbox 600 4708 622 4753; x_wconf 78' lang='lat'>8.</span> <span class='ocrx_word' id='word_1_749' title='bbox 643 4708 685 4758; x_wconf 79' lang='grc' dir='ltr'>τὴν</span> <span class='ocrx_word' id='word_1_750' title='bbox 698 4704 799 4769; x_wconf 79' lang='grc' dir='ltr'>ἀνριὸῆ]</span> <span class='ocrx_word' id='word_1_751' title='bbox 809 4703 867 4753; x_wconf 69' lang='lat' dir='ltr'><strong>add.</strong></span> <span class='ocrx_word' id='word_1_752' title='bbox 884 4718 949 4767; x_wconf 76' lang='grc' dir='ltr'>τιηςο.</span> <span class='ocrx_word' id='word_1_753' title='bbox 970 4704 980 4766; x_wconf 85' lang='grc' dir='ltr'>Ι]</span> <span class='ocrx_word' id='word_1_754' title='bbox 995 4704 1050 4767; x_wconf 89' lang='lat'>-§</span> <span class='ocrx_word' id='word_1_755' title='bbox 1062 4712 1084 4754; x_wconf 81' lang='lat'>6.</span> <span class='ocrx_word' id='word_1_756' title='bbox 1097 4705 1293 4770; x_wconf 80' lang='grc' dir='ltr'>μετοικισθεῖσα]</span> <span class='ocrx_word' id='word_1_757' title='bbox 1303 4706 1338 4756; x_wconf 79' lang='lat' dir='ltr'>sie</span> <span class='ocrx_word' id='word_1_758' title='bbox 1347 4719 1413 4768; x_wconf 73' lang='lat' dir='ltr'><strong>lngo,</strong></span> <span class='ocrx_word' id='word_1_759' title='bbox 1433 4706 1587 4769; x_wconf 78' lang='grc' dir='ltr'>μετοικίσασα</span> <span class='ocrx_word' id='word_1_760' title='bbox 1599 4706 1692 4755; x_wconf 85' lang='grc' dir='ltr'>1οκ111ε.</span> 
     </span>
    </p>

    <p class='ocr_par' dir='ltr' id='par_1_12' title="bbox 97 4772 1693 4841">
     <span class='ocr_line' id='line_1_83' title="bbox 97 4772 1693 4841; baseline 0.001 -17"><span class='ocrx_word' id='word_1_761' title='bbox 97 4774 167 4825; x_wconf 77' lang='lat' dir='ltr'>fland</span> <span class='ocrx_word' id='word_1_762' title='bbox 176 4775 308 4839; x_wconf 73' lang='lat' dir='ltr'>premenda</span> <span class='ocrx_word' id='word_1_763' title='bbox 323 4778 381 4825; x_wconf 82' lang='grc' dir='ltr'>ειιιιῑ</span> <span class='ocrx_word' id='word_1_764' title='bbox 396 4788 453 4837; x_wconf 65' lang='lat' dir='ltr'>qum</span> <span class='ocrx_word' id='word_1_765' title='bbox 468 4772 500 4823; x_wconf 81' lang='lat' dir='ltr'>de</span> <span class='ocrx_word' id='word_1_766' title='bbox 514 4775 660 4839; x_wconf 76' lang='lat' dir='ltr'><strong>Carthagine</strong></span> <span class='ocrx_word' id='word_1_767' title='bbox 678 4776 718 4826; x_wconf 82' lang='lat' dir='ltr'>bis</span> <span class='ocrx_word' id='word_1_768' title='bbox 731 4792 746 4826; x_wconf 85' lang='grc' dir='ltr'>α</span> <span class='ocrx_word' id='word_1_769' title='bbox 761 4776 871 4839; x_wconf 80' lang='lat' dir='ltr'>Scipione</span> <span class='ocrx_word' id='word_1_770' title='bbox 888 4779 961 4838; x_wconf 75' lang='lat' dir='ltr'>capta</span> <span class='ocrx_word' id='word_1_771' title='bbox 975 4775 1116 4825; x_wconf 73' lang='lat' dir='ltr'>Critobulus</span> <span class='ocrx_word' id='word_1_772' title='bbox 1131 4775 1215 4826; x_wconf 71' lang='lat' dir='ltr'><strong>tradit.</strong></span> <span class='ocrx_word' id='word_1_773' title='bbox 1231 4777 1241 4840; x_wconf 78' lang='lat' dir='ltr'>ss</span> <span class='ocrx_word' id='word_1_774' title='bbox 1259 4778 1320 4841; x_wconf 87' lang='lat'>-§</span> <span class='ocrx_word' id='word_1_775' title='bbox 1336 4780 1359 4827; x_wconf 89' lang='grc'>7.</span> <span class='ocrx_word' id='word_1_776' title='bbox 1369 4776 1494 4841; x_wconf 80' lang='grc' dir='ltr'>Γαλατῶν]</span> <span class='ocrx_word' id='word_1_777' title='bbox 1510 4775 1545 4825; x_wconf 75' lang='lat' dir='ltr'>sic</span> <span class='ocrx_word' id='word_1_778' title='bbox 1557 4788 1626 4839; x_wconf 72' lang='lat' dir='ltr'><strong>lngo,</strong></span> <span class='ocrx_word' id='word_1_779' title='bbox 1638 4777 1693 4839; x_wconf 85' lang='grc' dir='ltr'>Γερ-</span> 
     </span>
    </p>

    <p class='ocr_par' dir='ltr' id='par_1_13' title="bbox 94 4842 1691 4911">
     <span class='ocr_line' id='line_1_84' title="bbox 94 4842 1691 4911; baseline -0.002 -15"><span class='ocrx_word' id='word_1_780' title='bbox 94 4852 174 4906; x_wconf 82' lang='grc' dir='ltr'>μανῶν</span> <span class='ocrx_word' id='word_1_781' title='bbox 183 4850 244 4896; x_wconf 75' lang='grc' dir='ltr'>ίοιί.</span> <span class='ocrx_word' id='word_1_782' title='bbox 266 4844 344 4909; x_wconf 66' lang='lat' dir='ltr'>{l-§</span> <span class='ocrx_word' id='word_1_783' title='bbox 357 4850 381 4896; x_wconf 83' lang='grc' dir='ltr'>θ.</span> <span class='ocrx_word' id='word_1_784' title='bbox 401 4844 505 4909; x_wconf 82' lang='grc' dir='ltr'>ὑπέστη]</span> <span class='ocrx_word' id='word_1_785' title='bbox 518 4847 553 4896; x_wconf 81' lang='grc' dir='ltr'>εἰσ</span> <span class='ocrx_word' id='word_1_786' title='bbox 568 4860 634 4911; x_wconf 74' lang='grc' dir='ltr'>ιιιμο,</span> <span class='ocrx_word' id='word_1_787' title='bbox 654 4847 747 4903; x_wconf 78' lang='grc' dir='ltr'>ἐδέξατο</span> <span class='ocrx_word' id='word_1_788' title='bbox 765 4846 828 4895; x_wconf 78' lang='lat' dir='ltr'><strong>text.</strong></span> <span class='ocrx_word' id='word_1_789' title='bbox 847 4843 858 4907; x_wconf 85' lang='grc' dir='ltr'>ΙΙ</span> <span class='ocrx_word' id='word_1_790' title='bbox 872 4868 904 4879; x_wconf 98' lang='grc'><strong>-</strong></span> <span class='ocrx_word' id='word_1_791' title='bbox 924 4842 1037 4907; x_wconf 81' lang='grc' dir='ltr'>έμρύλια]</span> <span class='ocrx_word' id='word_1_792' title='bbox 1050 4844 1179 4909; x_wconf 75' lang='grc' dir='ltr'>ἐμφύλιοιῖ</span> <span class='ocrx_word' id='word_1_793' title='bbox 1198 4845 1211 4909; x_wconf 87' lang='grc' dir='ltr'>ΙΙ</span> <span class='ocrx_word' id='word_1_794' title='bbox 1227 4872 1259 4884; x_wconf 91' lang='grc'>-</span> <span class='ocrx_word' id='word_1_795' title='bbox 1273 4846 1287 4909; x_wconf 91' lang='lat'>§</span> <span class='ocrx_word' id='word_1_796' title='bbox 1303 4852 1326 4896; x_wconf 84' lang='grc'>9.</span> <span class='ocrx_word' id='word_1_797' title='bbox 1348 4844 1478 4909; x_wconf 83' lang='grc' dir='ltr'>πτώματα]</span> <span class='ocrx_word' id='word_1_798' title='bbox 1497 4844 1533 4893; x_wconf 82' lang='lat' dir='ltr'>sic</span> <span class='ocrx_word' id='word_1_799' title='bbox 1545 4856 1616 4907; x_wconf 77' lang='lat' dir='ltr'><strong>lngo,</strong></span> <span class='ocrx_word' id='word_1_800' title='bbox 1629 4844 1691 4903; x_wconf 87' lang='grc' dir='ltr'>πάθη</span> 
     </span>
    </p>

    <p class='ocr_par' dir='ltr' id='par_1_14' title="bbox 126 4984 1690 5051">
     <span class='ocr_line' id='line_1_85' title="bbox 126 4984 1690 5051; baseline -0.001 -17"><span class='ocrx_word' id='word_1_801' title='bbox 126 4988 207 5035; x_wconf 74' lang='lat' dir='ltr'>Lm.</span> <span class='ocrx_word' id='word_1_802' title='bbox 222 4984 237 5048; x_wconf 88' lang='lat'><em>§</em></span> <span class='ocrx_word' id='word_1_803' title='bbox 252 4990 272 5035; x_wconf 95' lang='grc'>1.</span> <span class='ocrx_word' id='word_1_804' title='bbox 286 4988 411 5051; x_wconf 69' lang='grc' dir='ltr'>διήκοντα]</span> <span class='ocrx_word' id='word_1_805' title='bbox 423 4992 485 5040; x_wconf 82' lang='lat' dir='ltr'><strong>sunt</strong></span> <span class='ocrx_word' id='word_1_806' title='bbox 496 4989 555 5039; x_wconf 77' lang='lat' dir='ltr'><strong>anni</strong></span> <span class='ocrx_word' id='word_1_807' title='bbox 571 4990 602 5037; x_wconf 81' lang='lat'>57</span> <span class='ocrx_word' id='word_1_808' title='bbox 624 4985 656 5035; x_wconf 81' lang='lat' dir='ltr'>ab</span> <span class='ocrx_word' id='word_1_809' title='bbox 674 4986 764 5050; x_wconf 81' lang='grc' dir='ltr'>ΑριίΙῖε</span> <span class='ocrx_word' id='word_1_810' title='bbox 781 4986 806 5035; x_wconf 85' lang='lat' dir='ltr'>d.</span> <span class='ocrx_word' id='word_1_811' title='bbox 822 4991 849 5034; x_wconf 77' lang='lat'>12</span> <span class='ocrx_word' id='word_1_812' title='bbox 862 4997 902 5035; x_wconf 84' lang='grc' dir='ltr'>σιι.</span> <span class='ocrx_word' id='word_1_813' title='bbox 918 4990 978 5036; x_wconf 76' lang='grc'>1104</span> <span class='ocrx_word' id='word_1_814' title='bbox 991 4986 1114 5049; x_wconf 76' lang='lat' dir='ltr'><strong>usquead</strong></span> <span class='ocrx_word' id='word_1_815' title='bbox 1133 4994 1162 5038; x_wconf 82' lang='lat'>25</span> <span class='ocrx_word' id='word_1_816' title='bbox 1179 4986 1208 5038; x_wconf 84' lang='grc' dir='ltr'>ιί.</span> <span class='ocrx_word' id='word_1_817' title='bbox 1227 4986 1286 5037; x_wconf 77' lang='lat' dir='ltr'>suhi</span> <span class='ocrx_word' id='word_1_818' title='bbox 1302 4999 1342 5035; x_wconf 84' lang='grc' dir='ltr'>ιιι.</span> <span class='ocrx_word' id='word_1_819' title='bbox 1363 4988 1429 5035; x_wconf 75' lang='grc'>1161.</span> <span class='ocrx_word' id='word_1_820' title='bbox 1451 4984 1461 5046; x_wconf 82' lang='grc' dir='ltr'>ΙΙ</span> <span class='ocrx_word' id='word_1_821' title='bbox 1480 5010 1509 5026; x_wconf 90' lang='lat'>-·</span> <span class='ocrx_word' id='word_1_822' title='bbox 1532 4984 1547 5047; x_wconf 87' lang='lat'>§</span> <span class='ocrx_word' id='word_1_823' title='bbox 1561 4991 1583 5035; x_wconf 85' lang='lat'>2.</span> <span class='ocrx_word' id='word_1_824' title='bbox 1597 4986 1690 5033; x_wconf 78' lang='grc' dir='ltr'>πολλῶν</span> 
     </span>
    </p>

    <p class='ocr_par' dir='ltr' id='par_1_15' title="bbox 98 5054 1689 5123">
     <span class='ocr_line' id='line_1_86' title="bbox 98 5054 1689 5123; baseline 0 -18"><span class='ocrx_word' id='word_1_825' title='bbox 98 5055 181 5118; x_wconf 80' lang='grc' dir='ltr'>γενῶν]</span> <span class='ocrx_word' id='word_1_826' title='bbox 194 5056 309 5120; x_wconf 70' lang='grc' dir='ltr'>εἰοιαμος</span> <span class='ocrx_word' id='word_1_827' title='bbox 321 5076 347 5107; x_wconf 88' lang='grc' dir='ltr'>π.</span> <span class='ocrx_word' id='word_1_828' title='bbox 363 5060 434 5108; x_wconf 79' lang='grc' dir='ltr'>ἐθνῶν</span> <span class='ocrx_word' id='word_1_829' title='bbox 450 5063 510 5110; x_wconf 75' lang='lat' dir='ltr'><strong>text.</strong></span> <span class='ocrx_word' id='word_1_830' title='bbox 528 5060 540 5123; x_wconf 85' lang='grc' dir='ltr'>Ι]</span> <span class='ocrx_word' id='word_1_831' title='bbox 551 5085 584 5096; x_wconf 96' lang='grc'>-</span> <span class='ocrx_word' id='word_1_832' title='bbox 598 5057 725 5121; x_wconf 86' lang='grc' dir='ltr'>μεγίστων]</span> <span class='ocrx_word' id='word_1_833' title='bbox 737 5057 793 5107; x_wconf 81' lang='lat' dir='ltr'>add.</span> <span class='ocrx_word' id='word_1_834' title='bbox 809 5070 876 5121; x_wconf 65' lang='grc' dir='ltr'>ωηο.</span> <span class='ocrx_word' id='word_1_835' title='bbox 891 5057 968 5121; x_wconf 57' lang='grc'><strong>[1-8</strong></span> <span class='ocrx_word' id='word_1_836' title='bbox 983 5060 1006 5107; x_wconf 81' lang='grc' dir='ltr'>ί.</span> <span class='ocrx_word' id='word_1_837' title='bbox 1022 5058 1166 5121; x_wconf 83' lang='grc' dir='ltr'>διακοσίων]</span> <span class='ocrx_word' id='word_1_838' title='bbox 1184 5061 1243 5107; x_wconf 79' lang='grc'>1136</span> <span class='ocrx_word' id='word_1_839' title='bbox 1258 5070 1315 5107; x_wconf 81' lang='lat' dir='ltr'>ann.</span> <span class='ocrx_word' id='word_1_840' title='bbox 1330 5054 1485 5119; x_wconf 74' lang='lat' dir='ltr'>(zm-1453).</span> <span class='ocrx_word' id='word_1_841' title='bbox 1500 5054 1552 5119; x_wconf 73' lang='lat' dir='ltr'>ss·-</span> <span class='ocrx_word' id='word_1_842' title='bbox 1565 5058 1689 5107; x_wconf 83' lang='grc' dir='ltr'>Κωνσταν.</span> 
     </span>
    </p>

    <p class='ocr_par' dir='ltr' id='par_1_16' title="bbox 77 5124 1689 5262">
     <span class='ocr_line' id='line_1_87' title="bbox 77 5124 1689 5191; baseline 0 -15"><span class='ocrx_word' id='word_1_843' title='bbox 77 5162 80 5167; x_wconf 90' lang='grc'>-</span> <span class='ocrx_word' id='word_1_844' title='bbox 99 5125 497 5191; x_wconf 76' lang='grc' dir='ltr'>γίρ]οί.11ει1ιατιιεμ51,ιι1ιῖ</span> <span class='ocrx_word' id='word_1_845' title='bbox 516 5132 587 5179; x_wconf 75' lang='grc' dir='ltr'>ναίον</span> <span class='ocrx_word' id='word_1_846' title='bbox 604 5128 746 5191; x_wconf 79' lang='grc' dir='ltr'>ρτωθίιίεεο</span> <span class='ocrx_word' id='word_1_847' title='bbox 765 5127 924 5191; x_wconf 80' lang='lat' dir='ltr'>perhibentur</span> <span class='ocrx_word' id='word_1_848' title='bbox 944 5147 951 5176; x_wconf 76' lang='grc' dir='ltr'>ι</span> <span class='ocrx_word' id='word_1_849' title='bbox 971 5127 1078 5191; x_wconf 78' lang='lat' dir='ltr'><em>quando</em></span> <span class='ocrx_word' id='word_1_850' title='bbox 1099 5128 1123 5178; x_wconf 81' lang='lat' dir='ltr'>el</span> <span class='ocrx_word' id='word_1_851' title='bbox 1138 5141 1165 5178; x_wconf 78' lang='grc' dir='ltr'>σε</span> <span class='ocrx_word' id='word_1_852' title='bbox 1192 5126 1299 5177; x_wconf 64' lang='lat' dir='ltr'>noverca</span> <span class='ocrx_word' id='word_1_853' title='bbox 1317 5138 1370 5175; x_wconf 86' lang='grc' dir='ltr'>υιιο</span> <span class='ocrx_word' id='word_1_854' title='bbox 1389 5126 1543 5188; x_wconf 74' lang='grc' dir='ltr'>δωρεναιίοτ</span> <span class='ocrx_word' id='word_1_855' title='bbox 1560 5124 1609 5176; x_wconf 81' lang='lat' dir='ltr'>che</span> <span class='ocrx_word' id='word_1_856' title='bbox 1626 5126 1689 5178; x_wconf 85' lang='grc' dir='ltr'>αθία</span> 
     </span>
     <span class='ocr_line' id='line_1_88' title="bbox 97 5193 1272 5262; baseline 0.002 -19"><span class='ocrx_word' id='word_1_857' title='bbox 97 5206 170 5244; x_wconf 74' lang='lat' dir='ltr'>nome</span> <span class='ocrx_word' id='word_1_858' title='bbox 184 5196 342 5245; x_wconf 67' lang='lat' dir='ltr'><strong><em>constantin</em></strong></span> <span class='ocrx_word' id='word_1_859' title='bbox 353 5193 390 5260; x_wconf 80' lang='lat' dir='ltr'>fio</span> <span class='ocrx_word' id='word_1_860' title='bbox 402 5196 528 5260; x_wconf 80' lang='grc' dir='ltr'>ιῖἘίοιια,</span> <span class='ocrx_word' id='word_1_861' title='bbox 541 5201 599 5248; x_wconf 75' lang='grc' dir='ltr'>σοῖο</span> <span class='ocrx_word' id='word_1_862' title='bbox 610 5198 686 5261; x_wconf 67' lang='lat' dir='ltr'><em>qualo</em></span> <span class='ocrx_word' id='word_1_863' title='bbox 699 5199 813 5260; x_wconf 71' lang='lat' dir='ltr'><strong><em>imperio</em></strong></span> <span class='ocrx_word' id='word_1_864' title='bbox 825 5197 850 5247; x_wconf 85' lang='lat' dir='ltr'>el</span> <span class='ocrx_word' id='word_1_865' title='bbox 862 5210 890 5247; x_wconf 83' lang='grc' dir='ltr'>το</span> <span class='ocrx_word' id='word_1_866' title='bbox 903 5196 1018 5262; x_wconf 71' lang='lat' dir='ltr'>perderet</span> <span class='ocrx_word' id='word_1_867' title='bbox 1031 5196 1272 5259; x_wconf 73' lang='lat' dir='ltr'><strong><em>Constantinopoli.</em></strong></span> 
     </span>
    </p>
   </div>
   <div class='ocr_carea' id='block_1_11' title="bbox 0 0 1910 5859">
    <p class='ocr_par' dir='ltr' id='par_1_17' title="bbox 0 0 1910 5859">
     <span class='ocr_line' id='line_1_89' title="bbox 0 0 1910 5859; baseline 0 1"><span class='ocrx_word' id='word_1_868' title='bbox 0 0 1910 5859; x_wconf 95' lang='lat' dir='ltr'> </span> 
     </span>
    </p>
   </div>
  </div>
 </body>
</html>
