3809 5859
430 330 680 395 neecflssnfflnis
701 334 830 397 ANNUS
852 337 902 399 111.
925 339 1002 399 6961
1029 337 1212 419 (rene-1453
1229 343 1265 403 P.
1287 344 1345 423 (1.).
1638 356 1693 415 103

71 469 268 550 ίπάρχσντος,
286 462 469 545 ίυγχαίροντίς
479 488 509 523 τε
522 468 575 524 τῶν
587 467 802 546 κατωρθωμίνων
816 469 863 529 καί
918 468 1040 538 τόόουλος
1052 470 1079 531 δί
1089 477 1166 551 τοῦτο
1180 474 1271 551 μαθόνν
1283 477 1377 558 ἀνέσχε
1385 501 1413 537 τε
1425 486 1530 547 τούτους
1542 483 1589 553 τῆς
1601 487 1693 563 ὁρμῆς,

71 556 146 635 ἅμα
171 558 337 619 ἐπαινοῦντες
354 554 434 612 αὖτὀν
452 556 499 625 τῆς
513 578 542 613 τε
561 553 679 635 ἀνδρείας
703 556 750 614 καί
767 558 863 636 ἀρετῆς
917 568 1046 639 χρησταῖς
1061 561 1149 623 ἰλπίσι
1170 562 1310 643 κουφίσας,
1333 565 1378 625 καί
1399 566 1485 646 άνδρα
1506 570 1598 629 πιστὸν
1619 574 1692 653 αὐτῷ

69 644 132 705 καί
145 647 192 716 τῆς
204 641 271 723 ύπίρ
282 647 328 703 τοῦ
340 639 430 723 γένους
441 642 571 713 σπουδῆς·
581 642 626 701 καί
638 642 744 723 δέχεται
756 643 862 714 τούτους
916 648 1017 725 πέμπει
1036 648 1122 731 κρύφα
1137 651 1264 732 Χαμούζρ
1278 657 1317 735 τῷ
1331 654 1453 735 σατράπῃ
1470 659 1689 730 Καλλιουπόλεως

69 731 224 810 ἀσμένως,
238 733 284 789 καὶ
296 740 364 809 τιμᾷ
379 729 472 808 δώροις
488 729 577 802 άλλοις
590 752 621 789 τι
638 732 745 800 πολλοῖς
758 733 861 812 φιλοτί·
916 735 962 795 καλ
975 737 1084 815 ἡγεμόνι
1098 743 1146 797 τοῦ
1158 738 1254 800 στόλου
1269 741 1379 815 παντὸς,
1398 743 1443 803 καί
1457 743 1516 821 μετ’
1532 746 1613 807 αὐτοῦ
1628 748 1688 819 ξυν-

69 841 145 895 μοις
155 819 201 879 καί
214 819 247 890 δή
258 817 365 887 καὶτοῖς
376 816 491 879 ἀπδτῶν
502 818 638 899 λαφύρων,
652 819 698 877 καί
709 820 862 900 ἀποπέμποι
916 823 998 896 θήκας
1012 829 1124 885 ποιεῖται
1146 824 1183 903 μή
1203 829 1405 890 ἰπιπλεύσεσθαι
1420 840 1476 899 ταῖς
1493 832 1597 907 νήσοις,
1624 838 1691 912 μηδὲ

67 909 222 987 λαμπρῶς.
264 907 299 986 (ε)
320 905 397 967 Μετὰ
415 905 442 967 δλ
462 912 540 967 τοῦτο
558 911 611 966 τῶν
631 908 743 984 εὐγενῶν
759 910 861 968 παίδων
914 912 996 973 κακόν
1010 934 1036 970 τι
1052 912 1136 989 μηδὲν
1148 914 1256 982 ταύταις
1269 915 1367 988 ἀλωςή
1385 921 1523 997 βουλεῦσαι
1539 920 1556 992 ἰ,
1575 923 1688 1001 πρᾶξαι,

69 992 129 1064 οδες
143 994 238 1054 ἰλαόεν
252 992 403 1074 ἀριστίνδην
426 992 624 1071 ἰπιλεξάμενος,
648 995 858 1067 ἀποκαθίστησιν
914 1001 1021 1067 πολλοῖς
1037 1000 1129 1079 δώροις
1143 1002 1286 1072 ἀναπείσας
1300 1004 1392 1080 αὐτὸν,
1408 1006 1453 1065 καί
1468 1010 1501 1067 δι’
1513 1010 1594 1069 αὐτοῦ
1606 1012 1688 1087 μέσον

66 1084 128 1153 οδες
139 1084 189 1163 μάν
209 1083 438 1166 σωματοφύλακας
457 1084 503 1143 καί
519 1083 580 1164 περί
592 1084 685 1160 αὑτὸν,
704 1082 747 1151 οθς
759 1083 787 1146 δί
809 1086 855 1144 καί
914 1087 1014 1164 πέμπει
1029 1086 1064 1159 δή
1078 1088 1123 1147 καλ
1137 1088 1258 1167 πρέσόεις
1274 1094 1309 1159 ύις
1324 1093 1436 1173 βασιλέα
1450 1093 1494 1153 τόν
1508 1117 1538 1155 τε
1551 1096 1623 1176 ίερέσι
1642 1104 1689 1171 τῆς

67 1176 144 1253 περὶ
156 1172 206 1245 τήν
219 1173 303 1246 ἀλλην
318 1170 458 1254 θεραπείαν
479 1174 576 1245 αὐτοῦ,
597 1177 645 1244 τῆς
664 1196 693 1230 τε
706 1173 857 1254 φρονήσεως
912 1172 994 1245 νήσου
1016 1177 1062 1234 καὶ
1077 1176 1193 1256 ἄρχοντα
1210 1177 1266 1253 μετ’
1282 1182 1360 1240 αὐτοῦ
1375 1184 1427 1239 τῶν
1442 1182 1593 1263 ίγχωρίων,
1614 1186 1687 1269 δῶρά

66 1263 127 1319 καὶ
138 1263 185 1333 τῆς
197 1260 279 1331 άλλης
293 1262 387 1340 ἀρετῆς
403 1259 450 1319 καί
460 1258 581 1326 παιδείας
591 1259 731 1338 θαυμάσας
746 1260 852 1327 αύτούς·
912 1285 941 1321 τε
960 1262 1115 1340 κομίζοντας
1135 1264 1181 1322 καί
1205 1265 1349 1335 ίνδιδόντας
1370 1267 1416 1333 τίς
1436 1268 1528 1340 νήσους
1549 1272 1621 1353 αὐτῷ
1642 1272 1688 1333 καί

67 1349 129 1407 καὶ
139 1348 191 1428 γάρ
202 1340 270 1422 ήσαν
281 1346 339 1427 ῶρρ
348 1369 377 1405 τε
388 1344 707 1425 σῶματοςδιαλάμπσντες
716 1347 762 1408 καί
771 1350 858 1429 ψυχῆς
912 1349 971 1427 ἀμα
994 1354 1215 1431 παρακαλοῦντας
1241 1355 1319 1414 ἐᾶσαί
1340 1378 1369 1414 τε
1391 1356 1478 1433 μένειν
1497 1359 1578 1426 αὐτάς
1602 1364 1683 1441 ἐντῇ

68 1436 197 1515 εὐγενείᾳ
207 1435 252 1493 καί
263 1434 371 1515 εύφυίφ,
392 1439 426 1514 τῇ
440 1458 469 1493 τε
481 1438 534 1493 τῶν
547 1435 651 1515 τρόπων
666 1435 712 1493 καί
726 1440 771 1495 τοῦ
781 1436 858 1507 ήθους
911 1437 1027 1521 προτέρῳ
1042 1441 1127 1498 αὐτῶν
1141 1441 1302 1501 καταστάσει
1316 1443 1471 1519 οἰκουμένας
1485 1446 1531 1505 κάὶ
1544 1446 1686 1529 ἀποφέρειν

69 1522 245 1584 καταστάσει
276 1525 345 1581 πολὺ
380 1522 557 1603 διαφέροντες,
581 1521 627 1580 άτε
662 1521 751 1601 γένους
781 1523 853 1590 ὄντες

71 1612 213 1689 ἐπισήμου
228 1633 257 1669 τε
272 1611 319 1677 καὶ
332 1614 458 1689 λαμπροῦ
472 1610 518 1669 καί
533 1610 633 1690 φύσεως
655 1610 778 1690 τυχόντες
794 1612 852 1690 ἀρίι

70 1720 146 1770 στης
168 1699 213 1760 καί
237 1708 264 1758 ἐν
286 1706 340 1765 τοῖς
360 1697 501 1775 βασιλείοις
528 1698 731 1771 πεπαιδευμένοι
751 1700 851 1765 καλῶς.

69 1784 199 1861 Ὁμοίως
211 1785 243 1844 -δί
263 1786 309 1843 καὶ
322 1784 371 1856 τήν
384 1788 436 1843 τῶν
452 1781 594 1865 παρθένων
616 1786 679 1846 αἰδῶ
697 1786 743 1845 καὶ
759 1787 857 1863 κόσμον

67 1876 123 1934 καί
138 1874 234 1941 κάλλος
247 1877 394 1951 ἰθαύμασε,
404 1872 449 1932 καί
461 1872 510 1945 τήν
519 1876 546 1932 ἰν
561 1880 615 1941 τοῖς
628 1876 718 1942 καλοῖς
731 1883 799 1933 πᾶσι
810 1880 856 1933 τοῦ

68 1962 166 2042 γένους
180 1962 321 2042 θπεροχήν.

119 2050 235 2112 LXXV.
250 2049 299 2111 Ἐν
311 2048 339 2107 δὲ
353 2058 411 2115 ταῖς
420 2050 512 2115 αίιταῖς
526 2049 638 2131 ἡμέραις
651 2051 854 2130 ἀφικνρῐτσιααλ

69 2138 155 2218 παρά
169 2143 222 2201 τῶν
246 2137 333 2208 νήσων
355 2136 482 2217 πρεσόεία
503 2159 555 2217 τῳ
562 2140 682 2217 βασιλεῖ,
697 2138 731 2210 ήν
748 2138 851 2218 ἔπεμψα

74 2224 261 2305 Κριτόόουλος
281 2220 487 2304 όἸμόριῶτης,
507 2227 521 2282 ό
539 2227 585 2284 καί
606 2224 668 2285 τάδε
683 2226 851 2306 ξυγγράψας,

70 2315 218 2372 ἐνδιδοῦσα
232 2311 281 2380 τάς
300 2314 328 2371 ἰν
345 2317 383 2393 τῷ
399 2314 503 2392 Αἰγαίῳ
525 2312 618 2383 νήσους
632 2316 720 2395 αύτῷ,
740 2312 853 2393 Ἰμόρον

68 2401 124 2458 καί
138 2403 249 2475 Λῆμνον
268 2398 314 2457 καί
333 2399 437 2469 Θάσον,
457 2400 604 2471 κατηκόους
632 2400 712 2468 οὔσας
730 2402 855 2483 πρότερον

911 1529 985 1609 αύτῷ
999 1525 1058 1593 τούς
1072 1550 1101 1586 τε
1113 1528 1273 1606 ιθρισμίνους
1284 1529 1375 1611 φόρους
1390 1531 1498 1602 ἰτησίως
1513 1531 1558 1591 καί
1571 1533 1687 1615 άρχοντα

911 1614 982 1695 ἔχειν
998 1614 1028 1674 δν
1043 1615 1075 1673 ἀν
1091 1615 1214 1694 κελεύσῃ.
1258 1619 1293 1694 (ι)
1308 1618 1436 1685 Βασιλείας
1455 1618 1481 1679 δί
1499 1620 1604 1700 δέχεται
1625 1624 1685 1685 τού·

910 1724 970 1770 τους
984 1702 1089 1783 ἡμέρως
1103 1702 1149 1761 κοιλ
1163 1704 1275 1782 παράχει
1289 1704 1322 1763 τδι
1337 1706 1476 1777 αἰτηθέντα
1500 1708 1545 1767 καί
1565 1712 1686 1790 δωρεῖται

910 1789 958 1857 τδς
972 1792 1064 1861 νήσους
1088 1788 1173 1857 καθὼς
1195 1783 1262 1861 ήσαν
1282 1796 1360 1873 ἀντῷ
1377 1799 1423 1853 τοῦ
1447 1796 1577 1875 βασιλέως
1600 1804 1683 1880 καιρῷ

910 1878 1083 1955 τεταγμέναι,
1101 1873 1211 1957 Ἷμύρον
1233 1878 1282 1955 μὲν
1302 1876 1453 1959 Παλαμήδῃ
1475 1885 1513 1962 τῷ
1529 1887 1575 1954 τῆς
1602 1885 1684 1947 Αἴνου

911 1962 1069 2043 ἰπάρχοντι,
1082 1968 1189 2039 Λῆμνον
1209 1966 1236 2025 δί
1256 1968 1301 2028 καί
1315 1969 1406 2029 Θάσον
1429 1974 1525 2051 Δωριεῖ
1540 1976 1579 2052 τῶ
1599 1976 1686 2033 Μυτι-

909 2053 990 2125 λήνης
1009 2054 1129 2129 ἡγεμόνι.
1144 2052 1261 2134 Ἔτυχον
1275 2056 1326 2138 γδιρ
1347 2057 1436 2116 τότεθ
1460 2058 1507 2134 μὲν
1528 2061 1686 2130 ἀποστείλας

908 2138 952 2199 τδν
963 2140 1018 2199 υἰὸν
1028 2139 1144 2220 πρέούυν
1158 2146 1192 2210 ὡς
1208 2143 1331 2221 βασιλέα,
1347 2144 1494 2225 θΔωριτύς,
1508 2148 1560 2206 θδί
1570 2150 1685 2229 άρχσντα

908 2230 961 2285 τῶν
979 2227 1091 2309 πρῶτων
1107 2229 1169 2309 παρ’
1186 2232 1257 2311 αὐτῷ
1279 2232 1325 2291 καί
1345 2232 1444 2312 σφόδρα
1460 2233 1577 2307 οἰκείων,
1593 2239 1607 2293 θ
1622 2240 1681 2298 Πα·

908 2315 1045 2393 λαμήδης,
1066 2319 1134 2377 κοτίι
1149 2318 1257 2390 ζήτησιν
1277 2323 1329 2378 τῶν
1346 2324 1431 2380 αὐτῶν
1452 2320 1555 2393 νήσων·
1574 2315 1611 2391 οἷς
1636 2325 1682 2384 καί

890 2400 1069 2481 ’ξυνέπραξαν
1094 2404 1127 2465 τδι
1152 2405 1269 2482 μάλιστα
1297 2410 1321 2465 οἱ
1341 2408 1413 2487 παρά
1436 2414 1481 2468 τοῦ
1504 2410 1682 2490 Κριτοθούλου

67 2491 112 2565 τῷ
139 2489 245 2567 βασιλεῖ
264 2487 465 2567 Κωνσταντίνῳ.
489 2490 524 2548 oi
546 2487 599 2570 γάρ
622 2490 650 2548 ἰν
674 2490 766 2557 αθταῖς
787 2492 851 2565 παρ’
908 2488 1032 2567 πράσύιις
1057 2491 1203 2567 σταλέντες,
1226 2493 1330 2573 ἔχοντες
1363 2494 1483 2555 ἀνάθεσιν
1512 2498 1610 2572 ταύτην
1635 2502 1679 2561 καί

70 2575 157 2633 αὐτοῦ
170 2575 308 2641 σταλέντες
323 2574 448 2654 άρχοντες
460 2575 604 2656 πρότερον,
616 2578 742 2655 μαθόντες
758 2575 808 2649 τήν
822 2600 852 2636 τε
909 2577 1089 2649 ἐξαιτήσαντος
1109 2580 1153 2640 καί
1183 2582 1257 2640 αύτοί
1279 2588 1355 2642 τοῦτο
1378 2582 1453 2662 παρδι
1477 2588 1522 2642 τοῦ
1543 2586 1683 2663 βασιλέως.

70 2665 124 2733 τῆς
144 2662 245 2729 πόλεως
266 2660 365 2721 άλωσιν
391 2665 437 2722 καὶ
462 2663 505 2722 τδν
530 2667 608 2725 αἰετοῦ
630 2668 758 2739 θάνατον,
785 2668 852 2725 ἀπο-
910 2664 945 2742 (ε)
965 2664 1056 2732 Οὕτως
1077 2666 1253 2747 ήλιυθέρωντυ
1271 2675 1317 2729 τοῦ
1330 2667 1388 2728 τότε
1411 2669 1528 2730 κινδύνου
1544 2674 1571 2729 αἰ
1591 2677 1679 2743 νῆσοι·

71 2751 179 2829 γνόντες
192 2758 245 2818 τοῖς
258 2750 327 2817 θ’λοις
338 2749 413 2818 εὐθύς
423 2750 528 2831 ,ᾤχοντο
544 2752 695 2834 φεύγοντες,
710 2756 734 2811 οἰ
749 2754 813 2830 μὲν,
829 2758 852 2813 ni
907 2753 1087 2831 προσεδοκᾶτο
1100 2754 1152 2834 γάρ
1166 2756 1256 2823 αιἰταῑς
1276 2754 1391 2825 κίνδυνος
1407 2759 1456 2837 οὐχ
1475 2762 1488 2815 θ
1506 2757 1592 2837 τυχὼν
1607 2763 1634 2819 ἰν
1649 2763 1682 2840 τῇ

70 2839 209 2915 Λήμνιοι,
225 2839 358 2915 μετὰτῶν
374 2838 514 2899 Ἰταλικῶν
529 2840 655 2920 τριήρεων
668 2845 851 2922 καταχθεισῶν
907 2840 961 2899 ἀπὸ
973 2844 1020 2911 τῆς
1028 2840 1129 2910 πόλεως
1142 2842 1263 2923 ίπανύδῳ
1272 2848 1318 2902 τοῦ
1328 2842 1422 2903 στόλου
1437 2848 1462 2912 ές
1479 2845 1682 2907 Καλλιούπολιν.

71 2929 100 2985 ἰν
115 2931 186 3007 ἀκρορ
200 2930 246 2997 τῆς
263 2925 372 3005 Λήμνου
386 2929 412 2985 ἐν
431 2931 465 3007 τή
480 2932 549 3008 φυγῇ
565 2932 598 3007 τῇ
615 2926 668 2986 ἀπὸ
682 2931 728 3000 τῆς
752 2926 852 2995 πόλεως
946 2927 1071 2989 Lxxvl.
1089 2929 1165 2989 Κατά
1178 2929 1206 2990 δέ
1220 2931 1266 2998 τ’δς
1288 2929 1369 2997 αὐτάς
1385 2931 1485 3011 ήμέρας
1506 2930 1682 3009 ξυλλομόάνει

71 3014 120 3072 κἀὶ
134 3017 296 3094 ὑποστροφῇ,
307 3016 331 3073 σί
345 3014 373 3072 δὲ
387 3017 414 3074 ἐν
427 3018 461 3095 τῇ
472 3011 576 3093 Ὶμόρῳ
586 3014 654 3091 μετά
668 3017 720 3072 τῶν
730 3015 849 3074 ὁλκάδων
907 3014 953 3074 καί
976 3016 1097 3089 Χαλίλην
1119 3020 1133 3076 ό
1149 3016 1290 3096 βασιλεύς,
1314 3018 1396 3100 ἀνδρα
1411 3023 1463 3079 τῶν
1481 3019 1592 3099 πρῶτων
1614 3026 1678 3102 παρ’

71 3104 258 3180 καταχθεισῶν
278 3102 323 3161 καὶ
342 3103 427 3171 αὐτῶν
449 3104 477 3161 ἐν
499 3105 537 3183 τῷ
562 3102 678 3182 Κεφάλῳ
699 3103 848 3184 λεγομένῳ,
906 3104 977 3183 αὐτῷ
991 3104 1036 3161 καί
1051 3104 1119 3180 μέγα
1131 3104 1294 3182 δυναμένων,
1310 3106 1356 3165 καὶ
1370 3108 1394 3173 ἰς
1409 3106 1515 3185 εἱρκτὴν
1533 3106 1674 3183 ἐμόόλλει,

71 3190 144 3267 άκρφ
159 3187 339 3270 τῆςῚμθρυυ.
383 3188 416 3269 (ε)
434 3193 470 3250 Οἱ
484 3190 512 3248 δί
536 3192 563 3248 ἰν
576 3194 634 3256 ταῖς
653 3187 742 3261 νήσοις
753 3191 850 3258 ἰδόντες
904 3189 951 3249 καί
969 3189 1056 3249 πολλά
1076 3191 1243 3268 αἰκισάμενος
1262 3184 1374 3272 άναιρεί·
1393 3192 1501 3273 εύρηται
1523 3194 1550 3254 δέ
1572 3197 1639 3254 πολύ
1655 3220 1680 3255 τι

69 3299 100 3335 τε
125 3277 172 3336 τὸν
200 3276 316 3356 δρασμὸν
338 3282 390 3337 τῶν
415 3277 567 3359 ἀρχόντων,
591 3279 637 3337 καί
659 3277 770 3345 δεδιότες
800 3278 849 3350 τήν
904 3284 998 3357 χρῆμα
1021 3285 1120 3359 χρυσοῦ
1140 3281 1186 3337 καὶ
1207 3276 1320 3361 ἀργύρου
1340 3284 1368 3340 ἰν
1390 3284 1462 3359 αύτῷ
1489 3280 1535 3341 καί
1564 3282 1678 3343 πλούτου

71 3364 166 3445 ἔφοδον
196 3369 241 3424 τοῦ
280 3364 409 3444 βασιλέως
440 3366 549 3441 στόλου,
572 3367 675 3443 μήποτε
702 3366 847 3446 ἰπιτλεύσρ,
903 3368 1073 3425 παντοδαποῦ
1084 3369 1114 3426 ἐκ
1123 3368 1243 3426 παλαιῶν
1256 3368 1307 3440 ἤδη
1318 3370 1418 3448 χρόνυνν
1428 3368 1592 3446 ξυλλεγέντος
1604 3375 1678 3450 παρά

73 3454 165 3518 αὐτοῖς
184 3450 251 3528 (ήδη
271 3451 323 3531 γάρ
350 3454 524 3512 ἰπυνθάνοντο
544 3453 738 3534 θποστρέφοντα
758 3459 848 3512 τοῦτον
902 3476 930 3511 τε
945 3457 997 3512 τῶν
1010 3454 1142 3533 προγόνων
1157 3455 1203 3513 καί
1222 3456 1302 3515 αὐτοῦ
1322 3457 1367 3528 δή·
1383 3448 1414 3530 ήν
1432 3456 1483 3536 γάρ
1499 3461 1513 3517 ὁ
1533 3457 1599 3535 ἀνήρ
1619 3462 1670 3517 τῶν
1691 3471 1692 3474 ’

71 3542 97 3599 ἰν
126 3540 355 3619 Καλλιουπόλει),
374 3539 490 3619 δρασμὸν
510 3539 689 3599 ίόσυλεόοντο·
712 3538 757 3600 καί
784 3539 848 3617 μέν·
903 3532 1092 3620 εύγεγονότων
1114 3545 1178 3620 παρ’
1195 3544 1296 3615 αὐτοῖς,
1312 3544 1358 3603 καί
1372 3544 1415 3605 ini
1433 3544 1493 3620 δόξῃ
1513 3542 1558 3604 καί
1569 3546 1675 3625 πλούτῳ

69 3648 110 3685 τοι
130 3649 163 3707 γε
179 3626 225 3685 καί
245 3625 365 3708 ἀπέδρων
379 3630 431 3685 τῶν
451 3626 577 3703 Λημνίων
593 3626 669 3705 ἐγγύς
690 3646 741 3685 που
757 3626 848 3686 διακύ-
902 3629 1033 3709 διαφανῶν
1049 3628 1094 3687 καί
1104 3630 1220 3707 δυνάμει.
1239 3630 1330 3689 Πάντα
1343 3622 1386 3690 σύν
1401 3630 1444 3690 ιδν
1456 3633 1567 3691 πλοῦτον
1581 3633 1679 3705 ἰπῆξεν

71 3737 123 3774 σιοι
143 3715 233 3795 ἄνδρες
246 3714 289 3784 ξύν
298 3715 398 3793 γυναιξί
410 3715 455 3774 καί
464 3717 610 3787 τέκνοις,οί
626 3713 673 3790 μίν
685 3717 710 3782 ἰς
725 3713 848 3794 Κρήτην,
903 3719 927 3782 ἰς
940 3717 971 3774 τὸ
984 3716 1119 3795 βασιλικὸν
1130 3725 1259 3795 ταμιεῖον,
1270 3717 1340 3788 πλήν
1349 3708 1386 3776 ὧν
1400 3720 1525 3778 κατέλιπε
1534 3722 1588 3786 τοῖς
1597 3720 1678 3780 υἱέσιν

70 3803 131 3864 eiii
142 3805 170 3872 ἰς
179 3804 262 3880 Χίον,
275 3806 300 3863 οἰ
311 3803 339 3863 δί
352 3806 377 3871 ἐς
394 3802 508 3864 Eidem
518 3802 689 3885 ἀπαχθέντες.
733 3805 768 3881 (ε)
782 3805 848 3884 Κρι·
904 3806 983 3862 αὐτοῦ
998 3804 1179 3883 εύαριθμήτων
1193 3805 1276 3865 πάνυ·
1292 3804 1399 3886 ὕστερον
1409 3805 1499 3883 μέντοι
1512 3804 1601 3865 πάντα
1612 3809 1678 3869 ἀπέ·

70 4006 150 4067 iden-p
160 4006 251 4055 οἰκοῦσι
263 4004 316 4053 κατ’
332 4006 381 4061 ἔτος
394 4005 532 4068 ἀρχομένους
540 4009 616 4054 ποιεῖν
624 4005 668 4061 τὴν
681 4001 841 4063 προσκύνησιν
856 4004 916 4063 μετὰ
926 4003 1068 4067 δωρορορὶας
1077 4006 1118 4054 καλ
1128 4003 1217 4053 διδόναι
1229 4005 1260 4053 τὰ
1275 4006 1339 4061 τελη.
1362 4004 1372 4067 ΙΙ
1384 4005 1442 4069 -§
1456 4012 1479 4055 2.
1492 4008 1599 4070 πρὲσόεις
1609 4027 1636 4059 π.
1653 4028 1676 4060 τ.

71 4078 171 4141 Περσῶν
184 4077 240 4140 βασ.
252 4078 293 4125 καὶ
304 4074 436 4137 Αἰγύπτου]
446 4078 475 4125 ln
486 4073 749 4124 nennunioeueetione
760 4072 919 4136 epistolarum
933 4076 1032 4123 exstant
1040 4074 1120 4124 literne
1130 4074 1221 4135 quibus
1232 4073 1454 4138 constantinopolis
1466 4080 1674 4141 expugnationem

72 4146 237 4197 nienhemeies
249 4146 373 4196 nuniinvii
389 4146 486 4196 sultnnn
500 4146 596 4209 AEgypii
609 4148 635 4194 et
650 4147 740 4194 Meeern
754 4144 856 4207 principi
873 4146 897 4193 ei
907 4144 960 4206 regi
971 4146 1110 4206 Persarum,
1123 4148 1149 4195 ei
1162 4144 1250 4194 horum
1261 4145 1398 4209 principum
1410 4160 1534 4211 response.
1551 4150 1582 4199 V.
1598 4150 1675 4199 Hem-

72 4230 125 4269 mer
136 4218 154 4267 ἰ.
168 4217 185 4267 l.
198 4230 222 4282 p.
234 4223 248 4267 5
261 4219 312 4266 noi.
326 4217 336 4279 ΙΙ
351 4243 378 4252 -
395 4215 411 4279 §
426 4220 451 4266 3.
466 4216 592 4280 τυχόντες]
610 4230 644 4264 ιιι.
661 4222 689 4276 2ο
701 4215 812 4278 λαχόντες
821 4227 857 4263 m.
871 4217 893 4262 ἰ.

101 4290 197 4338 LXXV.
213 4291 275 4346 Qun
284 4286 333 4337 hoc
347 4287 428 4349 enpite
444 4287 586 4338 cntobulns
597 4286 628 4337 de
647 4298 674 4336 ne
687 4284 740 4349 ipse
750 4287 846 4346 narrat,
858 4284 957 4334 niiunde
970 4296 1019 4333 nnn
1028 4284 1086 4332 nntn
1095 4285 1162 4333 suni.
1178 4284 1193 4347 §
1211 4288 1232 4334 1.
1249 4286 1303 4349 παρ’
1317 4284 1406 4349 αὐτοῦ]
1417 4298 1432 4334 ο
1443 4284 1589 4339 critobule?
1607 4292 1674 4342 Fert.

67 4360 118 4422 ieg-
132 4357 188 4423 παρ’
202 4359 272 4408 αὐτὸν
281 4394 289 4419 ,
298 4357 331 4406 nd
347 4358 542 4407 cenetentinum.
555 4380 583 4392 -·
598 4357 607 4412 Ι
624 4356 715 4420 ᾤχοντο
727 4353 864 4419 φεύγοντες]
876 4355 913 4406 ci.
929 4354 1090 4405 Ohnlnoennd.
1104 4367 1128 4417 p.
1139 4357 1194 4415 400,
1208 4361 1223 4405 5
1238 4375 1244 4404 :
1258 4358 1283 4405 αἰ
1296 4358 1337 4419 μὲν
1350 4356 1390 4406 οὖν
1403 4357 1500 4420 τριήρεις
1515 4355 1674 4419 (venetorum

71 4428 114 4491 qui
126 4426 334 4491 constantinopoli
348 4427 374 4480 in
386 4427 503 4477 nuboean
522 4426 679 4490 navigarunt)
697 4426 834 4489 ἀφικόμεναι
846 4424 986 4486 ἀγγέλλουσί
1002 4440 1026 4473 τε
1043 4426 1084 4483 τήν
1098 4427 1224 4482 Βυζαντίου
1244 4427 1392 4491 συμφοράν...
1408 4429 1448 4476 καὶ
1465 4431 1490 4477 αἰ
1508 4435 1576 4488 νῆσοι
1589 4432 1676 4495 σχεδόν

72 4516 94 4546 τι
111 4502 231 4561 ξύμπασαι
242 4501 351 4561 ὥρμηντο
366 4496 389 4553 i<
402 4499 485 4559 φυγήν.
503 4495 557 4560 ΙΙ·-
567 4496 744 4560 καταχθεισῶν]
754 4508 790 4545 m.
801 4502 825 4553 2,
838 4499 1013 4558 κατασχουσῶν
1025 4508 1059 4544 m.
1076 4501 1097 4545 i.
1110 4496 1121 4558 ΙΙ
1133 4521 1166 4533 -
1180 4501 1215 4557 τῷ
1228 4499 1328 4561 Κεφάλῳ
1337 4497 1464 4562 λεγομένῳ,
1481 4500 1564 4564 ᾰκρα.]
1578 4502 1615 4551 Gi.
1630 4502 1673 4553 lib.

73 4574 96 4628 2,
109 4572 147 4627 16,
157 4575 180 4620 2.
197 4569 208 4633 ΙΙ
221 4568 282 4632 ·-§.
299 4575 322 4618 2.
336 4566 481 4630 ίπιπλεύση]
498 4581 533 4617 m.
546 4574 576 4628 2,
589 4568 680 4630 Αἰγαίῳ
691 4565 845 4616 ε’πιπλεύσασι
856 4578 889 4614 rn.
905 4570 925 4614 i.
941 4563 951 4628 Ιή
963 4564 1106 4627 -θρασμὸν
1118 4566 1278 4632 ἐθουλεύσντο]
1289 4568 1323 4630 ἀρ.
1337 4569 1372 4618 δά.
1384 4569 1425 4617 καὶ
1435 4569 1519 4618 αύτοίί

102 4641 207 4691 Lxxvl.
224 4638 338 4703 Χαλίλην]
350 4640 460 4697 Καλήλην
476 4637 552 4701 codd!
563 4666 594 4675 -
605 4634 766 4700 αἰκισάμενος]
783 4635 950 4698 μιμησάμενος
961 4633 1016 4698 (eie)
1026 4647 1122 4699 margo,
1134 4635 1200 4698 quod
1222 4636 1297 4687 suerii
1316 4636 1515 4701 τιμωρησάμενος.
1534 4640 1673 4691 Secundum

73 4710 248 4761 osmansndem
257 4711 282 4761 in
293 4720 368 4773 opere
378 4709 446 4774 quon
455 4708 596 4759 inscribitur
603 4707 753 4759 Hediiainl
770 4707 878 4756 Wneern
891 4706 917 4767 (i.
926 4720 949 4755 e.
957 4704 1043 4754 hortun
1052 4704 1215 4765 Vesirnrnrni,
1225 4704 1411 4757 Ghaiiiesteriin
1419 4706 1570 4769 perturbem
1578 4712 1674 4772 capiam

73 4780 112 4831 die
124 4782 149 4831 in
162 4794 284 4832 cernerem
297 4781 422 4843 ennjeetnn
432 4781 459 4830 ei
471 4779 619 4843 enpiiriiniis
633 4779 674 4829 die
687 4778 873 4843 quadragesimo
887 4778 896 4842 (
908 4784 937 4828 io
946 4781 961 4828 J
964 4778 997 4827 nl.
1012 4776 1086 4840 185³)
1098 4777 1243 4828 interiectus
1257 4782 1304 4839 est,
1321 4778 1419 4829 notente
1431 4776 1563 4829 nanneno
1572 4783 1595 4839 2,
1610 4794 1635 4844 p.
1649 4788 1672 4834 ⁵.

74 4851 240 4903 Sendeddinue
251 4858 274 4913 2,
286 4865 310 4916 p.
327 4853 370 4902 iii
382 4852 414 4902 de
424 4850 464 4900 his
482 4850 517 4899 iin
531 4848 606 4900 Ιιιιίιοί
621 4886 627 4897 .
641 4850 718 4900 Helii
734 4850 819 4899 Benna
835 4851 903 4899 eesir
915 4848 1016 4912 prende
1032 4845 1065 4911 sni
1078 4862 1128 4898 eon
1141 4848 1161 4897 li
1171 4852 1228 4899 enni
1242 4847 1400 4911 dependenti
1417 4847 1585 4909 στερεῖσθαι
1603 4849 1674 4914 depe

74 4934 110 4970 nn
123 4924 217 4987 ennete
230 4921 329 4972 d'nnnn
344 4924 452 4986 prinam
467 4917 495 4969 di
507 4919 580 4982 niie;
591 4931 657 4982 pern
673 4918 694 4968 li
715 4921 774 4969 suni
788 4918 946 4981 dependenti
963 4931 1013 4981 per
1030 4917 1134 4969 indniin
1152 4920 1223 4979 renio
1243 4918 1341 4982 snronn
1359 4917 1463 4969 laseieli
1485 4916 1571 4970 uberi.
1592 4923 1674 4972 inier-

73 4994 149 5042 notus
166 4991 242 5054 igitur
255 4991 361 5041 cireliles
381 4989 445 5040 soret
457 4986 527 5039 initio
543 4987 692 5051 sepiemhrin
704 4988 803 5039 mensis.
818 4989 958 5039 seeundum
975 4988 1122 5039 Phrnnizenr
1138 5002 1163 5051 p.
1180 4992 1234 5047 202,
1247 4994 1276 5038 20
1294 4991 1395 5051 captum
1413 4988 1471 5049 μετὰ
1486 4988 1566 5051 ὀλίγας
1586 4994 1673 5056 ἡμέρας

73 5062 225 5112 ἐθανάτωσεν.
244 5058 451 5123 Ginieeeondylnn
463 5074 488 5123 p.
505 5062 561 5116 ini,
575 5061 590 5107 4
604 5060 717 5109 nennium
733 5058 793 5109 dieii
803 5061 831 5109 οὐ
844 5064 924 5123 πολλῷ
936 5062 1032 5123 ὕστερον
1045 5072 1120 5122 qnam
1139 5058 1235 5109 vinnius
1259 5057 1439 5121 Adrinnnpoiirn
1459 5058 1582 5111 abducens
1595 5067 1670 5115 esset.

73 5132 155 5182 Obiier
168 5132 203 5183 rei
216 5130 478 5182 memineramus
491 5143 515 5194 p.
530 5133 584 5188 335,
598 5128 697 5179 omnino
705 5142 755 5179 non
766 5130 878 5180 meminii
891 5134 980 5179 [ineas.
995 5128 1005 5193 ή]
1018 5154 1049 5167 -
1062 5130 1120 5179 πολύ
1135 5146 1158 5177 τι
1172 5126 1265 5193 χρῆμα]
1277 5128 1335 5191 ὑπὲρ
1344 5130 1385 5184 τὰς
1395 5128 1424 5176 ι6’
1436 5128 1548 5191 μυριάδας
1561 5139 1668 5197 χρυσοῦ,
