3809 5859
510 361 562 421 ιιιι
583 357 791 420 εοεεοιιιιιι
814 341 1045 420 ιιιευιιειοιιε
1068 357 1229 421 nomm
1252 361 1277 422 1.
1641 361 1702 422 ιω

83 493 133 565 τὴν
157 492 307 576 ῥομφαίαν·
323 493 354 554 τδ
369 491 443 562 τόξον
466 492 621 552 ἐντείνεται·
637 488 675 566 μὴ
695 488 744 560 τήν
761 512 865 570 μακρο-
920 490 1034 563 πλησίον
1056 491 1153 550 πάθεσι
1180 493 1297 570 συνεχῶς
1321 491 1411 570 ἀλγεῖν
1432 490 1478 550 καί
1499 478 1701 571 σπαράσσεσθαι

83 581 182 660 θυμίαν
195 581 318 664 ἀφορμήν
332 581 553 661 καταφρονήσεως
563 578 680 652 λάόητε,
692 578 729 655 μή
739 577 808 637 κατθ
819 581 867 650 τῆς
920 577 969 650 τὴν
981 580 1082 660 ψυχήν.
1125 581 1183 640 Ποῦ
1193 584 1237 637 νῦν
1252 579 1374 658 βασιλεὺς
1385 581 1591 662 όφιλόχριστοςς
1604 587 1656 643 ποῦ
1667 581 1700 640 τά

82 669 263 748 χρηστότητος
276 668 469 751 πονηρεύησθε·
494 667 563 727 α’λλά
578 669 634 732 πῶς
649 668 723 742 ὑμῶν
736 666 783 734 τὰς
796 689 866 747 καρ-
922 669 1105 747 στρατόπεδας
1119 672 1170 727 ποῦ
1181 666 1215 728 τδι
1227 667 1314 742 ὅπλα,
1324 666 1358 727 τά
1371 667 1572 748 μηχανήματα,
1584 672 1612 729 αῖ
1622 692 1702 751 στρα-

84 757 145 825 ὀίας
168 757 220 830 ήδη
241 756 453 838 φλεγμαινούσας
469 754 595 828 ἐπιξέσως
611 753 660 834 (τε)
681 743 723 813 'fl
748 757 865 835 κρεῖττον
919 757 1029 833 τηγικσί
1053 756 1148 836 βουλαί
1171 779 1200 815 τε
1222 756 1269 817 καί
1292 756 1474 835 παρασκευαίς
1499 760 1529 817 οὗ
1556 749 1700 838 βαρόάρων

84 850 129 904 νῦν
147 843 338 922 ἀλγυνομένους
352 843 495 914 ἐπιπλῆξαι
509 841 527 914 ἢ
542 843 638 902 ἐκεῖθεν
661 843 866 918 ἀνεπιτιμήτους
920 843 1008 903 ἀλλων
1022 844 1113 921 ἔφοδος
1134 847 1176 927 ἐφ’
1189 843 1285 914 ἑαυτήν
1308 849 1394 924 ταῦτα
1411 845 1661 923 πάνταμιτέστησέ
1671 871 1700 908 τε

83 933 160 1001 δίκας
185 933 326 1014 ὑφέξοντας
352 932 548 1014 παραπέμψαι,
573 931 619 990 καί
647 929 695 1001 τήν
729 936 866 1010 παροῦσαν
918 933 965 991 καί
979 933 1179 1009 μεθειλκύσατο;
1195 934 1243 1012 (τε)
1264 933 1319 994 Καί
1340 935 1463 1012 βασιλευς
1479 929 1528 1010 μέν
1549 935 1700 1017 ὑπερορίους

83 1021 224 1103 συμφοράν
239 1026 284 1082 τοῦ
299 1020 366 1101 πρὸς
386 1023 455 1097 ὑμᾶς
470 1017 581 1098 ἐλέγχου
607 1017 728 1098 συνεργὸν
743 1021 865 1098 προσλοι-
919 1023 1013 1089 πόνους
1026 1022 1071 1081 καὶ
1086 1020 1202 1102 μακροὺς
1219 1024 1333 1103 ἀνατλᾷ,
1347 1022 1484 1101 συναπήρέ
1497 1047 1526 1082 τε
1541 1024 1587 1083 καί
1604 1047 1699 1085 σαντα·

84 1107 142 1169 όιῖν
157 1109 175 1181 ἢ
190 1107 395 1180 διευλαόηθέντα
410 1111 444 1168 ’τὸ
462 1107 544 1176 πάθος
561 1107 741 1184 ἀνεξέλεγκτον
756 1109 865 1166 καταλι·
918 1110 1050 1191 λαιπωρεῖ
1063 1109 1094 1170 τὸ
1105 1111 1308 1186 στρατιωτικόν·
1319 1115 1390 1188 ἡμᾶς
1405 1112 1433 1171 δε
1448 1120 1462 1171 θ
1476 1116 1536 1170 κατ’
1550 1111 1700 1193 ὀφθαλμούς

83 1205 145 1258 πεῖν
159 1197 189 1257 τὸ
203 1200 349 1271 ἀπειθῆσαν
367 1198 413 1257 καί
434 1194 597 1276 ήμαρτηκός.
640 1197 677 1256 Τί
691 1185 749 1268 ούνς
763 1198 865 1256 ἐνουθε-
919 1197 1023 1277 ὀλεθρος
1045 1199 1091 1258 καί
1112 1199 1187 1281 φόνος
1214 1200 1337 1284 δαπανᾷ,
1352 1200 1406 1267 τοῖς
1429 1200 1477 1276 μέν
1500 1200 1631 1274 ἐπελθὼν,
1645 1209 1700 1270 τοῖς

82 1286 223 1365 τήσαμεν,
238 1285 439 1359 ἠτειλήσαμεν,
457 1285 514 1344 θεὸν
536 1282 698 1363 λέγοντες·ύ
714 1283 770 1351 θεὸς
787 1289 864 1362 ἡμῶν
919 1285 943 1345 δ’
957 1288 1009 1360 ἤδη
1029 1290 1216 1369 ἐπερχόμενος.
1258 1288 1306 1368 (αα)
1319 1288 1542 1349 ΤθδίΣκυθικθν
1560 1293 1699 1352 τοῦτοκαὶ

83 1375 226 1450 ζηλωτής,
246 1373 431 1454 μακρόθυμος,
453 1372 512 1432 ἀλλ’
526 1371 572 1432 ἐάν
593 1375 718 1453 ὀργισθῇ,
736 1373 775 1440 τίς
799 1377 865 1432 ὕπο·
918 1376 992 1452 ὠμὸν
1007 1377 1078 1443 ἔθνος
1091 1377 1137 1436 καί
1156 1375 1291 1457 βάρῦαρον
1305 1376 1332 1445 ἐξ
1350 1378 1437 1436 αῦτῶν
1455 1380 1509 1436 τῶν
1532 1382 1581 1450 τῆς
1596 1381 1699 1449 πόλεως

85 1463 228 1537 στήσεταις
251 1464 298 1543 (ιε)
316 1466 411 1523 Ταῦτα
432 1463 539 1542 ἔλεγον,
561 1462 631 1538 ἀλλ’,
651 1465 687 1530 ιῖις
709 1461 808 1534 ἐοικεν,
829 1464 865 1530 εἰς
919 1463 1063 1545 ἐξερπύσαν
1077 1464 1248 1543 προπυλαίων
1263 1470 1353 1540 μονιοῦ
1369 1463 1446 1537 δίκην
1462 1465 1556 1546 ἀγρίου
1576 1465 1610 1526 τδι
1623 1467 1699 1549 πέριξ

82 1557 138 1631 πῦρ
151 1551 266 1622 ἔξαινον·
280 1555 358 1611 τοῦτο
372 1552 423 1632 γάρ
439 1573 484 1625 μοι
498 1550 527 1609 τὸ
547 1557 591 1610 νῦν
613 1541 696 1623 εἰναι,
712 1555 747 1616 ῶς
761 1549 812 1609 είθε
826 1551 864 1629 μή
921 1554 1002 1624 αὐτῆς
1016 1553 1228 1630 κατινεμήσατο.
1271 1552 1321 1622 Τίς
1336 1543 1381 1614 οῦν
1392 1557 1469 1630 ἡμῶν
1483 1558 1699 1634 προπολεμήσας

84 1637 204 1721 ὤφελεν,
221 1639 451 1722 παροιμιάσασθαι
474 1639 636 1718 καίριον·οά
657 1639 708 1718 γάρ
733 1639 864 1719 ἐπεστρά·
919 1641 959 1709 τίς
986 1641 1225 1722 ἀντιπαρατάξεται
1252 1650 1306 1708 τοῖς
1337 1643 1455 1721 ἐχθροῖς;
1483 1644 1595 1704 Πάντων
1624 1646 1702 1723 ἡμεῖς

84 1731 237 1808 φητε,οάδέ
256 1727 448 1806 μετενοήσατε,
464 1726 522 1786 ἀλλ’
536 1725 682 1806 έόαρύναιε
702 1726 735 1785 τά
749 1716 806 1786 ῶτα
820 1733 865 1786 τοῦ
921 1732 1033 1810 ἔρημοι,
1054 1729 1221 1810 πανταχόθεν
1250 1729 1452 1810 ἐξηπορημένοι.
1495 1733 1544 1798 Τίς
1566 1732 1699 1806 ἐξισωθείη

84 1816 123 1894 μή
139 1816 284 1876 εἰσακούειν
297 1815 375 1894 λόγον
388 1814 489 1895 κυρίου.
534 1816 649 1893 (ιε),Διθι
663 1821 740 1875 τοῦτο
757 1815 865 1895 ἐξεχύθη
921 1822 1014 1898 θρῆνος
1041 1819 1098 1886 ταῖς
1130 1825 1291 1898 συμφοραῖς,
1321 1825 1396 1877 ποῖον
1425 1817 1557 1899 ἐξισχύσει
1587 1821 1699 1896 δάκρυον

84 1908 124 1986 ἐφ’
145 1911 217 1983 ἡμᾶς
240 1909 254 1965 θ
277 1903 358 1982 θυμθτ
382 1908 461 1964 αἰετοῦ
486 1902 531 1962 καί
554 1903 731 1983 ἐγρηγόρησεν
759 1905 784 1962 ἐν
808 1915 866 1971 ταῖς
920 1908 1067 1988 ἐπαρκέσαι
1086 1906 1151 1985 πρὸς
1173 1907 1202 1965 τὸ
1228 1906 1339 1985 μέγεθος
1355 1908 1407 1965 τῶν
1427 1909 1698 1988 περιστοιχισαμένων

84 1994 230 2074 ἀμαρτίαις
252 1997 342 2072 ἡμῶν,
363 1992 409 2052 καί
425 1992 456 2053 τθ
469 1993 610 2072 πρόσωπον
633 1994 712 2051 αὐτοῦ
730 1991 864 2074 ἐστήριξεν
918 2000 991 2074 ἡμᾶς
1005 1998 1155 2076 δυσχερῶν;
1175 1993 1222 2073 (τε)
1237 1994 1323 2075 Δεῦρό
1338 2018 1382 2072 μοι
1403 1999 1456 2054 τῶν
1470 1999 1612 2078 προφητῶν
1626 2019 1701 2073 συμ-

85 2083 220 2164 ἐφ’ήμῦς.
263 2081 425 2160 ιοἰμοιότι
441 2079 760 2162 ἐμακρύνθηὴπαροικία
776 2103 827 2157 μου
843 2109 865 2155 ν,
919 2083 1085 2143 παθέστατε·
1106 2082 1283 2163 συνθρήνησον
1309 2080 1359 2156 τὴν
1373 2081 1571 2163 Ἰερουσαλήμ,
1596 2087 1625 2144 ού
1652 2085 1700 2158 τήν

84 2170 132 2229 καί
147 2171 185 2248 μὴ
198 2180 303 2253 μακρᾶς
316 2171 395 2242 ούσης
411 2169 480 2247 μετά
500 2175 547 2229 τοῦ
567 2170 713 2251 ψαλμιρδοῦ
734 2169 866 2248 βοήσομαι
919 2172 1038 2231 παλαιὰν
1053 2172 1171 2248 ἐκείνην,
1183 2171 1271 2239 ἔθνους
1290 2169 1345 2238 ἐνθς
1367 2173 1398 2230 ἐκ
1418 2183 1480 2248 μιᾶς
1505 2171 1577 2252 ῥίζης
1597 2171 1700 2233 δώδεκα

86 2259 172 2320 Δαυίδ
193 2261 254 2341 (ps.
274 2281 340 2337 119,
354 2255 865 2339 5),ἐμακρύνθη·ὅτιαύκείσηκούσθην
920 2261 1033 2341 στελέχη
1049 2261 1248 2339 βλαστήσαντος
1269 2260 1317 2331 τήν
1340 2261 1521 2341 μητρόπολιν,
1539 2261 1608 2321 ἀλλὰ
1633 2287 1701 2342 ςυμ.

86 2352 268 2428 παρακαλῶν,
283 2347 323 2407 ότι
337 2347 411 2428 νέφος
427 2346 567 2426 βαρόάρων
583 2345 636 2428 θ’ρῶ
650 2353 704 2412 τοῖς
717 2345 866 2423 πταίσμασι
919 2348 1007 2422 πάσης
1030 2351 1077 2419 τῆς
1103 2351 1272 2427 οἰκουμένης,
1292 2348 1420 2422 ὀπόσηνό
1439 2353 1609 2430 Χριστιανῶν
1630 2353 1701 2430 λαμ·

86 2436 329 2518 καταξηρανθείσαν
351 2437 399 2506 τήν
422 2436 498 2495 πόλιν
520 2437 597 2511 ἡμῶν
615 2435 668 2502 τοῖς
682 2433 793 2512 αἰμασιν
808 2437 865 2493 ἐπι·
918 2438 1010 2520 πρύνει
1025 2437 1136 2515 θεσμὸς,
1148 2436 1196 2509 τήν
1210 2437 1297 2518 χρόνῳ
1311 2437 1358 2495 καὶ
1372 2439 1464 2498 κάλλει
1478 2439 1525 2497 καί
1537 2439 1640 2518 μεγέθει
1654 2441 1700 2500 καί

86 2525 235 2594 κλάζοντας.
280 2523 327 2605 (τε)
344 2523 426 2602 Οίμοι
440 2522 481 2583 ότι
500 2525 543 2584 ἐπί
560 2522 660 2588 τούτοις
681 2523 865 2604 ἐφυλαττόμην
919 2525 1103 2605 λαμπρότητι,
1129 2525 1311 2605 πολυπληθείφ
1335 2547 1364 2584 τε
1388 2529 1442 2585 τῶν
1466 2527 1633 2586 ἐνοικούντων
1655 2528 1700 2589 καί

86 2618 139 2680 τοῖς
152 2621 243 2680 κακοῖς
258 2613 325 2692 ἐγὼ,
340 2610 379 2671 ότι
391 2639 403 2666 α
414 2611 575 2692 ἐγενήθημεν
585 2612 680 2678 όνειδος
691 2612 744 2679 τοῖς
753 2614 865 2689 γείτοσιν
919 2613 1079 2694 πολυτελείφ
1093 2613 1284 2682 δεσπόζουσαν·
1295 2611 1472 2693 ουνθρήνησόν
1484 2636 1529 2692 μοι
1539 2614 1639 2686 ταύτην
1650 2618 1699 2688 τήν

86 2703 177 2778 ἡμῶν,
191 2700 372 2780 μυκτηρισμὸς
386 2701 431 2759 καί
443 2700 594 2782 χλευασμὸς
604 2700 656 2766 τοῖς
666 2699 755 2780 κύκλῳ
765 2704 841 2777 ἡμῶν
852 2729 865 2753 ι
920 2701 1112 2782 Ἰερουσαλήμ,
1126 2705 1177 2782 οῦχ
1192 2702 1309 2762 ἀλοῦσαν
1324 2701 1375 2777 ήδη
1393 2701 1437 2761 καί
1454 2703 1542 2784 χαμαὶ
1554 2707 1699 2782 πεσοῦσαν,

87 2790 147 2866 [Ρε.
165 2793 215 2864 78,
229 2793 269 2870 ἐς),
279 2790 320 2849 ότι
330 2789 474 2871 βαρβάρων
490 2792 598 2857 ἄπιστος
613 2789 706 2869 δρόμος
722 2791 769 2848 ούκ
784 2785 866 2849 ἔδωκε
919 2788 979 2848 ἀλλ’
995 2789 1069 2869 ἐγγθς
1085 2789 1208 2870 κειμένην
1228 2795 1273 2849 τοῦ
1291 2789 1393 2850 ἁλῶναι
1418 2791 1464 2849 καί
1489 2794 1541 2858 τοῖς
1561 2791 1700 2870 δρωμένοις

85 2882 119 2958 τῇ
133 2878 210 2959 φήμη
225 2878 316 2959 καιρὸν
335 2877 473 2956 ἀγγελίας,
486 2879 521 2945 ὡς
536 2876 567 2936 ἀν
581 2900 622 2944 τις
637 2876 768 2955 ἀσφάλεια
791 2899 864 2957 περι·
919 2879 1143 2956 κατασειομένην·
1167 2877 1344 2959 συνθρήνησον
1364 2876 1414 2950 τὴν
1432 2878 1556 2959 βασιλίδα
1574 2884 1626 2939 τῶν
1648 2884 1698 2938 πό-

85 2968 206 3043 νοηθείη,
221 2968 289 3026 ἀλλὰ
304 2966 448 3047 σύνδρομον
472 2965 549 3046 ἔσχεν
563 2970 581 3038 ή
597 2965 643 3026 θέα
662 2965 710 3036 τήν
725 2964 806 3036 ἀκοὴν
821 2966 865 3025 καὶ
919 2969 1004 3039 λεων,
1016 2968 1063 3026 οἰκ
1078 2966 1249 3046 αἰχμάλωτον
1262 2966 1414 3046 ἀγομένην,
1426 2967 1494 3027 ἀλλά
1507 2973 1554 3039 τῆς
1568 2969 1699 3048 σωτηρίας

84 3056 114 3115 τὸ
129 3054 303 3130 πεπονθέναι,
317 3055 417 3136 χώραις
434 3055 529 3122 πόσαις
547 3053 696 3133 ἐθναρχίαις
715 3077 744 3114 τε
758 3053 804 3113 καί
818 3078 866 3114 πο-
919 3054 1023 3122 ἐλπίδος
1036 3053 1289 3136 ήχμαλωτισμένην.
1329 3055 1376 3135 (τε)
1387 3055 1509 3128 Ζήτησον
1524 3053 1595 3137 ὕδωρ
1608 3061 1641 3138 τῇ
1656 3081 1699 3116 κε·

83 3155 180 3224 ταμοῖς
194 3143 362 3225 ναυσιπόροις
381 3145 427 3202 καί
447 3142 580 3220 ἀλιμένοις
594 3141 722 3220 πελάγεσι
735 3145 788 3201 τῶν
802 3143 864 3202 ἐπε·
918 3144 991 3224 φαλῇ
1004 3145 1051 3202 καὶ
1068 3142 1154 3222 πηγάς
1177 3141 1298 3222 δακρύων
1318 3147 1371 3210 τοῖς
1386 3143 1549 3223 ὀφθαλμοῖς,
1563 3142 1608 3202 καί
1631 3168 1698 3224 συμ·

84 3234 223 3293 λασάντοιν
239 3232 434 3312 διιιργομένων.
477 3231 525 3308 (το)
543 3228 626 3306 Οίμοι
645 3230 686 3290 ότι
707 3227 778 3295 ἔθνος
792 3232 865 3308 ὠμὸν
918 3231 1064 3304 τένθησον·
1086 3231 1132 3290 καί
1156 3230 1285 3302 πένθησον
1310 3230 1351 3290 ἐπ’
1370 3233 1452 3311 αὐτῇ,
1473 3228 1514 3290 ότι
1536 3260 1548 3283 τ
1570 3233 1699 3294 κλαίουσα

83 3323 129 3380 καὶ
145 3323 275 3401 ἀνήμερον
285 3322 328 3380 ἐπ’
338 3321 425 3387 ἀδείας
437 3322 490 3398 δρῶ
503 3323 549 3390 τῆς
563 3319 665 3385 πόλεως
676 3318 864 3399 περιχεόμενον
918 3319 1045 3379 ἔκλαυσεν
1065 3322 1093 3379 ἐν
1115 3319 1204 3396 νοκτί,
1221 3317 1267 3379 καί
1289 3317 1323 3379 πθ
1348 3319 1450 3398 δάκρυα
1474 3321 1557 3392 αότῆς
1578 3322 1622 3381 ἐπὶ
1645 3324 1699 3382 τῶν

83 3411 129 3469 καί
148 3410 181 3468 τίι
195 3411 247 3490 πρὸ
265 3415 312 3484 τῆς
333 3409 434 3475 πόλεως
449 3406 620 3484 ληιζόμενον,
636 3408 724 3466 πάντα
747 3403 863 3487 φθεῖρον,
918 3408 1048 3487 σιαγόνων
1072 3411 1171 3487 αὐτῆς,
1195 3407 1241 3467 καί
1273 3410 1323 3488 οὐχ
1352 3408 1467 3489 ὑπάρχει
1492 3412 1506 3467 ὁ
1533 3413 1698 3489 παρακαλῶν

83 3501 172 3557 πάντα
193 3498 402 3574 λυμαινόμενον,
429 3495 537 3576 ἀγρούς,
558 3496 659 3572 οἰκίας,
684 3496 862 3575 βοσκήματα,
918 3498 1001 3571 αύτήν
1016 3524 1029 3551 ε
1045 3498 1166 3574 (Thren.
1188 3518 1213 3567 ι,
1229 3496 1274 3574 α),
1288 3495 1328 3556 ὅτι
1344 3495 1503 3576 «ἀμαρτίαν
1517 3497 1636 3578 ήμαρτεν
1650 3497 1700 3559 Ἱε·

82 3588 230 3667 ὑποζύγια,
253 3587 365 3666 γύναια,
386 3585 535 3664 παιδάρια,
556 3584 723 3664 πρεσόύτας,
746 3585 864 3659 νεανίας,
919 3583 1072 3664 ρουσαλὴμ,
1087 3584 1130 3644 δεδι
1144 3589 1220 3643 τοῦτο
1241 3586 1277 3650 εἰς
1296 3582 1376 3642 σάλον
1393 3583 1496 3662 ἐγένετο
1510 3613 1523 3638 ν
1539 3585 1593 3662 (lb.
1612 3608 1639 3659 1,
1656 3589 1696 3666 8),

83 3676 127 3737 δεδι
151 3677 257 3736 πάντων
275 3673 306 3734 τὸ
323 3674 393 3754 ξίφος
416 3673 582 3750 ὠθούμενον,
606 3671 707 3741 οὗδενθς
728 3673 864 3750 λαμῦάνον
917 3675 963 3732 καί
985 3677 1010 3734 οῖ
1034 3674 1176 3748 τεθηπότες
1203 3673 1285 3744 αὐτῆς
1315 3669 1364 3743 τήν
1392 3671 1468 3750 ἰσχθν
1491 3673 1697 3754 ἐξεμυκτήρισαν

84 3755 188 3838 οἰκτον,
203 3763 305 3830 οὗδενθς
319 3763 480 3844 φειδόμενον.
504 3761 645 3842 Παγγινής
663 3767 680 3834 ἡ
696 3761 861 3844 καταφθορά,
918 3762 1015 3837 αῦτὴν,
1034 3761 1075 3822 ότι
1099 3761 1267 3845 ἐξαπέστειλε
1283 3759 1371 3840 κύριος
1395 3765 1449 3840 πῦρ
1474 3763 1500 3820 ἐν
1525 3771 1580 3830 τοῖς
1599 3765 1698 3831 ὀστέοις

85 3854 118 3919 ῶς
142 3851 217 3932 ἀκρίς
239 3853 266 3910 ἐν
288 3851 370 3932 ληίιρ,
391 3850 437 3912 καί
460 3853 496 3918 ὡς
518 3849 630 3930 ἐρυσίόη
655 3855 681 3911 ἐν
708 3853 862 3927 ἀμπελῶνι,
919 3855 1000 3923 αὐτῆς
1014 3851 1183 3929 καίἐόάρυνε
1198 3849 1243 3908 τὀν
1257 3849 1332 3927 ζυγὸν
1347 3851 1427 3910 αἰετοῦ
1442 3851 1486 3909 ἐπί
1504 3850 1549 3911 τὸν
1564 3852 1697 3933 τράχηλον

85 3940 187 4014 μᾶλλον
203 3939 230 3998 δέ
247 3941 283 4005 ὡς
300 3937 424 4018 πρηστὴρ
446 3937 464 4010 ἣ
479 3940 568 4020 τυφὼν
581 3937 600 4010 ἢ
614 3938 773 4019 χειμάρρους
786 3937 803 4010 ἢ
818 3941 865 3998 οὐκ
917 3942 1009 4017 ἡμῶν,
1024 3942 1070 3999 καὶ
1085 3966 1097 3991 ι
1111 3942 1207 3998 ἔδωκεν
1221 3939 1249 3996 ἐν
1264 3936 1357 4018 χερσὶν
1372 3939 1447 4014 ήμῶν
1461 3937 1554 4004 ὀδύνας
1566 3965 1578 3991 ι
1592 3939 1649 4021 (lb.
1668 3963 1695 4013 1,

87 4017 165 4085 οἶδά
182 4050 209 4086 τι
223 4025 291 4086 είπω
305 4029 340 4093 εἰς
353 4024 401 4096 τήν
415 4025 506 4106 χώραν
530 4029 605 4103 ήμῶν
628 4026 749 4087 εἰσπεσὸν
773 4028 864 4094 αὐταῖς
923 4030 986 4108 ιή),
1001 4027 1032 4096 ἀς
1046 4029 1076 4090 οὗ
1091 4027 1258 4104 δυνησόμεθα
1273 4029 1430 4097 ὑποστῆναι.
1475 4026 1524 4104 (τε)
1545 4026 1699 4108 Συνθρήνη-

85 4125 187 4191 γενεαῖς
201 4115 260 4182 τοθς
274 4123 459 4182 κατοικοῦντας
474 4116 607 4176 ἀνάλωσε.
650 4119 697 4196 (ει)
713 4117 865 4197 Μακαρίζω
918 4143 978 4191 σον,
993 4116 1034 4177 ότι
1055 4116 1172 4186 ἐξέλιπον
1188 4118 1216 4174 ἐν
1231 4113 1357 4193 δάκρυσιν
1379 4117 1403 4172 οἰ
1423 4115 1555 4194 ὀφθαλμοί
1570 4139 1636 4192 μου·
1655 4122 1698 4189 «ἡ

87 4203 147 4270 τοῦς
159 4209 206 4276 τῆς
219 4204 390 4281 τιαλαμναίας
404 4201 450 4262 καί
466 4203 601 4284 βαρόάρου
620 4205 706 4286 χειρὸς
729 4203 803 4285 ἔργον
818 4229 864 4283 γε·
918 4206 1005 4266 κοιλία
1014 4228 1064 4282 μου
1075 4204 1210 4284 ἐταράχθη
1218 4201 1263 4264 καί
1275 4200 1416 4282 ἐστράφηή
1427 4203 1523 4281 καρδία
1531 4227 1583 4280 μου
1590 4207 1617 4263 ἐν
1624 4206 1697 4280 ἐμοί,

86 4292 207 4369 γονύτας,
223 4293 263 4352 ὅτι
282 4291 436 4365 τεθνηκότες
450 4299 546 4352 θᾶσσον
564 4293 682 4371 διέφυγον
706 4293 754 4364 τὴν
776 4293 864 4352 συναί·
917 4289 1420 4376 ότιπαραπικραίνουσαπαρεπίκρανα.
1437 4289 1696 4365 Ἔξωθενήτίκνωσέ

87 4385 178 4454 σθησιν
190 4385 242 4440 τῶν
253 4380 443 4460 κατασχόντων
453 4384 527 4458 ἡμᾶς
537 4381 702 4441 ἀνελπίστων
713 4387 864 4462 συμφορῶν.
920 4407 952 4462 με
969 4382 1089 4462 μάχαιρα
1104 4410 1116 4434 ε
1131 4381 1177 4440 καί
1190 4409 1203 4434 ι
1215 4379 1340 4452 διήνοιξεν
1357 4382 1399 4438 ἐπ’
1414 4382 1460 4457 ἐμὲ
1475 4384 1488 4438 θ
1504 4383 1595 4462 ἐχθρὸς
1609 4381 1695 4456 στόμα

87 4470 121 4529 Εἰ
134 4469 161 4528 δὲ
177 4467 296 4542 αίσθησις
308 4461 340 4542 ήν
356 4469 443 4535 αὐτοῖς
457 4468 558 4536 τούτοις
572 4471 770 4548 ἀποιχομένοις,
785 4471 863 4548 ἐθρή·
920 4471 1010 4531 αὐτοῦ·
1024 4471 1069 4530 καὶ
1095 4468 1200 4550 έόρυξεν
1230 4468 1335 4535 ὀδόντας
1359 4469 1405 4526 καί
1434 4459 1507 4528 εἰπε·
1531 4468 1697 4545 καταπίομαι

87 4580 169 4630 νησαν
183 4558 216 4618 διν
230 4559 345 4618 κάκεῖνοι
360 4557 407 4617 σθν
419 4556 478 4634 ἐμοὶ
490 4557 549 4624 τοὺς
563 4558 603 4616 ἔτι
615 4557 770 4640 περιόντας,
787 4550 824 4618 ῶν
836 4583 865 4617 τε
919 4559 1032 4630 αὐτήν»
1051 4558 1107 4636 (lb.
1132 4579 1162 4630 α,
1182 4559 1241 4632 ι6).
1284 4557 1334 4636 (ετ)
1353 4555 1394 4616 Ὦ
1411 4558 1485 4624 πολις
1500 4557 1619 4636 βασιλὶς,
1635 4555 1716 4616 σίων

88 4645 130 4704 διδ
141 4647 238 4712 παντὸς
248 4649 382 4725 πάσχουσι
393 4647 438 4706 καί
448 4645 510 4706 οίων
520 4648 646 4723 ἀλγεινῶν
657 4647 865 4720 ἀναπλησθέντες
920 4651 1010 4706 κακῶν
1025 4648 1197 4728 περικέχυται
1212 4643 1306 4724 ὀχλος·
1319 4643 1365 4702 καὶ
1379 4644 1412 4703 τδι
1430 4643 1465 4702 σδι
1480 4649 1526 4714 τῆς
1540 4644 1639 4711 κοιλίας
1653 4646 1696 4722 έγ-

88 4736 134 4792 οῦκ
149 4734 379 4808 ἀπαλλάσσονται,
395 4734 440 4793 καί
460 4736 486 4793 ἐν
501 4725 524 4815 ᾧ
543 4739 680 4806 ζητοῦντες
695 4734 740 4794 τὸν
754 4736 865 4795 θάνατον
920 4758 984 4816 γονα
996 4735 1042 4794 καὶ
1056 4734 1089 4794 τὰ
1102 4733 1154 4815 πρὸ
1165 4739 1210 4793 τοῦ
1222 4733 1328 4806 ἄστεος,
1340 4731 1383 4812 [ἀ]
1392 4734 1522 4814 λαμπρῶς
1532 4735 1697 4806 ἐπεπσλιστο,

88 4823 136 4901 οὐχ
151 4823 308 4904 εὑρίσκουσι.
353 4823 399 4904 (αα)
415 4825 514 4904 Πολλῷ
532 4821 584 4902 γὰρ
610 4825 780 4905 αἱρετώτερον
796 4824 866 4893 ἅπαξ
919 4823 1029 4902 λαγόνες
1052 4824 1188 4895 θαλάσσης
1210 4823 1257 4881 καὶ
1280 4823 1361 4901 πυρὸς
1384 4821 1429 4879 καὶ
1455 4821 1589 4900 μαχαίρας
1612 4823 1697 4895 στόμα

89 4915 174 4968 θανεῖν
197 4918 244 4971 τοῦ
268 4913 310 4970 δεδι
335 4911 430 4979 παντὸς
453 4911 568 4980 ἐλπίζειν
583 4918 669 4973 θανεῖν
683 4912 729 4972 καί
743 4921 797 4979 τοῖς
812 4915 863 4971 τῶν
921 4912 1078 4994 βαρόαρικῷ
1092 4913 1165 4992 νόμῳ
1178 4913 1416 4990 διακληρωσάμενα
1429 4910 1619 4972 κατεσθίουσιν.
1655 4907 1698 4970 Ὦ
1739 4944 1750 4956 ·

1645 5030 1692 5040 ¹¹—-

88 5079 117 5126 N.
128 5078 138 5142 ΙΙ
147 5105 179 5116 -
190 5080 205 5144 §
220 5083 254 5130 18.
268 5079 330 5144 ἀρῶ]
343 5082 386 5142 ὁρᾶ
397 5079 468 5140 ουιί.ς
481 5093 530 5130 em.
540 5082 570 5129 N.
586 5079 600 5144 Ιή
610 5110 639 5120 -
650 5079 665 5144 §
682 5085 718 5130 19.
730 5079 837 5144 ἄπιστος]
848 5082 974 5137 ἀπυστοςῖ
987 5080 997 5143 ΙΙ
1007 5109 1037 5116 -
1048 5082 1075 5128 τὸ
1086 5078 1240 5142 πεπονθέναι]
1251 5079 1303 5128 τότε
1320 5077 1390 5126 πόθεν
1407 5078 1447 5126 καί
1460 5077 1531 5137 ουιλς
1549 5092 1596 5127 een.
1606 5081 1634 5130 N.
1647 5079 1657 5142 ΙΙ
1668 5109 1695 5117 --

90 5148 104 5212 §
115 5155 153 5199 21.
163 5153 191 5200 Εἰ
202 5152 227 5200 δὲ
239 5151 360 5216 αῖσθησις]
370 5155 386 5211 ί,
397 5154 418 5202 δ.
431 5170 455 5202 α.
466 5150 531 5212 σούς
542 5163 590 5201 em.
600 5153 640 5212 N.,
651 5151 695 5214 qui
704 5150 792 5201 deinde
802 5151 861 5216 legit
871 5154 948 5209 αὐτοῖς
960 5153 1049 5204 τούτων
1061 5152 1143 5216 ἀποιχ.
1154 5152 1166 5215 ΙΙ
1179 5151 1236 5216 -§
1248 5157 1285 5200 22.
1297 5150 1383 5214 ἄλλων]
1392 5152 1482 5214 ὠμῶν.3
1495 5151 1505 5214 ΙΙ
1521 5178 1547 5186 -
1559 5152 1620 5216 βῖῦ.
1634 5151 1698 5204 ‘Ava-

89 5221 146 5283 τίᾷί
159 5223 264 5273 άντντλεῖ
274 5223 337 5285 conj.
351 5225 381 5273 N.
399 5222 452 5287 ΙΙ-
465 5220 708 5290 περιστοιχισάντων]
718 5238 883 5288 περιστοιχησ.
899 5225 970 5286 cod.;
984 5237 1034 5275 em.
1045 5227 1075 5274 N.
1088 5222 1099 5287 ΙΙ
1115 5249 1145 5258 -
1157 5223 1172 5287 §
1186 5227 1224 5272 27.
1239 5224 1255 5272 θ
1268 5225 1325 5273 aule
1334 5223 1445 5286 λαμπρῶς
1459 5222 1563 5274 inseruit
1575 5225 1605 5273 N.
