3809 5859
605 802 1129 968 EUSEBIUS.

755 1134 1011 1159 ——oeoe—

157 1330 208 1391 1111
230 1330 310 1391 ΤΩΝ
336 1330 525 1395 ΕΥΣΕΒΙΟΥ
546 1334 703 1397 1111111101
723 1338 770 1401 Θ’.
974 1363 1015 1411 nx
1031 1366 1155 1416 susam
1171 1368 1385 1423 ussermann
1400 1377 1495 1427 ττιιττο
1510 1382 1597 1433 noso

73 1420 293 1482 liollIOPllls
318 1419 616 1569 ΘΕΣΣὲρὶερΝΙΚΗΣ
645 1425 723 1485 1110
754 1428 850 1487 ΣΚΥ-
1006 1453 1239 1507 rurssmomcs
1259 1460 1428 1515 sscrmrs
1444 1468 1585 1520 essessa.

114 1656 151 1715 Oi
172 1654 199 1715 δὲ
214 1653 420 1722 Θισσσλονικέες
440 1654 502 1715 οὔτε
516 1658 544 1715 ἐν
554 1660 592 1738 τῷ
601 1655 711 1739 τοιούτῳ
728 1660 849 1735 ἀδρανίις
937 1708 985 1721 .....
1005 1674 1057 1723 llec
1076 1672 1102 1722 in
1119 1674 1162 1725 tali
1183 1689 1266 1728 rerum
1285 1678 1426 1731 (tigmine
1452 1685 1680 1741 Thessaloniaem

69 1745 233 1824 εὑρέθησαν,
244 1742 313 1801 ἀλλὰ
326 1752 393 1805 τοῖσι
408 1745 535 1821 ἑτοίμοτσι
551 1746 760 1825 εὗρισκομίνοισι
774 1750 850 1807 δπλι-
903 1758 1040 1822 ignavosse
1051 1761 1224 1824 ostenderunt,
1239 1764 1283 1815 sed
1292 1766 1367 1818 armis
1378 1781 1435 1832 qnae
1443 1770 1469 1821 in
1484 1778 1600 1838 promptu
1609 1782 1680 1827 erant

69 1831 194 1911 σύμεναι,
203 1831 343 1899 συστάντες
354 1834 414 1900 τούς
422 1856 451 1893 τι
463 1834 606 1913 βιωμίνους
616 1834 712 1895 ίσθίειν
723 1835 848 1915 σίπόρξαν,
904 1846 1017 1898 instructi
1028 1850 1104 1901 unitis
1118 1852 1212 1903 viribus
1230 1853 1327 1905 hostem
1343 1858 1370 1907 si
1387 1858 1524 1923 irrumpere
1537 1863 1678 1916 studentem

69 1924 118 1978 καὶ
132 1924 159 1980 όν
172 1924 206 1999 τῇ
226 1924 334 1999 ταραχῇ
353 1922 419 2000 αὐτῇ
435 1925 487 1980 τῶν
503 1919 644 2001 βαρύοίρων
662 1946 735 1989 τινας
755 1946 848 2003 συνσρ·
903 1940 1085 2003 amuemnt,in
1103 1955 1183 2005 eoque
1198 1946 1307 1996 tumultu
1322 1946 1440 1999 barbaros
1456 1952 1586 2003 nonnullos
1601 1955 1679 2005 mm.

70 2008 210 2077 παίζουσιν·
226 2011 256 2067 τὸ
275 2008 306 2078 δὴ
318 2010 424 2075 πολλοῖς
444 2012 495 2069 τῶν
507 2009 558 2069 σίπδ
570 2014 616 2083 τῆς
630 2010 720 2078 πόλιος
731 2014 845 2089 ἐζωγρη-
901 2022 1018 2081 puerunt.
1034 2020 1106 2078 Quod
1121 2023 1222 2085 quidem
1239 2025 1325 2076 multis
1342 2028 1485 2092 oppidanis,
1499 2031 1542 2093 qui
1558 2031 1584 2081 in
1601 2032 1680 2084 hostis

70 2096 161 2173 μόνοις
177 2097 307 2177 πρόφασιν
325 2100 372 2169 τῆς
387 2100 548 2174 ἀνακομιδῆς
561 2100 751 2179 παρεχόμενον·
763 2103 787 2158 οῖ
796 2102 846 2180 γὰρ
902 2107 1051 2167 potestatem
1061 2112 1194 2174 venerant,
1205 2112 1324 2162 redeundi
1332 2114 1486 2166 occasiomm
1494 2118 1679 2182 pmhuit3narn

70 2184 105 2256 δὴ
134 2182 262 2265 βόρόαροτ
284 2185 350 2266 ὑπὲρ
368 2190 414 2245 τοῦ
436 2185 595 2265 κομίσασθαι
609 2186 668 2253 τοὺς
690 2186 844 2268 σφετέρους,
901 2192 1001 2244 barbari
1016 2198 1044 2245 υ1
1053 2210 1112 2246 snos
1120 2204 1306 2262 recuperarent,
1318 2202 1385 2252 haud
1400 2217 1492 2267 paucos
1503 2218 1603 2268 corum,
1614 2220 1679 2271 quos

67 2272 185 2340 πολλοὺς
199 2277 249 2331 τῶν
265 2264 332 2351 εἶχον
352 2272 475 2341 λαθόντες
494 2274 633 2332 ἀπέδοσαν·
650 2272 704 2333 οὔτ’
718 2272 760 2333 dre
779 2266 846 2347 ἦσαν
900 2280 946 2345 ipsi
962 2287 1085 2346 ceperant,
1099 2285 1266 2338 reddiderunt.
1277 2291 1362 2352 Neque
1373 2292 1472 2353 quaudo
1484 2292 1582 2343 barbari
1591 2295 1678 2346 nubem

67 2358 180 2437 φθάντες
190 2362 213 2418 οἱ
229 2360 359 2439 βαίρόαροτ
373 2360 441 2419 ὥστε
456 2362 609 2441 τῇσρετίρῃ
632 2366 742 2441 στρατιῇ
757 2372 847 2421 πᾶσαν
900 2368 1041 2419 universam
1058 2372 1170 2421 exercitu
1185 2385 1231 2422 sno
1253 2372 1398 2437 cinxemnt,
1413 2378 1481 2428 cives
1499 2392 1528 2429 re
1545 2379 1679 2445 improvisa

67 2448 117 2521 τὴν
138 2446 215 2507 πόλιν
230 2449 494 2530 περιστοιχίσασθαι,
511 2451 586 2531 (καί)
602 2454 625 2510 nt
640 2449 689 2509 ἀνδι
703 2451 751 2522 τὴν
769 2452 846 2512 πόλιν
904 2450 964 2502 nihil
977 2452 1086 2503 hebttllii
1099 2466 1144 2503 laec
1147 2491 1194 2505 .....
1667 2444 1671 2449 ’

65 2535 141 2595 οὐδὲν
164 2536 214 2595 ὑπὸ
234 2542 278 2595 τοῦ
294 2538 494 2615 ἀπροσδοκήτου
508 2538 701 2616 οῖμύλυνθίντες
714 2538 819 2601 οὐδὲ...
965 2541 1090 2605 [Excidit
1101 2556 1194 2603 αττιτπτ,
1205 2546 1236 2594 nt
1247 2544 1363 2607 oldctcr,
1370 2546 1499 2613 solima]

287 2624 299 2648 κ
343 2629 354 2652 s
395 2627 407 2651 κ
449 2631 461 2660 μ
504 2629 517 2655 ι
559 2630 570 2653 τι
614 2628 625 2651 ιι

108 2712 190 2794 (ld-u·
203 2712 250 2785 τὴν
264 2712 323 2795 ὅθῑν
337 2713 419 2787 ⁰¹⁹³th
434 2719 478 2774 1οῧ
498 2713 630 2792 πῠλὲμῡυ,
644 2712 704 2774 051⁵
723 2718 776 2773 τῶν
794 2715 842 2772 ἂν·
931 2730 965 2794 (1)
1021 2730 1109 2795 licque
1115 2732 1258 2795 ipsiushclli
1268 2736 1386 2798 adspectu
1395 2738 1676 2800 nequesdversariornns

66 2800 218 2877 ῖῑπῠλίμων
233 2804 424 2882 ἅπθρθηθῆναῑ,
439 2804 485 2861 καὶ
497 2804 523 2871 ἔς
533 2803 566 2861 τὰ
577 2804 670 2883 ἀρήια,
686 2812 738 2868 τοῖς
751 2804 777 2860 ἕν
790 2806 843 2869 τοῖς
896 2818 1056 2869 interdictum
1068 2832 1136 2881 esse,
1149 2822 1174 2870 et
1187 2834 1265 2883 quum
1278 2822 1310 2871 ad
1321 2822 1423 2884 bellica,
1432 2825 1523 2888 quibos
1537 2828 1562 2876 in
1574 2830 1676 2892 puerili·

68 2890 199 2962 ειαιδηίοις
213 2891 358 2969 δθύρμασιν
370 2890 524 2971 ἠρίστευεν,
541 2894 630 2971 ίωυτῷ
640 2890 786 2970 παρεούσης
802 2890 841 2947 εὖ·
896 2904 944 2954 hus
955 2902 1022 2953 ludis
1038 2902 1189 2967 excellebat,
1203 2908 1294 2969 praesto
1310 2906 1357 2970 ipsi
1370 2910 1438 2959 esset
1450 2910 1541 2961 eximia
1556 2912 1582 2962 τῃ
1595 2913 1676 2964 Mi.

65 2978 186 3058 στοχίης,
194 2978 239 3039 καὶ
251 2979 408 3047 τοξεύσαντα
421 2980 614 3060 ούκᾶμαρτεῒν,
625 2980 693 3038 κατδι
705 2978 731 3037 δὲ
742 2978 840 3037 κτεῖναι
894 2992 982 3043 pandis
994 2990 1084 3041 ictibus
1093 2990 1236 3054 dexteritas,
1249 2994 1324 3044 etiam
1334 2995 1491 3058 sagittantem
1502 3012 1517 3048 a
1527 3012 1600 3065 scopo
1608 3002 1675 3053 haud

68 3093 1669 3120 ..mm

100 3146 211 3196 Primum
224 3146 322 3200 Eusebti
343 3148 504 3212 fragmentum
513 3150 595 3198 exstat
610 3148 635 3197 in
645 3147 701 3197 cod.
720 3146 858 3196 Paciaeci
874 3142 1113 3202 lol.103vs.,iodea
1131 3157 1206 3193 versu
1223 3145 1341 3195 vicesimo
1349 3160 1430 3209 usque
1440 3148 1473 3197 ad
1484 3150 1557 3199 linem
1567 3151 1673 3215 pagium,

64 3218 172 3267 alterum
182 3216 268 3280 implet
286 3217 395 3278 ejusdem
407 3218 500 3269 codicis
513 3218 599 3269 lolium
621 3221 659 3268 17.
677 3216 851 3279 scribamque
864 3214 990 3278 scripserit
1001 3211 1070 3263 haud
1084 3213 1145 3263 satis
1160 3212 1306 3266 intellexisse
1319 3216 1521 3279 proditurverhis
1537 3234 1602 3284 scope
1619 3236 1675 3278 cor·

65 3288 147 3351 ruptis
167 3292 211 3338 snt
226 3290 289 3337 male
297 3290 387 3353 juneas
399 3289 548 3353 separatione
559 3302 603 3339 nec
614 3302 663 3338 ττοττ
681 3287 778 3345 omissis
789 3285 938 3337 accentibus.
953 3283 1094 3334 Secumum
1107 3285 1272 3349 fragmentum
1292 3300 1352 3335 num
1370 3287 1430 3337 ilem
1443 3287 1474 3336 ad
1494 3288 1677 3342 Thessalonicae

64 3360 218 3410 obsidionem
241 3360 397 3413 referendum
419 3361 452 3411 sit
470 3374 516 3411 nec
532 3374 572 3421 ne,
591 3374 621 3410 er
638 3362 691 3424 ipsa
705 3358 843 3409 narratione
856 3370 905 3407 non
917 3357 985 3420 patet
994 3373 1001 3415 l
1011 3358 1120 3405 attamen
1131 3356 1163 3405 de
1180 3355 1330 3407 Macedoniae
1342 3357 1405 3407 urhe
1420 3369 1558 3408 sermonem
1572 3372 1635 3419 esse,
1645 3374 1675 3411 cr

65 3430 149 3480 verbis
162 3432 262 3486 τάδτ.δ“ε
278 3432 380 3496 παράγε
398 3431 542 3482 Μακεδόνων
563 3434 641 3481 αὐτῶν
657 3432 701 3481 οὐκ
716 3432 809 3489 ἥκουσα
826 3429 857 3491 (§
880 3427 910 3489 7)
925 3426 1034 3489 colligas.
1059 3424 1133 3475 Liber
1148 3439 1229 3476 nonus
1246 3427 1320 3476 suerit
1343 3426 1424 3491 operis
1437 3427 1553 3486 ultimus,
1571 3429 1633 3480 adeo
1648 3435 1677 3481 nt

66 3500 218 3551 Herodoteas
230 3503 315 3552 illusas
323 3502 444 3553 Eusebius
455 3516 503 3553 nou
511 3502 586 3553 modo
599 3502 706 3552 dialem
714 3498 803 3559 ionica,
815 3498 859 3549 sed
871 3497 990 3548 librorum
1004 3507 1102 3557 quoque
1113 3508 1217 3545 nomem
1234 3496 1345 3547 imitatus
1355 3497 1397 3547 sit.
1409 3496 1594 3549 Thessalonicae
1606 3499 1675 3550 ohsi-

66 3572 161 3632 diones,
175 3585 231 3635 quae
249 3572 274 3621 in
287 3571 398 3623 historiis
409 3572 441 3622 ad
454 3573 512 3623 Cari
523 3572 582 3636 imp.
594 3585 674 3635 usque
684 3571 789 3621 moriem
799 3570 867 3636 [aas
868 3582 897 3635 p.
906 3564 954 3635 10.)
966 3564 1080 3615 deductis
1094 3565 1185 3615 osmari
1195 3566 1328 3629 potuerint,
1338 3566 1400 3617 duas
1408 3566 1530 3618 novimus.
1543 3570 1580 3618 De
1585 3569 1676 3633 priore,

66 3656 124 3705 quse
142 3654 206 3691 anno
218 3647 262 3691 153
275 3643 316 3692 vel
328 3642 401 3705 paulo
417 3645 472 3705 post
484 3642 531 3691 sub
547 3641 677 3691 Valeriano
696 3640 844 3703 imperatore
860 3626 957 3697 accidit,
972 3636 1007 3686 its
1020 3635 1094 3686 habet
1114 3637 1226 3687 Zosimus
1241 3643 1262 3697 1,
1281 3644 1311 3689 19
1325 3657 1331 3687 ι
1352 3640 1478 3700 Παρελθὼν
1493 3640 1518 3687 δὲ
1538 3642 1675 3703 Βαλεριανδς

67 3719 133 3774 κοινῇ
147 3714 228 3775 γνώμη
236 3714 292 3777 πρὸς
306 3715 347 3773 τὴν
358 3718 405 3762 τῶν
415 3714 475 3762 ὅλων
489 3714 573 3775 ἀρχὴν,
584 3712 689 3769 σπουδὴν
699 3713 800 3761 ἐποιεῖτο
814 3711 843 3759 τὰ
862 3708 994 3773 πράγματα
1005 3705 1031 3755 εὗ
1045 3707 1164 3755 διαθεῖναι.
1184 3709 1279 3756 Σκυθῶν
1296 3706 1322 3769 (l.
1339 3720 1362 3756 e.
1376 3705 1528 3766 Gothorum)
1540 3709 1566 3756 δὲ
1575 3708 1599 3763 ἐξ
1612 3704 1676 3765 ἠθῶν

68 3782 215 3833 ἀναστάντων
231 3786 271 3833 καῖ
292 3786 469 3847 Μαρκομαννῶν
490 3786 547 3848 πρὸς
555 3784 644 3839 τούτοις
655 3784 678 3839 ἐξ
690 3782 771 3843 epodon
783 3783 813 3829 τὰ
826 3780 942 3844 πρόσοικοι
951 3783 981 3842 τῇ
992 3778 1118 3839 Ῥωμαίων
1128 3780 1187 3841 ἀρχῇ
1200 3778 1277 3841 χωρία
1285 3778 1467 3837 λεηλατούντων,
1475 3780 1507 3833 εἰς
1519 3779 1622 3841 ἔσχατον
1633 3780 1675 3841 μῖν

68 3857 83 3911 ἡ
97 3854 257 3909 θεσσαλονίκη
268 3857 379 3917 περιέστη
392 3854 509 3914 κινδύνου,
523 3852 587 3913 μόλις
595 3853 668 3901 δὲκαὶ
684 3851 727 3900 σὺν
741 3850 805 3913 πόνῳ
818 3852 897 3913 πολλῷ
913 3854 954 3905 τῆς
964 3848 1098 3911 πολιορκίας
1108 3849 1224 3908 λυθείσης,
1232 3853 1346 3911 ταραχαῖς
1357 3850 1373 3905 ἡ
1383 3848 1465 3902 Ἑλλὰς
1474 3848 1673 3905 όίτταίζιτοπᾰσα.

70 3925 108 3973 Gi.
122 3926 226 3973 Zonaras
241 3929 276 3985 15,
290 3930 318 3975 13
328 3942 334 3973 τ
346 3926 377 3974 Oi
388 3941 413 3974 τε
422 3924 466 3986 γὰρ
484 3924 569 3973 Σκύθαι
585 3925 623 3973 τὸν
635 3923 726 3984 Ἴστρον
743 3920 860 3975 διαδόντες
875 3920 914 3967 καὶ
927 3916 991 3984 αὖθις
999 3918 1042 3974 τὴν
1054 3919 1170 3980 θρᾳκώαν
1180 3918 1259 3981 χώραν
1273 3916 1482 3979 ἠνδραποδίσαντο,
1498 3919 1536 3965 καί
1550 3916 1617 3966 πόλιν
1634 3933 1675 3966 πε·

70 4002 148 4057 ριρανῆ
163 3996 205 4053 τὴν
220 3995 395 4053 θεσσαλονίκην
419 3995 589 4057 ἐπολιόρκησαν
603 3996 653 4057 μὲν,
670 3994 699 4044 ού
720 3994 797 4055 μέντοι
815 3992 854 4040 καί
874 3990 945 4039 soon.
967 3990 1021 4037 Non
1041 3987 1077 4036 ita
1097 3987 1176 4037 multo
1190 3990 1255 4051 post,
1268 3991 1384 4049 regnante
1397 3986 1499 4037 Claudio
1512 3988 1536 4037 ll
1554 3989 1680 4055 (aea-270„

71 4078 95 4126 p.
110 4066 158 4126 o),
172 4065 270 4129 Scythes
288 4078 425 4128 eorumque
437 4065 496 4115 sccii
510 4067 599 4132 e'lpra
615 4064 691 4113 lluvio
701 4076 791 4127 magns
804 4075 860 4111 curn
869 4058 1070 4127 clnsseprohgti,
1084 4061 1215 4120 postquam
1224 4059 1313 4107 Tomos
1322 4060 1347 4106 et
1357 4055 1555 4119 Marcianopolim
1564 4052 1590 4106 et
1601 4056 1673 4118 cyzi-

71 4146 125 4183 cum
139 4134 232 4185 frustra
242 4138 404 4196 tentaverant,
417 4136 623 4199 παραπλεύσαντες
633 4138 673 4185 τὸν
688 4134 861 4193 Ἑλλήσποντον
874 4133 928 4197 ἄχρι
940 4147 967 4179 τε
982 4136 1025 4179 τοῦ
1045 4130 1107 4180 'Ater
1123 4132 1300 4195 παρενεχθέντες
1315 4130 1413 4178 κάκεῖσε
1426 4134 1474 4177 τῶν
1489 4128 1578 4177 πλοίων
1592 4128 1675 4191 tarpi-

71 4206 131 4254 λειαν
144 4207 307 4267 ποιησόμενοι,
322 4209 481 4271 Κασάνδρειαν
496 4206 725 4263 antecessionem
746 4204 909 4269 ἐπολιόρκουν·
925 4203 1033 4265 μηχανὰς
1052 4202 1077 4252 a
1091 4207 1140 4259 τοῖς
1149 4202 1236 4265 τείχεσι
1249 4200 1440 4263 προσαγαγόντας
1455 4200 1497 4247 καὶ
1513 4197 1578 4260 παρὰ
1597 4198 1674 4262 βραχύ

71 4280 112 4324 τοῦ
118 4276 203 4330 ταύτας
214 4276 272 4325 ῖλτῖν
286 4276 396 4339 ἐλθόντες,
408 4277 487 4335 ἐπειδὴ
498 4278 538 4325 τὸν
552 4278 652 4339 βασιλ.εά
663 4275 812 4338 (claudium)
821 4273 947 4337 spondisti
959 4272 1078 4330 teserem,
1089 4274 1172 4330 216le
1183 4271 1307 4335 μσόἵῑῑαν
1316 4270 1454 4327 difflue,
1465 4270 1496 4318 τὰ
1507 4269 1560 4331 mid
1567 4271 1674 4331 Ᾰθόῆθθν

71 4346 109 4393 καὶ
119 4344 262 4407 Πελαγσνίαν
276 4345 390 4403 ἐληίζοντο
402 4346 478 4395 πάντα
486 4344 570 4407 χωρία.
584 4346 642 4393 llaec
653 4345 765 4396 Ζοεὶττιυι
784 4348 806 4405 1,
821 4348 859 4394 le.
871 4342 910 4392 (tt.
923 4340 1059 4393 Trebellius
1083 4342 1159 4393 Pollio
1170 4342 1196 4391 in
1210 4339 1358 4401 claudiolc.
1374 4341 1399 4401 9)
1416 4341 1587 4401 εΡτιρτιαῖιιιτι
1597 4339 1674 4402 opud

74 4412 326 4475 Thessalonicenses,
343 4428 406 4478 quos
427 4416 539 4465 Claudio
563 4414 669 4465 αθσσιυα
682 4415 837 4465 obsederant
861 4414 977 4463 carboli.
1001 4415 1106 4462 Zonaras
1123 4418 1159 4472 11,
1174 4418 1205 4464 so
1216 4410 1320 4473 Scytlras
1329 4409 1515 4459 Thessalonicen
1533 4408 1674 4459 obsidentes
1745 4449 1748 4452 .

72 4486 180 4551 repulsos
200 4498 255 4536 esse
273 4486 316 4535 ait.
331 4488 504 4550 &effluentum
519 4485 617 4535 Eusehii
635 4488 720 4536 utrum
741 4486 771 4536 sd
785 4485 849 4535 hanc
861 4498 892 4533 an
908 4482 940 4533 ad
954 4482 1061 4544 priorem
1075 4482 1143 4532 illam
1161 4482 1229 4533 urhis
1240 4479 1393 4531 obsidionem
1404 4479 1561 4529 referendum
1570 4478 1612 4539 sil,
1623 4490 1672 4526 non

71 4555 87 4605 li
104 4559 153 4607 net.

89 4570 115 4691 q§
144 4630 166 4676 1.
183 4628 279 4691 ἐσθίειν]
306 4629 380 4677 εσθειν
395 4626 480 4677 codex.
495 4627 606 4677 Verbum
624 4628 734 4692 βιάζομαι
754 4627 875 4678 infinitivo
887 4626 1002 4690 junctum
1016 4622 1094 4675 habes
1115 4623 1181 4689 apud
1198 4620 1365 4686 Thucydidem
1381 4626 1405 4684 1,
1424 4623 1454 4669 19
1470 4622 1495 4669 et
1510 4623 1534 4678 7,
1551 4621 1590 4668 111.
1616 4616 1627 4677 ΙΙ
1643 4642 1670 4651 -

72 4694 177 4759 ἀπίρξαν]
191 4699 294 4761 απηρίαν
312 4696 395 4747 codex.
409 4700 523 4747 Fortasse
534 4697 655 4748 suseblns
672 4698 768 4762 scripsit
787 4698 906 4761 α’τπεϊρξαν.
920 4694 960 4745 Sic
975 4695 1001 4743 ill
1017 4695 1140 4744 Herodoto
1158 4701 1212 4754 hii
1228 4705 1315 4743 omnes
1333 4691 1430 4741 codices
1448 4688 1539 4739 habent
1556 4688 1671 4748 ῖξεῖργον;

71 4770 174 4817 attamen
188 4766 259 4831 longe
269 4766 386 4829 majorem
400 4768 568 4833 exemplorum
579 4782 709 4818 numerum
727 4768 883 4819 omissionem
896 4765 1022 4829 augmenti
1029 4765 1201 4816 commendare
1213 4766 1296 4813 monet
1308 4761 1450 4812 Dindorlius
1462 4758 1494 4809 de
1500 4758 1606 4808 dialecto
1619 4758 1672 4805 lle·

71 4838 147 4889 rodod
158 4852 180 4901 p.
192 4840 270 4888 xxll.
285 4836 297 4901 ΙΙ
307 4862 339 4874 -
348 4838 450 4903 ταραχῇ]
460 4841 546 4902 sapori
559 4838 614 4889 cod.
631 4838 641 4902 ΙΙ
654 4840 793 4903 -πολλο1ς]
805 4841 901 4895 πολλαῖς
916 4837 971 4886 md.
982 4840 993 4900 11
1006 4862 1039 4873 ·-
1051 4835 1141 4896 πόλιοςΙ
1152 4835 1241 4890 πόλεως
1252 4832 1306 4882 cod.
1316 4832 1326 4895 ss
1342 4857 1375 4869 -
1386 4829 1550 4892 ῖίωγρημὲνοτὲ
1562 4826 1602 4911 Tel
1614 4827 1672 4875 ίθῐλ·

72 4907 246 4972 ὶίωρρημίνοις]
264 4909 422 4970 εξω..ημενοις
441 4906 528 4969 codex,
547 4922 595 4957 ττοττ
619 4922 677 4959 sero
697 4910 741 4967 tro
754 4912 895 4973 κειμένοισι,
909 4912 939 4957 ut
949 4908 979 4973 Ι111
992 4908 1066 4957 Minae
1086 4904 1232 4969 apographo.
1254 4902 1265 4967 ΙΙ
1282 4930 1314 4939 -
1331 4902 1503 4965 παραχόμειον·
1519 4901 1541 4947 οῖ
1555 4896 1609 4961 γαρ]
1626 4913 1671 4945 πα·

73 4996 189 5043 ριχομενσι
203 4996 247 5043 γαρ
267 4979 322 5030 cod.
344 4978 355 5042 ΙΙ
369 5004 398 5015 -
412 4978 486 5043 εἰχον]
499 4979 635 5039 sic-codex,
647 4994 696 5030 ττοττ
709 4994 769 5032 roro
779 4982 851 5041 σίδαν,
860 4979 927 5042 quod
939 4978 1019 5028 llinas
1037 4977 1103 5041 legit.
1114 4979 1172 5026 Μοτι
1185 4976 1310 5024 απαδωσσν
1320 4972 1376 5022 cod.
1390 4972 1401 5035 ΙΙ
1411 4999 1442 5012 -
1457 4969 1506 5019 οὔτ’
1517 4969 1565 5032 ὅτε]
1578 4970 1624 5031 οὐχ
1633 4969 1672 5016 ὅτι

74 5048 153 5099 οοόοτ.
168 5051 285 5101 celerum
306 5050 327 5100 si
342 5049 392 5099 οὔτ’
410 5051 449 5099 ὅτε
465 5053 532 5101 recte
550 5048 637 5111 habet,
650 5051 677 5099 in
690 5064 758 5115 seqq.
772 5051 898 5102 abundare
907 5050 1007 5100 ridetur
1016 5050 1065 5100 καὶ.

103 5120 147 5183 §2
159 5119 331 5185 ἀντιπολέμων]
347 5120 516 5183 ἀντιπολεμίων
532 5120 619 5171 codex.
636 5119 693 5171 Vid.
710 5122 795 5186 Steph.
806 5123 880 5172 Thes.
897 5134 920 5169 s.
937 5123 987 5182 1.11
1003 5119 1150 5183 -ηρίστευι]
1163 5133 1266 5179 ευτισκεε
1279 5113 1334 5165 cod.
1352 5112 1362 5175 ΙΙ
1380 5138 1408 5148 -—
1418 5110 1515 5175 κτεῖναι]
1529 5127 1601 5161 τειναι
1615 5107 1671 5165 cod,

77 5191 128 5255 ¹1-
136 5192 305 5258 ίξαιρτομὲνου]
314 5197 459 5255 ιῖιιουμεναυ
469 5191 555 5252 codex,
565 5192 636 5242 itaut
647 5196 690 5249 ιξετ
699 5192 724 5243 111
736 5192 879 5243 ίὶττοτατεττε
890 5190 997 5253 positum
1011 5190 1053 5241 sit.
1065 5188 1076 5253 ’,1
1092 5214 1123 5227 ·-
1137 5186 1280 5251 πολεμίους]
1291 5188 1410 5246 πολεμουσ
1427 5181 1483 5235 cod.

859 5284 895 5341 cl
