3809 5859
165 389 224 447 roo
285 465 289 470 Ι
845 335 1092 442 anarrinon.

96 515 98 522 ’
162 519 227 573 viiie
235 557 244 586 ,
254 526 282 571 et
292 517 369 570 etant
377 511 487 566 monte's
494 527 543 565 sur
551 528 591 564 un
605 507 795 563 charoomble
808 505 858 560 des
867 523 936 561 sou·
993 503 1157 559 constantin
1170 501 1301 557 ordonna
1315 503 1331 557 i
1347 514 1410 558 tous
1424 504 1463 559 les
1475 505 1598 578 evtques
1612 504 1648 561 de
1665 525 1694 562 se
1705 511 1772 564 ren·

161 606 234 662 haits
254 602 290 658 de
308 599 494 674 l’empereur‚
513 599 547 652 iis
565 597 622 651 s'en
648 595 768 651 alienent
791 613 859 651 aveo
883 611 939 648 une
991 592 1037 646 nir
1050 590 1121 645 dans
1134 591 1161 645 ia
1175 590 1242 646 viiie
1256 589 1292 645 de
1301 592 1398 653 Nioee.
1412 592 1496 648 Alors
1515 593 1542 648 le
1555 593 1647 668 grand
1664 598 1710 651 roi
1719 599 1774 652 Ti.

161 690 269 770 grande
288 707 396 764 pompe
416 698 444 743 et
463 705 504 741 un
520 684 610 760 grand
624 685 753 758 cortege,
768 701 845 758 pour
859 700 938 738 eorn-
992 677 1086 734 ridate
1104 688 1132 732 et
1146 679 1173 732 le
1183 678 1258 734 saint
1275 679 1432 736 catholicos
1444 680 1774 757 Grigoire-euvoyirent

161 798 276 837 mencer
285 780 350 834 leur
364 777 446 850 royai
457 792 576 848 voyage.
589 774 632 829 On
643 774 683 828 les
694 772 831 828 comblait
839 771 940 828 d'hon-
993 764 1193 840 Rhesdaguen
1204 767 1285 820 muni
1292 766 1328 822 de
1340 777 1404 822 tout
1418 786 1450 823 ee
1459 769 1509 842 qui
1519 760 1590 824 stait
1602 771 1770 829 necessaire.

161 867 321 925 neursdans
332 864 471 923 toutesles
479 863 566 931 villes,
577 860 686 934 jusqu’t
694 879 727 917 ee
741 859 823 934 qu'iIs
834 859 940 916 fussent
994 853 1018 909 11
1029 853 1121 909 arriva
1135 871 1203 909 avec
1215 865 1278 910 tous
1290 855 1329 911 ies
1341 856 1466 930 triques
1483 856 1499 912 i
1512 875 1546 913 ee
1556 857 1649 933 grand
1662 863 1775 918 eoneiie

164 959 271 1013 arrives
288 974 324 1012 en
343 952 492 1022 Arminie,
513 949 582 1006 dans
598 951 626 1005 la
639 950 779 1024 province
793 948 938 1025 d’Ararat,
998 941 1032 997 de
1043 942 1130 997 Nicea
1153 943 1249 998 odiat
1265 945 1386 1019 exposee
1407 945 1591 1018 laeroyanee
1603 947 1776 1005 nniverselle

164 1045 222 1101 ila
234 1044 300 1100 vilia
314 1042 350 1098 de
368 1037 620 1114 vagharschabad‚
641 1039 678 1093 ori
694 1037 797 1093 etaient
814 1037 855 1093 les
873 1037 941 1092 cha·
996 1029 1190 1103 qu’ondevait
1200 1043 1344 1105 aceepter.
1361 1033 1406 1088 On
1420 1033 1516 1088 etablit
1526 1032 1581 1107 ¹des
1596 1033 1774 1110 reglesde'fi-

162 1134 250 1208 pelles
272 1131 322 1187 des
345 1129 449 1186 saintes
463 1137 614 1200 martyres.
630 1128 684 1182 Les
701 1135 863 1182 ornements
879 1124 956 1181 d’or'
995 1119 1071 1190 nies,
1091 1109 1269 1175 des‘canons
1292 1121 1475 1192 invariables,
1498 1121 1611 1178 suivant
1624 1124 1652 1178 ia
1675 1122 1774 1182 divine

164 1220 274 1277 donnes
287 1236 342 1294 par
360 1217 531 1290 I’ernpereur
546 1214 642 1269 iurent
661 1214 715 1268 mis
731 1213 800 1275 dans
821 1214 848 1270 le
867 1224 942 1269 torn-
995 1206 1112 1261 voloni&
1128 1205 1168 1262 du
1186 1207 1358 1264 Tris-Haut.
1366 1210 1404 1264 Et
1420 1209 1465 1278 li,
1479 1209 1507 1265 le
1517 1210 1609 1286 grand
1625 1229 1781 1286 empereur

163 1309 238 1366 heau
250 1307 299 1364 des
313 1307 425 1363 saintes.
434 1305 472 1362 Iis
483 1301 624 1360 eleverent
635 1312 664 1358 et
678 1301 812 1358 eruerent
821 1301 943 1358 d'antres
997 1293 1180 1364 Constantia,
1195 1297 1274 1351 etant
1286 1298 1381 1367 entre,
1397 1297 1523 1353 confessa
1537 1316 1566 1353 sa
1577 1297 1631 1370 foi,
1645 1310 1688 1368 et,
1705 1319 1775 1356 eou·

164 1398 272 1472 eglises.
288 1395 405 1453 Ensuite
429 1394 455 1448 ie
475 1390 568 1466 grand
583 1391 722 1466 Grigoire
741 1391 881 1466 entreprit
905 1390 941 1445 de
996 1382 1087 1436 ronne
1106 1380 1143 1437 de
1164 1383 1191 1438 la
1210 1383 1395 1440 benediction
1413 1383 1454 1440 du
1468 1385 1595 1456 oonoiie,
1615 1386 1637 1440 il
1651 1387 1733 1443 laissa
1745 1408 1776 1444 sa

163 1484 267 1541 rendre
290 1484 371 1538 visite
388 1482 463 1538 aises
486 1480 625 1554 premiere
645 1477 794 1553 disciples‚
814 1489 843 1534 et
859 1479 879 1532 ii
901 1479 942 1533 les
996 1469 1133 1524 mimoire
1142 1487 1192 1524 sur
1204 1471 1232 1526 la
1240 1481 1333 1542 terre,
1345 1482 1374 1528 et
1390 1471 1460 1528 dans
1476 1474 1517 1529 les
1531 1474 1615 1530 cieux
1626 1474 1647 1529 il
1658 1473 1777 1533 s’assura

165 1571 325 1629 confirmait
338 1570 407 1627 dans
416 1571 445 1625 la
457 1568 592 1624 ve'ritable
604 1567 783 1624 instruction.

478 1735 628 1790 CXXVII.

208 1899 236 1978 [5
254 1899 331 1976 169]
346 1901 460 1956 Ensuite
473 1899 500 1954 le
515 1898 606 1973 grand
620 1903 778 1974 et‘auguste
789 1917 954 1980 empereur·

166 2278 256 2354 τιμῆς.
278 2272 494 2340 Ἀναθιόάσαντες
515 2271 542 2331 δὲ
564 2271 657 2340 αὐτοὺς
671 2276 698 2332 ἐν
727 2276 941 2353 χρυσεμπιίστοις

167 2363 293 2443 ἅρμασιν,
305 2361 474 2428 κελεύσαντος
485 2367 531 2419 τοῦ
548 2363 683 2441 Καίσαρος
697 2361 792 2436 οὕτως,
810 2364 943 2442 προεπέμ-

166 2475 247 2511 ποντο
267 2453 403 2531 εὐπρεπῶς
426 2449 470 2506 ἐπὶ
492 2449 540 2520 τὴν
561 2449 700 2528 βασιλικὴν
728 2450 793 2509 ὀδόν.
810 2452 943 2532 Λαμπρό-

167 2563 241 2600 τατοι
256 2539 284 2598 δὲ
303 2539 424 2619 φανέντες
440 2536 538 2605 πάσαις
556 2537 613 2604 ταῖς
636 2537 741 2610 πολεσι,
759 2536 805 2596 καὶ
830 2539 899 2599 κατὰ
913 2541 943 2598 τδ

169 2627 303 2708 βασιλικὸν
324 2625 428 2704 ἀξίωμα
439 2625 514 2704 παρδι
527 2626 632 2683 πάντων
647 2625 815 2711 τιμῃθίντες,
829 2625 944 2705 ἔφθασαν

168 2718 204 2783 εἰς
215 2715 265 2787 τὴν
290 2717 342 2774 τῶν
359 2715 501 2794 Ἀρμενίων
524 2714 627 2793 χώραν,
653 2715 679 2771 ἐν
695 2714 802 2794 πατρίδι
816 2713 944 2794 Ἀραρὰτ,

168 2805 195 2861 ἓν
218 2804 293 2862 πόλει
315 2801 531 2880 θθαλαρσαπδιτ,
550 2798 611 2858 ἔνθα
624 2800 656 2857 τδι
676 2800 836 2880 κοιμητήρια
848 2795 880 2874 ἦν
895 2805 946 2862 τῶν
982 2838 986 2846 .

169 2888 323 2970 μαρτύρων,
350 2889 468 2968 φέροντες
487 2886 532 2946 καὶ
558 2885 592 2943 τά
629 2887 827 2966 παρασχεθίντα
861 2890 946 2968 δῶρα,

168 2977 265 3056 χρυσδν
291 2976 337 3035 καὶ
359 2975 471 3056 ἄργυρον
499 2975 545 3034 καὶ
564 2973 712 3051 τιμιώτατα
732 2975 830 3052 σκεύη,
847 2976 896 3035 ’ἐπὶ
910 2980 946 3056 τῷ

169 3065 308 3126 ἀναθέσθαι
326 3089 360 3146 τη
372 3063 504 3144 ὑπηρεσίᾳ
518 3067 565 3134 τῆς
580 3068 625 3122 τοῦ
637 3064 707 3123 Θεοῦ
722 3061 885 3136 ἐκκλησίας,
900 3064 946 3121 καὶ

169 3159 222 3222 τοῖς
232 3153 376 3234 εθκτηρίοις
390 3158 441 3212 τῶν
464 3152 616 3231 μαρτύρων.
630 3151 749 3210 Ἔδωκεν
765 3137 799 3208 δὲΙ
812 3150 857 3208 καὶ
870 3153 884 3208 θ
899 3150 946 3226 μί-

169 3267 217 3322 γας
234 3244 343 3321 Καῖσαρ
355 3243 390 3308 είς
400 3239 479 3317 τιμὴν
491 3244 543 3299 τῶν
552 3237 696 3319 ’μαρτύρων
705 3247 792 3319 χρυσᾶ
807 3238 947 3315 κειμήλια·

168 3332 193 3390 οἱ
205 3329 232 3388 δὲ
244 3329 291 3388 καλ
301 3329 510 3410 προσανέθηκαν,
525 3327 570 3386 καὶ
582 3326 661 3386 πλέον
672 3331 719 3398 τῆς
730 3325 795 3392 ἰδίας
808 3324 948 3397 ἐκκλησίας

170 3419 332 3494 ἰκόσμησαν.
356 3416 391 3476 ‘0
412 3416 439 3476 δὲ
462 3415 543 3494 μέγας
563 3413 708 3497 Γρηγόριος
727 3414 824 3493 ἤρξατο
843 3439 948 3494 περινο-

169 3510 239 3565 στεῖν
248 3505 309 3572 τοὺς
320 3503 555 3582 μαθητενομένους,
564 3504 610 3563 καὶ
624 3505 667 3566 ἐπὶ
678 3505 768 3561 πλεῖον
783 3501 874 3572 αθτσθς
885 3527 949 3577 στη-

171 3594 247 3674 ρίζειν
255 3597 295 3675 τῷ
307 3595 422 3674 ἀληθινῷ
431 3593 591 3672 κηρύγματι.

211 3687 309 3762 §169.
331 3683 439 3745 Τούτων
465 3681 492 3740 δὲ
515 3681 596 3747 οὕτως
617 3679 745 3760 ἐχόντων,
772 3681 840 3756 μετδι
865 3685 949 3738 ταῦτα

171 3775 332 3832 ἔκέλευσενδ
356 3769 437 3850 μίγας
457 3774 564 3851 Καῖσαρ
583 3767 733 3847 Αὔγουστος
747 3773 947 3834 Κωνσταντῖνος

172 3862 277 3920 σύνοδον
298 3859 403 3918 πάντων
418 3863 470 3917 τῶν
492 3857 641 3918 ἐπισκόπων
661 3856 781 3936 γενέσθαι
800 3859 873 3938 ἐντῇ
894 3860 948 3916 Νι-

171 3946 256 4006 καέων
270 3945 356 4004 πολει.
369 3945 436 4006 Τότε
457 3949 471 4004 ὁ
491 3947 572 4024 μίγας
589 3946 711 4025 βασιλεὺς
724 3945 891 4026 Τηρηδοίτιος
904 3945 949 4004 καὶ

172 4042 187 4095 ὁ
210 4035 281 4112 ἅγιος
304 4033 350 4093 καλ
376 4033 513 4102 καθολικδς
532 4039 555 4096 Γ
557 4033 675 4114 ρηγόριος
701 4034 949 4115 παρασκευάσαντες

174 4122 329 4184 ἀπέστειλαν
346 4123 390 4183 τδν
406 4122 574 4204 Ἀρωστάκην
591 4121 748 4200 ἐπίσκοπον,
771 4121 826 4180 υἱδν
850 4120 878 4178 δὲ
898 4125 950 4206 Ιτοῦ

173 4212 250 4292 ἇγίου
267 4213 427 4293 Γρηγορίου,
443 4211 637 4292 παραγενέσθαι
648 4213 674 4270 ἐν
689 4217 722 4291 τῇ
737 4207 860 4270 Νικαέων
876 4208 951 4268 πόλει

174 4302 241 4378 μετδι
257 4299 362 4360 πάντων
378 4303 429 4360 τῶν
454 4300 617 4380 ἐπισκόπων,
633 4299 693 4358 ἔνθα
716 4298 791 4379 πάσῃ
810 4297 950 4376 οἰκουμένῃ

173 4388 275 4462 ἐξεδόθη
298 4393 315 4461 ἡ
332 4390 440 4462 ἀληθινὴ
457 4389 600 4468 παράδοσις
620 4392 667 4459 τῆς
685 4387 812 4459 πίστεως,
833 4385 879 4443 καί
894 4387 952 4444 δια-

68 4519 70 4524 »
174 4476 257 4546 τάξεις
271 4480 323 4536 τῶν
338 4477 496 4559 ρωτορόρων
510 4477 637 4548 κανόνων,
654 4475 791 4552 δεδομέναι
803 4476 838 4543 εἰς
857 4464 950 4552 εθαρί-

174 4590 265 4639 στησιν
282 4571 326 4625 τοῦ
340 4567 410 4626 Θεοῦ
425 4571 472 4624 τοῦ
496 4565 615 4644 ὑψίστου.
630 4564 680 4624 Ἐν
697 4564 780 4645 ταύτῃ
801 4568 834 4644 τῇ
851 4563 951 4643 συνόδῳ

174 4655 296 4714 εἰσελθὼν
309 4659 324 4714 θ
338 4653 419 4732 μίγας
441 4656 549 4733 Καῖσαρ
564 4653 777 4730 Κωνσταντῖνος,
792 4651 949 4729 ὡμολόγησε

173 4743 221 4814 τὴν
236 4740 314 4823 ὀρθὴν
325 4741 425 4818 πίστιν,
444 4740 490 4801 καλ
502 4741 575 4820 παρδ
592 4741 681 4814 πάσης
697 4744 742 4812 τῆς
754 4739 860 4799 συνόδου
879 4740 952 4797 ιθλο-

175 4829 261 4907 γηθεὶς
270 4829 316 4889 καλ
331 4828 462 4908 στεφθελς,
477 4828 508 4887 ad
517 4828 654 4889 ἐπαινετὸν
666 4828 749 4903 ὄνομα
764 4829 790 4886 ἐν
804 4829 837 4904 τῇ
852 4830 885 4905 γῇ
900 4849 950 4884 κοι-

176 4917 293 4990 τίλιπεν,
308 4917 354 4976 καὶ
363 4915 410 4989 τὴν
429 4918 595 4992 δικαιοσύνην
611 4921 638 4990 ἐν
651 4921 690 4998 τῷ
703 4919 803 4996 οὐρανῷ
817 4912 952 4994 προέπεμ-

176 5003 317 5086 ψεν.“οδδ
336 5005 535 5087 μακαριώτατος
553 5005 719 5088 Ἀρωστάκης
730 5003 830 5083 ἤρχετο
850 5003 952 5078 ἐλλαμ-

126 5125 132 5136 ·
177 5093 247 5172 ρθελς
262 5093 315 5154 ert
329 5097 375 5166 τῆς
388 5093 502 5161 πίστεως
516 5097 562 5166 τῆς
580 5092 656 5172 ἁγίας
668 5091 714 5151 καί
727 5087 955 5170 θεοπρεπεστάτης

178 5183 285 5242 συνόδου
299 5181 347 5241 σδν
359 5183 412 5250 τοῖς
429 5181 522 5242 κανόσι
535 5187 587 5242 τῶν
600 5180 732 5244 Νικαέων.
748 5175 868 5260 Ἔρθασε
881 5174 908 5236 di
927 5177 954 5235 ἐν

999 1556 1025 1611 ia
1033 1557 1227 1631 recompense.
1235 1562 1276 1615 Le
1284 1560 1778 1638 bienheureuthesdaguds,etant

993 1646 1118 1717 reparti,
1133 1648 1227 1703 arriva
1248 1667 1284 1704 en
1295 1649 1428 1706 Arminie
1437 1667 1507 1706 aveo
1521 1651 1549 1706 ia
1558 1649 1778 1726 ioirespleudis·

931 1792 932 1796 ς
996 1743 1089 1808 sante,
1111 1745 1140 1789 et
1154 1754 1222 1791 aveo
1237 1736 1278 1791 les
1288 1755 1392 1792 canons
1408 1738 1442 1795 de
1455 1739 1555 1810 Mete,
1576 1737 1725 1795 confirmes
1746 1752 1777 1796 et

997 1823 1126 1896 acceptes
1137 1841 1190 1897 par
1203 1825 1288 1880 Dieu.
1308 1826 1392 1881 Alors
1405 1811 1571 1901 il⁴presenta
1591 1846 1627 1882 au
1638 1829 1684 1883 roi
1695 1839 1724 1884 et
1737 1847 1776 1883 au

996 1907 1068 1962 saint
1085 1911 1240 1967 catholicos
1249 1913 1274 1968 le
1287 1913 1376 1988 θέμόῑ
1388 1914 1457 1988 qu'ii
1471 1917 1546 1975 avait
1555 1917 1684 1990 apporti.
1697 1917 1781 1972 Saint.

1000 2302 1115 2354 υκαιαιυσ
1125 2295 1164 2344 est
1174 2296 1307 2346 cumomni
1315 2294 1417 2346 honore.
1432 2297 1497 2347 Cum
1509 2297 1675 2361 autemipsos
1687 2298 1777 2348 elevas·

1000 2387 1054 2436 sent
1065 2385 1093 2436 in
1106 2401 1196 2440 eunus
1207 2402 1270 2442 auro
1291 2388 1434 2450 distinctos,
1446 2391 1548 2454 jubente
1559 2391 1595 2442 sie
1607 2393 1770 2457 imperatore,

999 2477 1133 2531 honorifice
1145 2479 1302 2536 deduxerunt
1312 2483 1339 2534 iu
1354 2474 1422 2534 'viam
1434 2485 1533 2549 regiam.
1547 2485 1594 2535 Ubi
1609 2499 1670 2536 vero
1683 2486 1710 2535 in
1721 2499 1775 2535 oru-

1000 2573 1074 2624 nibus
1092 2575 1237 2629 civitatibus
1255 2579 1488 2646 mguidoendsaimi
1498 2583 1673 2644 apparuerant,
1689 2582 1717 2630 et
1727 2593 1777 2644 pro

1000 2670 1065 2732 reaia
1072 2670 1191 2734 dignitate
1199 2673 1231 2723 ab
1243 2674 1357 2726 omnibns
1369 2674 1466 2726 fueram
1473 2673 1598 2734 honorati,
1608 2675 1777 2738 pervenerunt

1000 2762 1026 2812 in
1038 2765 1161 2828 regionem
1175 2768 1311 2830 Armenios,
1326 2768 1352 2820 iu
1369 2768 1520 2832 provinciam
1535 2770 1638 2828 ararat,
1653 2767 1679 2816 in
1689 2767 1776 2816 urbem

1002 2859 1160 2924 vaiarsapat,
1181 2861 1225 2910 uhi
1246 2865 1316 2912 eraut
1336 2862 1449 2926 sanutus
1465 2865 1609 2926 martyrum.
1635 2859 1778 2910 meabat

1001 2955 1083 3003 autem
1091 2953 1193 3004 obtenta
1201 2954 1281 3016 dona,
1295 2969 1384 3006 aurum
1394 2959 1421 3007 et
1432 2957 1576 3020 argentum,
1591 2966 1699 3018 vasaque
1719 2966 1773 3016 pre-

1001 3044 1145 3107 tiosissima,
1155 3049 1221 3098 ntea
1232 3047 1380 3099 offerrentur
1390 3049 1417 3099 in
1430 3047 1595 3098 ministerium
1602 3045 1712 3098 ecclesie
1721 3045 1776 3106 Dei,

1002 3140 1198 3194 etoratoriorum
1210 3144 1355 3206 martyrum.
1369 3141 1443 3194 Dedit
1455 3144 1541 3194 nutem
1551 3154 1655 3206 maguus
1668 3141 1775 3204 impera·

1002 3232 1076 3282 torin
1085 3233 1203 3285 honorem
1211 3236 1430 3299 martyrumetiam
1439 3236 1583 3286 ornamento
1591 3246 1678 3293 enea,
1686 3231 1778 3282 trivero

1003 3328 1029 3376 et
1045 3326 1202 3384 obtulerunt.
1223 3340 1302 3391 eaque
1324 3327 1431 3378 oratorie
1449 3327 1543 3392 magis,
1562 3339 1638 3390 quarn
1656 3322 1779 3389 propriam

1004 3421 1145 3482 uoniam,
1162 3424 1321 3482 exornarunt.
1336 3425 1370 3472 At
1381 3435 1484 3486 magnus
1496 3421 1630 3485 Gregorius
1650 3419 1725 3484 eupit
1743 3419 1779 3468 in-

1004 3514 1084 3566 visere
1103 3513 1248 3579 δὶυοίςιιιίοσ,
1261 3525 1353 3578 eosque
1370 3513 1613 3577 verapraediratioue
1624 3512 1701 3580 ιιιιιιςίο,
1718 3524 1777 3561 eon-

1004 3607 1112 3659 firmare.

1034 3696 1049 3758 §
1062 3700 1116 3748 tot.
1129 3695 1205 3748 Hisoe
1217 3696 1254 3748 sie
1265 3709 1293 3747 se
1307 3695 1469 3755 habentibus,
1481 3698 1568 3759 postea
1577 3705 1684 3758 maguus
1696 3693 1780 3743 cesar

1006 3808 1132 3871 sagano
1145 3805 1320 3858 constantinus
1331 3805 1405 3867 iussit
1418 3804 1550 3854 οοιιοθίιιιιι
1562 3803 1673 3854 omnium
1685 3801 1781 3866 episeo-

1004 3928 1092 3979 porum
1103 3915 1244 3980 wugregari
1254 3915 1280 3966 iu
1295 3915 1356 3967 urbe
1364 3915 1454 3966 uinea.
1476 3916 1657 3977 Tncmagnus
1671 3925 1715 3962 rex
1731 3913 1778 3962 Te·

1004 4024 1115 4075 redatim
1128 4026 1154 4076 et
1170 4027 1272 4076 ιιιιοίιισ
1282 4027 1308 4076 et
1326 4023 1463 4075 catholieus
1478 4022 1621 4088 Gregorius,
1634 4021 1699 4071 iaeta
1714 4033 1780 4083 pre·

1004 4133 1144 4195 paratione,
1158 4132 1278 4184 miserum
1292 4136 1424 4184 Αιοιωοειι
1439 4130 1595 4195 erroneum,
1607 4116 1687 4178 nrum
1698 4125 1780 4177 saucii

1005 4236 1129 4302 Gregorii,
1139 4239 1170 4288 ut
1181 4249 1240 4287 oum
1250 4236 1365 4287 omnbus
1375 4234 1494 4300 ερίιοορίι
1509 4233 1608 4284 adessa
1620 4231 1647 4281 iu
1661 4230 1725 4281 urbe
1741 4229 1781 4280 iii·

1004 4355 1065 4402 eea,
1073 4341 1120 4392 ubi
1129 4340 1176 4391 toti
1188 4341 1279 4391 mundo
1290 4339 1357 4391 edita
1366 4343 1405 4391 est
1415 4353 1474 4390 vera
1483 4337 1541 4389 idei
1549 4335 1658 4398 auditio,
1671 4333 1781 4384 condita·

1005 4461 1054 4511 que
1062 4446 1184 4512 depositio
1193 4446 1486 4506 eanonumluoiierorum,
1496 4443 1575 4494 ambre
1582 4441 1623 4492 ad.
1632 4438 1780 4505 piaoendunr

1005 4555 1059 4604 Deo
1072 4551 1199 4607 aiiisdrno.
1209 4553 1264 4602 Ηοο
1277 4552 1403 4616 ingressus
1413 4547 1545 4599 concilium
1554 4557 1659 4610 maguus
1670 4544 1777 4607 impera·

1005 4661 1047 4709 tor
1056 4656 1246 4719 Gomtaufinus,
1256 4657 1385 4707 οοιιῐοιιιιε
1393 4657 1433 4704 est
1441 4655 1534 4704 reotanr
1543 4649 1628 4714 fidem,
1638 4651 1665 4700 et
1673 4648 1705 4700 ab
1713 4646 1781 4698 omni

1006 4761 1109 4813 coneilio
1127 4761 1215 4812 iausfia
1232 4758 1414 4824 preouu'onibus
1433 4757 1569 4807 honoratus
1588 4755 1615 4806 et
1634 4752 1779 4811 oorunatus,

1006 4864 1127 4916 laudabile
1143 4849 1233 4916 nornen
1244 4863 1269 4914 io
1281 4866 1348 4914 terra
1365 4861 1477 4926 reliquit,
1491 4863 1519 4910 et
1528 4857 1651 4923 jutitiam
1661 4852 1782 4918 premisit

1006 4970 1032 5022 in
1047 4972 1146 5023 ooelum.
1169 4972 1203 5020 rt
1220 4968 1378 5020 θειιίιιίιιιιιι
1403 4967 1549 5025 Arostaoes,
1571 4961 1710 5013 illustratus
1731 4955 1782 5006 iida

1008 5078 1087 5128 saneti
1095 5076 1220 5139 didnique
1231 5073 1335 5133 oonciiii,
1343 5071 1410 5122 venit
1419 5084 1476 5121 eum
1487 5067 1620 5119 canonibus
1627 5065 1783 5116 Nieanorum

1008 5186 1107 5249 panum
1126 5200 1132 5232 :
1151 5180 1347 5248 pervenitquein
1361 5177 1515 5238 Armeniam,
1535 5188 1565 5226 ac
1582 5171 1635 5238 regi
1651 5173 1677 5224 et
1697 5167 1783 5220 sancto
